3436 4224
1005 37 1411 141 box 17/1
305 46 811 146 11. Reigen
581 832 1415 950 Münchener Neueste Nachrichter
706 959 972 1070 18 3 04
478 1300 1421 1372 Schnitzlers „Reigen“ ist, wie aus Leipzig be¬
495 1362 1421 1416 richtetanlallung der Berliner Staats¬
498 1407 1411 1462 anwaltschaft für ganz Deutschland konfisziert worden.
540 1441 1413 1496 Der „Reigen“ ist schon vor etwa 1½ Jahren im Buch¬
499 1478 1427 1549 handel erschienen. Deshalb wird ihm die Maßregelung
484 1526 890 1604 nicht mehr sehr weh tun.
578 2791 1252 2915 Freisinnige Zeitung, Berin
865 2990 1127 3084 19 3.—4
448 3227 1535 3354 Schnitzlers=Lustspiel „Reigen“, ist, wie der „N. Fr. Pr.
863 3303 1550 3400 für ganz Deutschland mit Be¬
352 3304 849 3398 Jaus Leipzig gemeldet wird,
354 3379 841 3458 sschlag belegt worden.
2299 215 2650 316 Telephon 12801.
1920 292 3013 407 Alex. Weigls Unternehmen für Zeitungs-Ausschnille
2099 376 2821 505 „OESERVER“
1914 499 3007 583 I. österr. beuördl. konz. Bureau für Zeitungsberichte u. Personalnachrichten
2092 564 2832 650 Wien, I., Concordiaplatz 4.
2331 633 2588 698 Vertretungen
1924 677 2995 754 In Berlin, Budapest, Chicago, Genf, London, New-York,
1914 717 2996 799 Paris, Rom, Mailand, Stockholm, Christiania, St. Petersburg.
2182 768 2723 855 (Quellenangabe ohne Gewähr.)
1904 847 2358 933 Ausschnitt aus:
2156 909 3051 1040 e Deutsche Zeitung, Wien
1910 962 2070 1031 vom:
1800 1216 2961 1321 Kerrur Schnitzlers Buch „Reigen“ wurde im Deutschen Reich ver¬
1810 1279 2955 1361 eten, „weil es sich mit unzüchtigen Schilderungen des Liebes¬
1820 1325 2956 1395 lebens befaßt und gegen die gute Sitte verstößt“. Das ist jeden¬
1818 1358 2954 1439 falls ein literarischer Erfolg, auf den „Jung=Wien“ stolz sein
1810 1404 2956 1499 kann==. Wenn jemand eine Dummheit der Liberalen bekämpft
2105 2216 2485 2345 11
2602 2283 2952 2353 Tolephon 12801.
2700 2374 2812 2446 553
2099 2382 2720 2508 „OBSERVEF
1916 2466 2981 2556 I. österr. behördl. Konz. Unternahmen für Zeitungs-Ausschnitte
2097 2535 2808 2634 Wien, I., Concordiaplatz 4.
2322 2613 2584 2666 Vertretungen
1924 2634 2991 2710 in Berlin, Budapest, Chicago, Christiania, Genf, Kopenhagen,
1923 2707 2978 2756 London, Madrid, Mailand, Minneapolis, New-York, Paris, Rom,
2083 2736 2811 2810 San Francisco, Stockholm, St. Petersburg.
2262 2775 2652 2857 (Quollapengabe ohne Gewähr.)
2295 2817 2863 2927 egeVne
1923 2848 2317 2950 Ausschnitt aus:
2563 2919 3017 3027 Sdue
2192 2934 2419 3019 ADe
1928 2964 2055 3022 vom:
1782 3053 2947 3136 * Beschlagnahmt. Die Beschlagnahme des Buches „Reigen“ von
1742 3106 2953 3184 rthur Schnitzler bezieht sich nach einer Bekanntmachung der Staats¬
1747 3165 2949 3219 iwaltschaft auch auf die von Kratau aus vertriebene polnische Ueber¬
1741 3200 2456 3294 tzung, betitelt: „Taniec mitosci i Zycia“.
2150 3206 2980 3309 In letztwilligem=kenndlichem Gedenken wur¬
1827 3247 2110 3313 Zlllunezinten
