3532 4224
409 124 537 212 11.
1100 134 1523 233 box 18/2
606 147 916 235 igen
679 326 1254 441 Klose & Seidel
674 428 1242 499 Bureau für Zeitungsausschnitte
609 490 1297 560 Berlin NO. 43, Georgenkirchplatz 21
596 652 1315 726 Zeitung: Berliner Lokal-Anzeiger
591 713 704 778 Ort:
941 717 1093 787 Berlin
591 776 815 857 Datum:
801 846 1201 973 1 MA11921
646 1006 1459 1125 in neuer „Reigen“=(Prozeß. Die Aut¬
586 1046 1456 1166 fü#ng der Schnihlerschen S#enen „Reigen“, die
567 1096 1460 1212 e bertlls mehrmals Gegenstand gerichtlicher Erörte¬
594 1181 1459 1283 rungen gewesen sind, wird nun auch das Straf¬
579 1218 1459 1333 gericht beschäftigen. Bekanntlich hat durch Urteil
580 1256 1451 1374 vom 3. Januar 1921 die 6. Zivilkammer des
578 1288 1449 1409 Landgerichts III den Antrag der Direktion der
579 1324 1434 1442 Hochschule für Musik auf Untersagung der Auf¬
577 1366 1439 1489 führung des „Reigens" zurückgewiesen, nachdem die
571 1403 1424 1517 Mitglieder der Kammer einer Aufführung im
562 1441 1422 1555 Kleinen Schauspielhaus beigewohnt hatten und
568 1481 1426 1600 zu der Ueberzeugung gekommen waren, daß die
560 1517 1415 1636 Ausfsahrung uicht gregmet is dn sunate 2.
548 1547 1422 1676 sehung Antosh an eregent. Seiden sind zebt.
548 1597 1419 1714 reiche Eingaben an die Staatsanwaltschaft ge¬
546 1634 1416 1754 richtet worden, die den Erfolg gehabt haben, daß
546 1670 1405 1789 nunm# r die Anklage gegen Frau Gertrud
548 1705 1399 1823 Eysoldt, den Direktor Maximilian Sladek, den
543 1743 1398 1869 Seeiter Hubert Rausch und die dei der ant.
533 1779 1395 1908 Wrung mitdtrkenden vem Schauspiete un
529 1823 1264 1932 Schauspiekerinen erhoben worden (.
1323 1893 1398 1945 Die
529 1856 1399 1982 Benebdgum der Sagerkanten haben Hastg.
523 1900 1382 2020 rat Dr. Rosenberger und Rechtsanwalt Wolfgang
518 1942 1403 2080 An enonmen Diste heien aine deistge
491 1963 1177 2083 ebengen und Sachverständige gelaben.
716 2173 1389 2310 Klose & Seidel
778 2279 1344 2369 Bureau für Zeitungsausschmiten
712 2335 1389 2429 Bertin NO. 43, Georgenkirchplats 24
672 2508 1328 2612 Zeitung: Vossische Zeitung
670 2570 783 2639 Ort:
1015 2591 1157 2658 Berlin
665 2637 1090 2736 Datum: —
1001 2687 1336 2795 NUV·192
432 2823 1543 2879 Der kommende „Reigon“=Prozeß. Die Aufführung des
409 2879 1544 2917 Schnitzlerschen „Reigen“, die bereits mehrmals Gegen¬
415 2909 1552 2958 stand-gerichtlicher Erörterungen gewesen sind, wird nun auch das
397 2947 1546 3004 Strafgericht beschäftigen. Bekänntlich hat durch Urteil vom
420 3000 1566 3075 3. Januar 1921 das Landgericht III den Antrag der Direktion der
423 3047 1573 3105 Hochschule für Musik auf Untersagung der Aufführung des „Rei¬
424 3094 1574 3147 gen“ zurückgewiesen, nachdem die Mitglieder der Kammer einer
426 3131 1578 3185 Aufführung im Kleinen Schauspielhause beigewohnt hatten und zu
421 3169 1565 3220 der Ueberzeugung gekommen waren, daß die Aufführung nicht ge¬
418 3210 1494 3266 eignet sei, in sittlicher Beziehung Anstoß zu erregen. Seitdem
1502 3216 1564 3271 sind
423 3246 1561 3300 zohlreiche Eingaben, Entrüstungserklärungen, Aufforderungen zum
422 3288 1572 3346 Einschreiten usw. an die Staatsanwaltschaft gerichtet worden, die
420 3315 1573 3385 den Erfolg gehabt haben, daß nunmehr die Anklage gegen Frau
427 3361 1561 3425 Gertrud Eysold, den Direktor Maximilian Sladek, den Spiel¬
418 3394 1574 3460 leiter Hubert Reusch und die bei der Aufführung mitwirkenden
422 3440 1560 3496 9 Schauspieler und Schauspielerinnen die Anklage erhoben worden
419 3480 1566 3546 ist. Letztere werden beschuldigt, seit dem 22. Juni 1921 durch
418 3525 1566 3578 unzüchtige Handlungen fortgesetzt ein Aergernis gegeben zu haben.
416 3557 1565 3627 Frau Eysoldt und Direktor Sladek stehen unter der Anklage, die
417 3602 1557 3663 angeklagten Schauspieler durch Gewährung von Vorteilen, Miß
413 3633 1560 3692 brauch der Gewalt oder andere Mittel zu den strafbaren Handlun¬
409 3679 1556 3735 gen vorsätzlich bestimmt zu haben, der Regisseur ist der Beihilfe be
421 3711 1564 3778 schuldigt. Termin zur Hauptverhandlung ist auf den 5. Novem¬
414 3755 1571 3821 ber angesetzt. Seitens der Staatsanwaltschaft sind ungefähr 36
420 3791 1566 3859 Zeugen und Sachverständige geladen, darunter Professor Brun¬
411 3838 1562 3891 ner. Die Verteidiger Justizrat Dr. Rosenberger und R.=A.
413 3869 1567 3930 Wolfgang Heine haben ihrerseits gleichfalls ungefähr 30 Zeugen und
411 3910 1565 3982 Sachverständige geladen, darunter Dr. Max Osborn, Professor
413 3947 1557 4012 Klaar und den Sachverständigen der Genossenschaft der Dent¬
404 3986 1102 4059 schen Bühnenangehörigen Emil Lind.
1970 1398 2770 1509 Klofe & Seider
2000 1500 2742 1591 Bureau für Zeitungsausschnitte
2849 1512 3013 1594 51 nomje
2835 1548 2882 1611 50
1977 1562 2751 1665 Berlin HO. 45, Georgenkirchplatz 21
2923 1596 3018 1644 euf2
2929 1637 3015 1673 ueffe
2833 1602 2886 1675 8.
2934 1663 3020 1705 ea1
2835 1670 2883 1705 09
2928 1695 2991 1729 Oip
2829 1698 2880 1737 a0
2920 1717 3008 1757 119799
2923 1750 3014 1795 94117
2275 1755 2694 1851 Volkszeiten.
1944 1789 2129 1865 Zeitung:
2920 1797 2996 1874 9
2821 1808 2868 1879 15
2823 1874 2869 1908 013
2818 1898 2878 1939 ing
1953 1901 2050 1962 Ort:
2125 1893 2601 1992 Berlin
2819 1933 2889 2001 □0
1944 2009 2113 2071 Datum:
2110 2011 2277 2095 —
2301 2006 2702 2159 +NON 1971
2826 2095 3030 2159 ojlog - pat
2807 2150 2987 2231 gelauos
1882 2119 2999 2345 (Schon wieder der „Reigen¬
1904 2230 3046 2410 e dene Moich. — der Aistnrich her Gsentgen
1921 2316 3062 2472 Die Aufführung der Schnitzlerschen Szenen „Reiaen“, die be¬
1879 2360 3066 2516 reis mapremals Gegenstand ##tlücher Erörkerlngen gewesen
1876 2398 3066 2559 sind, wir#hun auch das Strafgericht beschäftigen. Bekanntlich
1871 2443 3060 2601 hat durch Oiteil vom 3. Januar 1931 die sechste Zivilkammer des
1859 2478 3053 2662 en un en Seiens er Keshen in Gesen en
1854 2523 3058 2686 Musik auf Untersagung der Aufführung des „Rei¬
1859 2575 3052 2728 gens“ zurückgewiesen, nachdem die Mitglieder der Kammen
1846 2617 3033 2765 einer Aufführung im Kleinen Schauspielhause bei¬
1845 2663 3028 2810 gewohnt hatten, und zu der Ueberzeugung gekommen waren, daß
1845 2698 3039 2868 die Aufführung nicht geeignet ist, in sittlicher Be¬
1833 2746 2485 2853 gleung Kustohzuerregen.
1886 2786 2324 2867 Seishage. Ged 2 KTan3=9.
