3484 4256
1004 163 1437 264 box 18/2
303 156 824 274 11. Reigen
932 798 1455 1014 GM. 0
686 1067 3109 1241 Schluß der Beweisaufnahme im „Reigen“-Prozeß.
386 1189 587 1266 zreußen.
1903 1216 3102 1295 hebung betont wird. Die Ernüchterung des ethisch Erhebenden
396 1253 673 1326 undes der
1916 1272 3095 1330 sei ein Nichts, wenn nicht etwas Positives dagegen gewährt wird.
690 1251 1881 1357 Drofessor Brunner als Gachverständiger
389 1314 668 1369 nem der Mit¬
1909 1317 3109 1370 Die Schlußszene zwischen Grafund Dirne wird nun auch von den
745 1331 1884 1403 Nach zweitägiger Pause begann heute vormittag der Schluß¬
1919 1358 3100 1412 Sachverständigen als besonders ethisch geschildert. Er aber habe
412 1351 672 1414 mit, daß für
690 1390 1874 1449 akt in dem Kampfe um den Schnitzlerschen „Reigen“
1912 1387 3096 1451 gekocht vor Zorn über die Heuchelei. Der Graf sagt bekanntlich
398 1398 661 1455 Intrag einge¬
1916 1425 3106 1484 zum Schluß die Worte: „Ich bedauere, daß ich sie nicht nur auf
691 1433 1881 1491 vor der sechsten Strafkammer des Landgerichts III. Auch heute war
405 1434 660 1495 ng aus dem
1922 1465 3110 1517 die Augen geküßt habe.“ Diese Worte sprechen einen ganz anderen
693 1471 1887 1527 wieder lange vor dem Beginn der Verhandlung gegen Frau Gertrud
420 1483 671 1541 schrieb, daß
1928 1502 3100 1557 Gedanken, als hier angeführt worden, aus, ein Gedanke, auf den
702 1519 1886 1577 Eysoldt, den Direktor Sladek, den Regisseur Reusch und
383 1514 659 1578 en Versamm¬
1914 1537 3104 1591 ich durch einen hochstehenden Mann gebracht wurde: sie beziehen
696 1561 1886 1622 die elf Darsteller des „Reigens“ der Zuhörerraum dicht gefüllt.
395 1562 659 1623 nd auch dies¬
1924 1575 3108 1628 sich darauf, daß der Graf befürchtet, geschlechtlich sich an¬
422 1599 676 1659 sich indessen
746 1604 1898 1667 Landgerichtsdirektor Brennhausen teilte zunächst mit, daß
1912 1604 3105 1670 gesteckt zu haben. (Bewegung und Entrüstung, im be¬
689 1642 1889 1702 der Angeklagte, Schauspieler Kampers, nicht erschienen ist, da er
393 1638 660 1700 rn Nast vor¬
1939 1638 3109 1702 onderen auch auf der Anklagebank.) Das ganze Stück
700 1677 1900 1737 am Sonntag zu einer Filmaufnahme nach Stralsund gefahren ist
1926 1684 3108 1737 sei exzessiv. es geschieht letzten Endes nichts als eine Verherrlichung
401 1688 665 1743 derr Nast hat
690 1715 1892 1771 und infolge Verkehrsstörung durch Sturm und Schneeverwehungen
1925 1721 3107 1772 der Exzesse in Seitensprüngen. Und wenn der Sachverständige
390 1726 668 1792 vir in seinen
692 1751 1888 1810 nicht in der Lage ist. zurückzukehren. Frau Eysoldt und Direktor
1918 1764 3108 1811 Karnasch begutachtet hat, daß das Werk ein dauerndes Kultur¬
696 1787 1884 1845 Sladek erklären, daß sie gestern schon telephonisch ersucht hatten,
1929 1794 3101 1851 bild unserer Zeit sei, so sage er: das deutsche Volk habe das volle
389 1802 664 1876 orten, auch der
696 1815 1886 1887 Herrn Kampers sogar mit einem von Berlin aus entsendeten Auto¬
1923 1835 3101 1887 Recht, sich dagegen zu wehren, daß man in 50 Jahren einmal sagen
415 1860 672 1910 hat keiner
690 1867 1889 1920 mobil rechtzeitig zum Termin herbeizuschaffen. Da sich herausstellt,
1919 1876 3112 1920 kann, daß das der Typus der deutschen Ehe unserer Zeit sei.
424 1891 669 1946 Abkunft, alle
692 1895 1894 1961 daß Kampers offenbar absichtlich dem Termin fernbleibt da
1920 1908 3113 1960 Gegen ein solches Zerrbild müsse lauter Protest erhoben wer¬
379 1920 669 1983 zenband schlang
692 1940 1897 1999 er schon am Sonnabend geäußert hat: „Am Dienstag ohne
1919 1943 3109 1998 den. Es sei Respekt vor der Kunst, daß er sich dafür einsetze, daß
385 1954 673 2020 e, Christen wie
875 1966 1904 2033 beschließt das Gericht, die Verhandlung in Abwesenheit
1933 1983 3111 2036 sie nicht auf ein Bordellniveau herabsinke. Er würde
707 1983 870 2041 mich!“,
543 1999 661 2050 Die¬
1927 2007 3109 2075 gegen eine Aufführung des „Reigens“ nichts einzuwenden haben,
698 2023 1372 2075 des Angeklagten zu Ende zu führen.
422 2027 670 2094 Christen und
377 2048 429 2090 1
749 2033 1895 2110 Hierauf wird die Vernehmung des Sachverständigen Pro¬
1925 2051 3109 2115 wenn die Vorstellung in einem geschlossenen Kreise von ernsthaften
388 2075 667 2131 ls am 11. Juli
712 2087 1897 2144 essor Brunner fortgesetzt, der an den Angeklagten Sladek die
1919 2098 3106 2150 Menschen, die sich kennen, stattfinden würde Er müsse aber da¬
394 2111 669 2166 urde, da stand
698 2134 1894 2185 Frage richtet, ob irgendwelche Schutzmaßregeln gegen den
1917 2130 3110 2187 gegen ankämpfen, solange jugendlich=unreise Mensche die Möglichkeit
391 2151 664 2196 Türen der Ab¬
695 2170 1634 2235 Besuch Jugendlicher getroffen worden seien.
1928 2173 2700 2237 haben, eine solche Aufführung zu besuchen.
383 2179 671 2232 rne zu wehren.
754 2196 1894 2259 Angekl. Sladek: Nein, sonst wäre die Reklame noch größer
1974 2194 3111 2256 Professor Brunner wendet sich hierauf der rein geschäftlichen
390 2218 677 2285 resdener, deren
903 2236 1899 2294 Der Sachverständige erläutert sodann ausführlich die
1928 2242 3103 2299 Seite der „Reigen“=Aufführung zu und erklärt, daß ihm zugetragen
699 2242 875 2308 gewesen!“
416 2262 671 2323 ich frage alle
696 2267 1893 2333 Motive seines zweimaligen Besuchs des „Reigens“ und betont aus¬
1918 2282 3118 2341 worden sei, daß seitens der Angeklagten geäußert worden sei: „Wenn
431 2288 674 2351 im Bund
385 2283 435 2348 er
710 2313 1900 2368 brücklich, daß er keinesfalls in die Theater gehe, um zu schnüffeln.
1919 2325 3094 2377 wir den „Reigen“ nicht herausbringen dürfen, dann sind wir pleite.
386 2326 671 2383 e Sie auf Ehre
702 2350 1893 2411 Er selbst habe häufig Films und Bücher, die von anderer Seite als
1974 2353 3114 2408 Rechtsanw. Wolfgang Heine protestiert gegen derartige Erkun¬
391 2367 667 2418 nilien Marien¬
699 2386 1901 2447 unzüchtig bezeichnet worden waren, als nicht anstoßerregend und un¬
1923 2393 2102 2465 digungen.
400 2400 670 2462 hat von euren
703 2425 1896 2489 züchtig bezeichnet und die Freisprechung der Betreffenden beantragt
1971 2422 3117 2481 Der Sachverständige beklagt sich unter Anführung von Einzel¬
391 2442 673 2499 h nur ein ein¬
701 2464 1894 2518 oder angeregt. Auch in der jetzigen Strafsache, in der mit vollem
1928 2466 3118 2529 heiten über die planmäßige Unzüchtigkeit der Dar¬
390 2474 672 2534 nd so, wie in
1756 2498 1904 2546 ange¬
934 2498 1772 2558 seine Sachverständigenqualität
1932 2495 3125 2562 stellung. Alles was „Handlung“ ist, zielt auf den Geschlechtsakt
707 2520 895 2563 Unrecht
398 2508 670 2573 in gewesen sein.
703 2533 1893 2601 zweifelt werde, würde er keinen Anstand nehmen, seinen Stand¬
1934 2542 3122 2601 hin und stellt eine starke Zumutung an das Publikum, und wird.
390 2551 684 2607 m 12. Juli die
706 2575 1899 2634 punkt zu verändern, wenn er belehrt würde durch die Größen, die
1925 2554 3115 2638 an verschiedenen Stellen geradezu eine Zote. Die Protestbewegung
388 2587 679 2642 berz und Mund
699 2598 1893 2671 hier aufgetreten sind. Aber er sei nicht belehrt worden. Er halte
1923 2604 3108 2676 gegen das Stück sei durchaus nicht künstlich gemacht, er habe durch¬
393 2619 681 2676 rstiea zum ge¬
699 2640 1898 2705 die Aufführung dieses Stückes für eine Ungeheuerlichkeit.
1925 2629 3118 2708 aus nicht, die Volksstimme systematisch bearbeitet und e Protest¬
391 2654 675 2715 zen Landsleute,
697 2686 1905 2744 die ihresgleichen in der ganzen Theatergeschichte Deutschlands nicht
1925 2690 3109 2744 bewegung sei auch keine antisemitische Bewegung,
398 2700 671 2754 1 die Harmonie
805 2718 1894 2779 In vollem Gegensatz zu sämtlichen Sachverständigen be¬
1932 2729 3120 2777 sondern eine Bewegung der Empörung gegen zahlreiche Dinge, die
381 2742 686 2793 der Sieg unser,
708 2736 814 2789 habe.
705 2754 1905 2825 gründet der Sachverständige die Berechtigung seines Standpunktes.
410 2766 682 2826 Kombattanten,
1930 2767 2771 2828 christlichen Personen jetzt geboten werden dürfen.
700 2793 1899 2860 wonach die Aufhebung des Stückes als unzüchtig erklärt werden
1984 2797 3109 2858 An das fast zweistündige Gutachten knüpften sich dann lebhafte
398 2801 668 2862 die Gefahr vor¬
702 2832 1899 2900 mußte. Er beschwert sich lebhaft über die innere Unwahrhaftigkeit,
1927 2836 3117 2897 Auseinandersetzungen zwischen Prof. Brunner
392 2841 677 2900 eil sie jüdischer
1702 2869 1897 2926 fortgesetzten
1510 2870 1639 2919 die
1361 2876 1527 2923 durch
1078 2876 1371 2938 dieser Kampf
1931 2883 3109 2931 und einzelnen Sachverständigen und der Verteidigung.
398 2880 678 2932 tig, perfid
934 2885 1037 2939 hier
1840 2905 1899 2955 ge¬
709 2907 1811 2974 Angriffe von Zeugen und Verteidigern gegen ihn
1925 2911 3116 2969 Insbesondere hält Prof. Wittkowski dem Prof. Brunner vor,
416 2914 677 2984 den deutschen
1832 2940 1900 2989 der
1622 2941 1776 2999 Freiheit
1504 2936 1594 2996 die
1226 2952 1329 2998 man
1359 2950 1454 3004 für
1058 2956 1235 3012 Wenn
1925 2950 3116 3005 daß er in der vorigen Sitzung behauptet habe, daß unsere Moral noch
860 2953 995 3010 werde.
715 2960 813 3014 führt
708 2981 1905 3044 Theaterkultur eintritt, dann müssen die Mittel befremden, mit denen
1930 2980 3114 3040 hente auf der Ethik Kants und seines kategorischen Imperativs stehe.
408 2980 687 3050 westpreußischen
712 3007 1900 3088 hier nicht sachlich, sondern mit persönlichen Invektiven gegen ihn
1925 3026 3119 3079 Auf Grund dieser Bemerkung müsse er dem Prof. Brunner das Recht
391 3037 684 3090 Kräften erfüllt,
710 3042 1906 3118 vorgegangen werde. Die Streichungen, die gegenüber dem
1931 3060 3109 3121 bestreiten, als Sachverständiger in sittlichen und künstlerischen Dingen
388 3078 688 3125 ung des Heeres.
710 3093 1900 3157 Buche vorgenommen worden sind, sind für den Charakter des ganzen
399 3112 681 3165 ataillon Briesen
1927 3111 2163 3165 zu fungieren.
704 3124 1901 3198 Stückes sehr irrelevant. Der Sachverständige führt die ein¬
1990 3132 3118 3193 Nachdem noch Dr. Oshorn und Dr. Alfred Kerr gesprochen
413 3140 679 3200 an der Grenze
715 3155 1912 3240 zelnen Stellen vor, an denen unter allen Umständen Anstoß zu
405 3186 681 3239 und Hof west¬
1940 3174 3128 3234 hatten, trat eine Pause bis 3 Uhr ein. Dann begannen die
714 3193 1901 3266 nehmen sei. Schon die Tatsache, daß am Schlusse der einzelnen
394 3219 687 3273 erfälle der Ko¬
1940 3222 2233 3300 Plaidoyers.
705 3237 1911 3329 Szemn in keinem einzigen Falle eine sittliche Er¬
403 3260 676 3315 eiger, and¬
410 3295 685 3350 zu machen, im
403 3321 682 3384 dat, ein Veteran
1922 3329 3116 3407 erhebt. Die Denkschrift stützt sich auf die persönlichen Erfahrungen
414 3368 686 3430 unerhörte In¬
1928 3383 3119 3444 des Verfassers und auf die Mitteilungen seiner Mitgefangenen, zu
710 3352 1899 3469 Oberschlesien und das Auswärtige Amt.
1940 3419 3131 3480 denen bekanntlich Toller, Mühsam und andere linksradikale
392 3437 682 3505 er Antrag auf
1922 3473 2664 3539 Führer der Münchener Rätezeit gehören.
1122 3461 1509 3539 Eine Unterredung.
389 3489 679 3543 nd Westpreußen
395 3525 691 3583 hl wie als Jude
757 3505 1906 3600 Dem oberschlesischen Berichterstatter einer Nachrichtenagentur hat
420 3564 686 3622 Bund noch
709 3566 1900 3636 eine führende Persönlichkeit der oberschlesischen Industrie über
2076 3529 2983 3655 Krisis in der Metallindustrie.
409 3597 691 3650 vür deloser,
704 3610 1909 3678 die infolge der Genser Entscheidung entstandene Situation und
403 3635 685 3691 tur gestellt
709 3653 1915 3719 die in letzter Zeit erfolgten Presseangriffe gegen das Auswärtige
2045 3647 3020 3733 Schließung der Nationalen Automobilgesellschaft.
402 3675 678 3725 Stolz, ein Deut¬
421 3709 697 3764 rrechtigte Stolz
707 3695 1141 3775 Amt folgendes gesagt:
1985 3708 3137 3783 In der Groß=Berliner Metallindustrie bereitet sich gegenwärtio
762 3717 1935 3815 „Die oberschlesische Entscheidung ist gefallen. Die Regierung
421 3751 682 3797 gkeit zu einem
431 3786 665 3828 ###n:.
