3444 4448
328 148 463 238 11.
1034 146 1438 235 box 17/4
528 159 843 249 Reigen
604 549 857 643 ZBAUR131
862 583 1547 672 Neue Hamburger Zeiteng.
1085 656 1326 742 Hamrburg
575 792 977 873 uraufführung erleben.
648 851 1662 957 Schwitzlers Reigen“ wird zurzeit allabendlich in
591 872 1643 1001 Moskau gessiett sogar mit den in Oesterreich verbotenen
591 926 744 986 Szenen!
630 948 1655 1081 Von-den nordischen Bühnen wird berichtet: Die
1080 1539 1235 1606 26.405
419 1578 1228 1661 Oeete rreichische Mer nzeitung
596 1651 1055 1749 und Handesblatt
646 1733 1005 1808 Mähr.-Ostrau
558 1842 1001 1954 Theater, Kunst
865 1905 1439 2027 und Wissenschaftt.
643 2026 1467 2102 — (Der. Direktor des Theaters an der Wien)
535 2081 1464 2160 Wilhelm Karczag wird am nächsten Dienstag,
547 2113 1466 2195 den 28. ds., 60 Jahre alt. Volle 16 Jahre steht
536 2156 1462 2238 Herr Karczag an der Spitze der populärsten Wiener
544 2204 1463 2284 Operettenbük e, deren Ansehen er entschieden ver¬
540 2274 735 2343 mehrt hat.
627 2272 1475 2382 * (Artunnitlers „Reigen“)ird zurzeit in
540 2336 1468 2419 Moskau allabendlich gespielt. Ds ist interessant, daß
538 2391 1468 2455 die nur aus dem Buch bekannten Szenen bisher
546 2422 1483 2504 weder in deutscher noch in anderer Sprache je auf
546 2490 929 2563 die Bühne gelangten.
805 2856 1083 2937 25 A06 917
1166 2975 1724 3072 Ktaes Witzer Jcurbal Vin
601 3198 1723 3298 * Artur Schnitzlers Szenenreihe „Reigen“ wird zur¬
494 3271 1722 3354 zeit in Moskau allabendlich gespielt. Es ist interessant, daß die
502 3322 1723 3403 nur aus dem Buch bekannten Szenen bisher weder in deutscher
502 3365 1510 3454 noch in anderer Sprache je auf die Bühne gelangten.
847 3438 1000 3499 „  —
2531 1577 2800 1665 Z4NOL 1917
1983 1656 2779 1788 Serfiner Zeitung dm Mittag, Sorlint
2263 1805 3031 1890 Schnitzlers „Neigen“ in Petersburg.
2292 1872 3012 1933 Nun erlebt doch noch Schnitzlers „Reit
2228 1907 2980 1966 das Rampenlicht, und zwar in Petereburg
2232 1953 3065 2006 Theater „Kriwoje Gerkalo“ (dem Zerrspiegel
2223 2000 3059 2055 werden gegenwärtig alle zehn Szonen ungekür
2236 2032 3059 2078 aufgeführt. Wie mnan weiß, lag der „Reigen
2236 2069 3085 2121 in den dramatischen Giftschränken aller Zensuren
2242 2112 3080 2156 rief unten, etwa neben dem „Tannhäuser im
2235 2144 3079 2195 Hörselberge“ Beardsleys, der sicherlich auch noch
2236 2193 3080 2237 in Rußland seine frohe Auferstchung finden wird.
2306 2225 3089 2274 Analoge Vorgange spielten sich auch in der
2241 2258 3085 2308 Revolution von 1906 ab. Damals wimmelten alle
2238 2293 3086 2354 Petersburger Bühnen von Evans vor dem Sün¬
2239 2344 3084 2401 denfall. Die kaiserlichen Zensoren, die keines¬
2239 2375 3085 2422 wegs ihre Tätigkeit überhaupt eingestellt hatten,
2244 2422 3085 2463 hatten nichts dagegen. Im Gegenteil, man er¬
2253 2452 3037 2511 hofste davon eine Ablenkung des Interesses
2239 2490 3027 2547 gefährlicheren Politik. Kurzsichtige, die na
2246 2528 3039 2582 lich keine Ahnung hatten von dem tiehen
2251 2564 2938 2621 famnmenhang zwischen Blutrausch und
2242 2603 3093 2660 die einander wech elleitig befruchten und be¬
2249 2643 3088 2696 feuern, wie bisher noch jede Revolution gezeigt
2251 2685 3094 2735 hat. So führt vom Palais Royal über die
2251 2716 3103 2772 bacchantischen Petroleusen der Commune eine
2239 2759 3100 2820 gerade Linie zu dem Petersburger eZrrspiegel
2257 2804 2428 2875 von 1917.
