3392 4256
264 93 407 176 11.
967 89 1363 181 box 18/1
458 96 778 194 Reigen
533 902 1243 996 Frau Durieux und der „Neigen“.
519 978 1316 1044 Frau Tilla Durieux, die sich in einem
451 1018 1319 1083 Gutachten gegen eine Aufführung von Schnitzlers
458 1068 1325 1128 Reigen“ ausgesprochen hatte und dastr
456 1080 1302 1166 Anwalt des Kleinen Schauspielhauses in der
443 1142 1312 1201 Scérichtsverhandlung den Inkonsequenz geziehen
457 1187 1308 1252 wurde weil sie im #enztheater in Suder¬
390 1191 1302 1294 Imanns „Freundin“## Homosexuelle spielt,
459 1254 687 1319 schreibt uns:
519 1282 1295 1367 Man wirft# vor, daß ich gegen die Auf¬
448 1343 1296 1403 führung des „Reigens“ gewesen bin, nachdem ich
454 1387 1299 1451 vor Kriegsg#cinnlern die „Freundin“ spielte.
457 1420 1300 1485 Gestattened#e mir, zuerst zu bemerken, daß ich
447 1468 1289 1526 nicht glzoe, daß sich ausschließlich verarmte
451 1496 1297 1555 geistigz nochstehende Beamten= und Professoren¬
447 1534 1289 1596 tö Plätze für 200 M. zum „Reigen“ kaufen
457 1558 1288 1636 #eden. Also wird wohl die Zusammensetzung
439 1606 1290 1676 es Publikums die gleiche wie in den Vorstellun¬
443 1657 1290 1710 gen der „Freundin“ sein, wo ich manchen ernst¬
357 1666 1296 1745 haften und bedeutenden Menschen unter den
409 1803 1254 1881 Zuhörern wußte. — Aber eben vor diesem an¬
402 1859 1253 1913 deren Publikum soll und kann man derartige
416 1898 1258 1946 Stücke nicht spielen. Gerade meine Erfahrungen
402 1932 1242 2013 bei den Aufführungen der „Freundin“, haben
407 1973 713 2038 mich das gelehrt.
462 2016 1249 2081 Und nun darf ich Ihnen noch ein Wort über
405 2061 1243 2109 meine, wie Sie vermuten, „reaktionäre“ Auf¬
407 2099 1244 2160 fassung sagen. Man hätte Recht, mir Spießer¬
403 2147 1252 2184 moral vorzuwerfen, wenn ich etwas dagegen
395 2182 993 2235 einwenden würde, sexuelle und —
997 2184 1254 2236 was moralisch
398 2216 1246 2277 wohl dasselbe ist — homosexuelle Motive auf
401 2256 1246 2319 der Bühne dargestellt zu sehen Ganz etwas an¬
403 2301 1248 2355 deres ist es, einen sexuellen Akt selbst auf die
405 2333 1246 2391 Bühne zu bringen, vor einem Publikum, das sich
406 2377 1250 2423 jeden Abend von den verschiedensten Wünschen
389 2419 1219 2469 getrieben im Theater wahllos zusammenfindet.
449 2451 1246 2509 Der literarische Wert der Stücke kommt nicht
397 2489 1241 2541 in Betracht; denn das reizende Schnitzlersche Büch¬
391 2528 1239 2584 lein aufgeführt vor einer unverständigen Menge
398 2565 1241 2628 kann unerträglich wirken. Ich bin Heuchlerin
388 2615 1250 2657 genug, um eine andere Empfindung mir zu glau¬
397 2654 1248 2703 ben, wenn ich den „Reigen“ für mich allein lese
389 2692 1243 2748 und eine andere, wenn ich ihn zusammengepfercht
391 2730 1249 2779 mit Unbekannten in einem Theater anhören
384 2768 1244 2821 muß. Uebrigens stehe ich mit meinem Urteil
394 2804 1247 2861 nicht allein, denn der von mir hochverehrte Autor
386 2836 1235 2902 Dr. Arthur Schnitzler selbst hat die Aufführung
384 2878 1240 2932 jahrelang verhindert, und mein Kamerad Alex¬
399 2922 1248 2995 ander Moissi hat sich wohl noch viel schärfer als
390 2954 871 3026 ich dagegen ausgesprochen.“
924 2979 1216 3069 Tilla Durieux.
1450 2611 1499 2662 r¬
1456 2758 1503 2814 r¬
1463 2904 1500 2949 he
1841 485 2802 573 Der „Reigen'=Konflikt ist mit der Aufhebung
1776 519 2808 620 der einstweiligen Verfügungsgegen die Direktion
1789 580 2795 656 Ensoldm##alek zahrsstislich noch nicht er¬
1780 622 2799 698 ledigt? De die ## ein# rterung des Falls
1780 661 2804 742 in der heutigen Pressekonfe## hervorging, über¬
1777 709 2793 782 nimmt das Kultusministerium in der Person des
1786 744 2792 806 Ministers Haenisch, die staatsrechtliche Verant¬
1776 789 2794 855 wortung für den „Reigen“=Feldzug. Obwohl Herr
1774 824 2801 904 Haenisch gegen jede Zenfur ist, hat er die Partei der
1780 871 2793 942 Kräfte im Ministerium ergriffen, die versucht haben,
1786 908 2800 987 den Vertrag mit Frau Eysoldt in die für die Zwecke
1758 947 2799 1024 der Hochschule geeignete Bahnen zu lenden. Sie hat
1753 1009 2797 1059 namlich das Kleine Schauspielhaus zu einem sehr
1757 1031 2781 1104 billigen Preis gemietet, und hatte sich, wie man weiß,
1753 1079 2800 1151 dafür verpflichtet, das Repertoire in einer Art
1785 1112 2796 1189 lebendiger Gemeinschaft mit der Hochschule zu ge¬
1773 1154 2789 1231 stalten — auch im Interesse der Hörer denen der
1773 1199 2788 1268 Zutritt gegen ermäßigte Gebühr zustehen sollte. Der
1782 1244 2787 1315 „Reigen“ wird vom Kultusministerium nur als das
1765 1256 2785 1351 letzte Glied in einer Kette von Aversionen betrachtet,
1771 1321 2781 1392 als das Tröpfchen, das das Faß zum Ueberlaufen
1773 1359 2773 1435 brachte. Und hingukommen noch mancherlei „schreck¬
1772 1400 2779 1464 liche" Dinge, die der Reserent im Kustusministerium
1768 1442 2782 1512 in einer Sitzung der Volksbühnen=Vereinigung ge¬
1775 1483 2773 1551 hört hatte, als die Rede auch auf „Reigen“ kam. Da
1771 1527 2787 1583 wurde mitgeteilt, daß Mitgliedern von Kayßlers
1771 1564 2774 1635 Volksbühne verweigert worden wäre im Kleinen
1764 1604 2783 1682 Schauspielhaus in dem verpönten Stück mitwirken
1769 1650 2787 1711 zu dürfen; man wußte von einer bemerkenswerten
1767 1695 2777 1757 Aeußerung Alexander Moisses zu erzählen die
1764 1729 2787 1810 jeder Darstellerin des „Reigen angeblich Verachtung
1765 1775 2772 1839 ausdrückte, und man kolportierte als Gegenstück einen
1764 1813 2772 1883 angeblichen Ausspruch Sladeks er habe ein so
1772 1850 2765 1925 schlechtes Sommergeschäft gemacht, daß er jetzt ein
1794 1895 2765 1957 tarkes Stück“ brauche. — Uebrigens hat man mit
1768 1910 2764 2009 Rücksicht auf die Empfindlichkeit der Hochschule dieses
1770 1982 2773 2051 „starke Stück“ sehr abgeschwächt, und z. B. gewisse
1771 2016 2769 2103 Szenen, deren Schauplatz ein Bett ist, außerhalb
1758 2052 1867 2104 dieses
1864 2065 2644 2123 Möbelstückes verlegt, auch an
2707 2076 2770 2126 die
1757 2090 2018 2150 Stelle der
2012 2101 2772 2172 immerhin für manche Empfin¬
1754 2129 2765 2211 dungen kränkenden Nachthemden volle Bekleidung ge¬
1752 2173 2763 2250 setzt usw. Die Inszenierung soll, nebenbei bemerkt,
1770 2221 2768 2290 iach dem angesangenen Regiebuch Max Rein¬
1751 2255 2772 2332 hardts erfolgt sein, der wohl noch irgendwie in
1758 2299 2758 2383 losen Beziehungen zu dem Kleinen Schauspielhaus
1749 2336 1857 2401 steht.
1813 2363 2057 2443 S
1597 2557 2813 2629 Dus Urteil im „Reigen“.=Prozesse, h(D rahtm. unsserer Beri¬
1523 2616 2802 2662 liner Schriftleitung.) Das Utteil iins „Reigen“=Prozesse ist
1518 2651 2793 2705 am Donnerstag gefällt worden. Das Berliner Landgericht hat dem
1532 2691 2793 2735 Einspruch der Direktion des Kleinen Schauspiel¬
1534 2731 2798 2780 auses gegen die einstweilige Verfügung, durch die unter Straf¬
1520 2777 2798 2818 androhung die Aufführung des Schnitzlerschen Stückes verboten worden
1529 2815 2443 2862 war, stattgegeben und das Verbot aufgehoben.
1606 2836 2786 2892 Uraufführung in Köln. Im ausverkauften Kölner Schau¬
1545 2883 2786 2931 pielhause hob man Paul Bourfeinds dreiaktiges Drama
1522 2930 2795 2977 „Der Ketzer“ aus der Taufe. Das Werk hat seines antiklerikalen
1528 2964 2784 3006 Inhalts wegen (im Mittelpunkt der Handlung steht Giordano
1532 3002 2792 3046 Bruno) zu Anfang der Spielzeit in der Stadtverordneten=Sitzung viel
1529 3038 2791 3086 Staub aufgewirbelt: die Aufführung ist jedoch schließlich durch einen
1529 3077 2793 3131 Kompromiß zustande gekommen. Bourfeind, ein Oberlehrer, und als
1528 3114 2783 3164 Sozialdemokrat Mitglied des Stadtrats, hat in seinem Drama keines¬
1535 3155 2794 3202 wvegs den Ideen= und Persönlichkeits=Komplex des Titelhelden Giordano
1535 3192 2787 3238 Bruno behandelt, sondern er bringt eine Episode, die, dichterischer Phan¬
1528 3228 2786 3280 tasie entsprungen, sich nur an der Grenze welthistorischer Erscheinung
1536 3269 2796 3320 ewegt. Geschichtlich ist nur das Gerüst der Gefangennahme und der
1537 3303 2791 3357 uslieferung Giordano Brunos, die übrige Fabel ist freie, auf Sen¬
1535 3345 2793 3397 sation gerichtete Erfindung. Donna Leonore; eine vornehme Vene¬
1530 3385 2794 3424 zianerin, ist von transzendentalen Zuständen befallen, die ihrer Um¬
1477 3417 2798 3476 1 welt Rätsel aufgeben. Der Arzt ist für Aderlaß, während die Kirche
2639 3476 2897 3600 1/ JMN 1934
