3444 4448
361 97 876 185 11. Reigen
1065 95 1476 193 box 17/7
1678 67 2435 115 maldemokrater och kommunister skille
1674 107 2441 166 spränga Wiens operahus i luften, dä den
1678 146 2440 218 första operamaskeraden äter gavs efter
1679 194 2430 259 trettioett ärs vila. Det gick de ohy##
1681 243 2436 305 ligaste rykten om maskerade horder,
1679 286 2434 338 som skulle tränga in precis vid tolvsla¬
1682 332 2429 387 get och skjuta ner krigsgulaschen och
1682 374 2324 438 ntlänningarna 1 operalogerna.
2346 378 2428 431 För¬
1671 412 2431 491 skräckta damer annullerade kostymbe¬
1671 473 2426 524 ställningar. Gulaschen och utlännin
1677 511 2424 571 garna betalade 20 000 österrikiska Kro¬
1677 559 2431 614 nen för en loge. Operamaskeraden blev
1678 604 2438 664 en glänsande tillställning. Den gav ett
1672 648 2425 704 par hundra tusen Kronen till operans
1676 697 2422 756 pensionerade och nödlidande medllem¬
1676 738 2433 791 mar. Man säg ej en enda maskerad
1677 776 2418 829 herrd, hörde ej den allra minsta bom
1665 823 2422 875 explodera. Och uu ges litet emelland
1669 868 2425 927 operamaskerader för välgörande ünda¬
1667 908 1754 965 mäl.
1701 956 2429 1026 Socialisternas stora skandal kom av
1669 989 2001 1058 sig, vid ingängen.
1712 1030 2418 1112 Den andra skandalen skulle etable
1665 1098 2420 1154 ras av det kristligt-sociala partiet vic
1659 1141 2421 1215 premiären av Schnitzlers ’Reigen“. Det
2458 54 3219 114 e
2472 104 3220 165 censuren förbjöd ej stycket. En av cen
2474 138 3232 199 sorerna yttrade pä generalrepetitionen
2469 184 3225 243 till oss att 'pjäsen ju var alldeles oför¬
2466 238 3232 295 arglig'. Polisen och Wiens borgmästa¬
2467 286 3217 340 re Reumann, vilken senare är högsta in¬
2477 314 3227 379 stans för allt vad som försiggär i teat¬
2462 370 3228 439 rar o. d. i Wien, funno ingen anledning
2473 409 2892 467 att förbjuda 'Reigen“.
2505 446 3221 522 Generalrepetitionen gavs inför en yt
2463 500 3226 564 terst exklusivt konstnärlig och litterür
2471 534 3227 608 publik, som till fullo uppskattade den
2469 583 3219 654 hänsynslöst kvicka satiren över vär
2461 622 3218 699 samhälles kärleksliv och som med ljudli¬
2458 681 3213 733 ga skrattsalvor kvitterade de sprudlan
2470 723 3227 784 le spirituella replikerna, spelet och
2470 766 3222 826 scensättning, verkställd under Schnitz¬
2469 816 3217 871 ers ege“ överinseende. En extra gene¬
2467 865 3218 924 alrepetition med mycket höga biljett
2469 900 3219 962 riser gavs för gulaschen. Premiären
2460 945 3223 1015 försiggick i bästa ordning och med stort
2467 988 3212 1054 ifall. Pressen konstaterade i allmän¬
2456 1036 3213 1094 het pjäsens och spelets höga litterära
2459 1081 3216 1143 och konstnärliga nivä, utan att dock
2470 1132 3211 1187 ara blind för faran av uppförandet
2461 1165 3217 1239 Endast de kristligt-sociala tidningarns
2454 1221 3210 1280 dundrade om sedernas förfall, socini¬
2447 1266 3217 1330 demokraternas all moral förintande in
2454 1307 2732 1361 verkan o. a. v.
2490 1346 3220 1419 Ocksä det kristligt-sociala partiets
2446 1390 3217 1459 stora skandal kom av sig vid ingängen
2451 1446 3220 1497 och PReigen'’ gavs för fulla hus. Sed¬
2441 1490 3217 1552 lighetsivrarna gävo emellertid ej tappt
2449 1535 3224 1592 och sedan ’Reigen'' spolats en vecka och
2443 1585 3207 1640 givit anledning till en del presspolemik
2441 1621 3203 1684 förbjöd inrikesministern. Glanz upp
2450 1665 3203 1727 förandet. Detta framkallade äntliger
2443 1705 3201 1756 den stora gkandalen. Det bley slags¬
2445 1747 3200 1802 mäl i parlamentet och den ytterligar
2447 1793 3209 1867 skärpta konflikten mellan sogialdemo¬
2443 1841 3204 1909 krater och kristligt-sociala, resulterns
2445 1883 3216 1955 kanske i det sistnämnda partiets fall
2441 1928 3208 2002 och fär säkert en ny — ytterst behöv¬
2502 1987 2617 2031 .—
2440 1972 2498 2034 lig
2620 1990 3209 2039 teaterlag till följd. Dessutom
2448 2022 2702 2085 kommer 1
2707 2028 3210 2085 samma veva förhällan¬
2448 2066 3213 2130 det mellan ’Land Wien“, som Wiens
2440 2117 3210 2170 officiella namn i förbundsrepubliken
2443 2159 3208 2224 österrike läter, och förbundsrepubli¬
2440 2198 3209 2256 kens regering att ytterligare skärpas.
2445 2246 3207 2302 Vad som sedan blir följden av storiden
2432 2290 3210 2357 1 vattenglaset kan man i dessa dagurs
2445 2332 2851 2399 Wien ej förutsäga.
2875 2342 3200 2400 Inrikesminister
2436 2376 3193 2442 Glanz har nämligen ei rättighet att för¬
2445 2425 3192 2495 juda ett teateruppförande i Wien. Det
2435 2477 3207 2534 ta tillkommer endast överborgmästare
2433 2518 3203 2588 Reumann, säsom. Land Wiens högste
2431 2569 3206 2626 styresman. Dr Glanz' framdragande av
2432 2607 3208 2668 en paragraf i en teaterlag av är 1850
2435 2658 3201 2724 synes ej vara juridiskt giltigt. Tvisten
2433 2690 3205 2749 mellan regeringen och Wien kommer
2430 2745 3202 2796 emePertid att inom kort behandlas vid
2438 2795 3201 2850 en författniugsdomstol. PReigen“, ges
2431 2833 3201 2894 dagligen för fulla hus. Direktör Bernan,
2435 2878 3204 2947 ledaren för Deutsches Volksteaters
2438 2919 3194 2986 Kammarspiele, där pjäsen ges, fäster
2435 2970 3197 3035 intet som helst avseende vid regeringens
2430 3014 3194 3079 förbud, som han juridiskt sett ej behö¬
2439 3054 2787 3127 ver rätta sig efter.
2456 3124 3194 3191 Och under tiden diskuteras ivrigt om
2427 3167 3196 3228 Reigen'' är omoralisk och osedlig eller
2427 3216 3196 3274 ej. Under alla förhällanden kan det ej
2431 3261 3190 3323 förnekas, att frägan är svär att besva¬
2424 3298 3203 3362 ra. Allt beror pä hur man betraktar
2428 3353 3195 3408 styeket. Och den rene är ju allom rent.
2437 3393 3199 3463 Reigens' historia torde dock ej vara
2427 3436 2689 3489 utan intresse.
2473 3479 3193 3543 Pä 1890-talet kastade Arthur Schnitz¬
2422 3526 3183 3587 ler, enbart för sitt eget nöjes skull och
2419 3574 3192 3624 för att följa ett hugskott, ner skissen
2429 3621 3191 3678 till nägra dialoger. Amnet för dessa var
2431 3662 3173 3712 episoder ur kärlekslivet. Under arbe
2423 3704 3188 3760 tets gäng fick han starkare intresse för
2423 3751 3179 3805 detsamma och utarbetade tio fristäende
2422 3802 3179 3847 och dock med varandra sammanhängan¬
2430 3837 3188 3901 de dialoger till en Reigen“, en ring, en
2420 3883 3177 3953 kedja. Stilen är den Schnitzler säreg
2732 3935 3150 4009 (Forts. pd sid. fura.)
