3336 4320
241 141 359 228 11
946 145 1332 238 box 18/1
440 145 757 237 Reigen
358 950 1167 1104 Klose & Seidel
393 1099 1147 1190 Bureau für Zeitungsausschnitte
383 1172 1155 1258 Berlin IO. 45, Georgenkirchplatz 211
836 1358 1051 1445 Ba#ii#
350 1383 668 1477 Zeitung: F
631 1463 998 1544 ( S
359 1508 602 1580 Ort: —
351 1603 539 1688 Datum:
783 1589 1256 1720 —4-41
546 1756 1217 1845 Der sittliche Reigen.
562 1815 1396 1898 In Harzg# Waldaus Kabarett „Die
509 1867 1382 1946 Spinne“ spielt man u. a. den „Reigen“
505 1922 1388 1993 Schnitzlers, umgedichtet vom Conférencier Richard
499 1962 1377 2029 Rillo. Aks dem unsittlichen Reigen ist ein
510 2008 1383 2080 sittlicher geworden, den auch der so überaus
503 2057 1387 2126 populär gewordene Professor ohne Schamerröten
496 2102 1377 2162 anhören könnte. Die Gedankenstriche und der omi¬
505 2137 1378 2223 nöse Rhythmus fallen weg, und statt dessen geschieht
496 2190 1381 2255 nichts, absolut gar nichts. Alle Pärchen sehen,
504 2234 1384 2299 wenn auch nicht immer aus moralischen Gründen,
491 2281 1379 2338 ein, daß es besser sei. moralisch zu bleiben. Diesen
495 2315 1382 2385 amüsanten Scherz bringen der auch im Vortrag
490 2367 1372 2432 pointierter Chansons sehr tüchtige Balte Peter
498 2407 1368 2476 von der Osten, der Wiener Verfasser und Confé¬
496 2450 1367 2510 rencier, dem eine mit Charme und Liebens¬
494 2488 1378 2562 würdigkeit verbrämte Ironie eignet und last not
495 2533 1371 2601 least Olly Stüven zu Gehör. Olly Stüven ver¬
489 2576 1364 2644 körpert die fünf Frauengestalten und hat damit für
487 2618 1364 2691 ihre karikaturistische Begabung eine Paraderolle,
482 2664 1361 2727 wie sie sie sich besser nicht wünschen kann, aber
492 2713 1363 2772 auch in ihrem eigenen Repertsire ist sie mit ihrem
495 2753 1368 2815 ecken Augenaufschlag eine Zugkraft ersten Ranges.
481 2793 1356 2865 Waldau hat das Ensemble wieder mit Geschmack
480 2835 1355 2901 und Geschick ausg wählt. El Gair bringt von ihm
480 2877 1362 2949 vertonte, von Kurt Robitschek verfaßte Brettl¬
480 2923 1354 2995 lieder, noch mehr Brettl= und Ueberbrettikunst
486 2968 1352 3040 zeigen die mondänen Chansons, die Marie
475 3016 1347 3081 Harald mit Betonung vorzutragen weiß.
475 3051 1356 3119 Frisch=fröhlich brachte Zula Benedek Waldaus
471 3103 1345 3167 parodistische Szenen „Ein Tag im Lunapark“,
477 3143 1347 3208 während Hermann Wagner mit seinem Er¬
474 3183 1349 3256 zählertalent, das für Kabarett vielleicht nicht stark
466 3233 1351 3297 genug auftrug, heitere Prosa von Rosegger,
469 3271 1349 3336 Thoma u. a. vortrug. Revolutionierend wirkte
468 3309 1346 3381 Frank Günther mit eigenen Versen scharfen Zeit¬
471 3365 1353 3428 gepräges, das groteske Moment verkörperte in
473 3411 1348 3482 wohlberechnender Wirkung durch Geste und
463 3444 804 3505 Mimik Jula Rills.
1160 3462 1302 3526 —0de—
3070 1167 3268 1229 ehrter He¬
2273 1170 2570 1265 Reigen
3074 1214 3249 1268 tasie,
3084 1250 3269 1301 sei etw
2018 1245 2826 1337 Zehn Dialoge von Arkhur Schnitzter.
3085 1291 3268 1344 einer Dir
2263 1307 2579 1377 Kleines Theater.
3086 1329 3260 1379 Dichter ch
3079 1365 3266 1420 dieser Sph
1849 1358 3044 1429 Eine katkträftige Hand hat mit geringen Mitteln aber gutem Ge¬
3087 1407 3266 1456 sie als per
1775 1403 3046 1463 schmat dem kleinen Theater in der Eisterstraße eine neue und gefällige
3083 1441 3261 1495 recht zu be
1780 1438 3047 1509 Form gegeben; wir wünschen der schicksals- und namenreichen Bühne,
3085 1482 3260 1536 Stofflichen
1776 1487 3047 1542 daß ihre neue Gestalt einige Dauer haben möge. Im äußeren Bild ist
3085 1521 3258 1576 schieht, we
1774 1523 3058 1586 durch Erweiterung der Kleiderablage und durch freundliche Draperien in
3074 1564 3237 1613 es sich
1773 1562 3052 1629 Orange ein Rahmen geschaffen, der Zuversicht weckt. Licht und Freude,
3084 1600 3252 1653 Professor
1782 1613 3043 1657 o verhieß Direktor Viehweg in einer kleinen Ansprache, sollen in
3079 1639 3269 1697 Volksseele
1766 1643 3052 1705 diesem Hause walten. Man nahm es gern zur Kenntnis. Auch glaubt
3081 1678 3251 1730 Kino und
1775 1678 3038 1747 man seinem Wort, daß in kürzester Zeit, in drängendster Arbeit (deren
3078 1720 3258 1773 bange um
1766 1720 2285 1772 Firnis man noch roch)
2281 1725 2930 1780 Tüchtiges geleistet worden war.
2970 1730 3044 1778 Der
3080 1757 3259 1811 daß sie de
1773 1756 3047 1815 „Reigen“, so sagte Direktor Viehweg noch, sei kein Programm, aber er
3075 1794 3269 1858 logen stun
1777 1803 2976 1857 sei immerhin von Schnißler. Erwartungen, die diese zehn Dialoge
2969 1806 3037 1856 für
3157 1834 3267 1888 Versuch
1763 1840 3041 1890 die künftige Gestaltung des Spielplans wecken könnten, seien verfehit.
3076 1856 3266 1922 Dichter des
1767 1876 1846 1920 eeu
1838 1885 3044 1947 Die Frage, ob man Schnitzlers „Reigen“ spielen kann, ist äußerst
3078 1912 3258 1967 Nicht doch.
1773 1907 3036 1981 kompliziert und verworren. Sie ist es, weil die Empfindungen dem in
3061 1948 3255 2002 in zehn 2
1764 1964 3042 2022 Frage stehenden Prodlem gegenüber leider nicht natv, sondern kom¬
3068 1986 3268 2045 voll Verlog
1773 2010 3029 2059 pliziert und verworren sind. Mir persönlich erschwert weder der Ge¬
3076 2029 3244 2083 teigerung
1774 2046 3033 2096 samteindruck der Aufführung, noch das sexuelle Thema die — positire
3068 2069 3241 2119 uns nicht
1812 2080 3044 2138 Entscheidung, höchstens macht mich die Frage stutzig: Warum spielt man
3067 2105 3230 2155 Erotische
1771 2126 3033 2169 gerade diese Dialoge, die niemals für die Bühne gedacht und geschrieben
3061 2144 3267 2196 Thema; klei
1766 2166 3035 2211 worden sind? Tut man es, um unsere Empfindungen dem Geschlecht¬
3067 2182 3268 2244 einer unver
1765 2195 2988 2255 lichen gegenüber freter und von edierer Unbefangenheit zu machen,
2993 2203 3045 2275 se
3128 2223 3220 2280 Der
1769 2236 3017 2285 sage ich aus ganzem Herzen: Ja und Amen. Spielt man den „Reigen
3055 2251 3261 2319 verbot geso
1763 2281 3030 2324 aber aus kühler Zweckmäßigkeitserwägung, die in der direktorialen
3057 2305 3270 2360 über fünfun
1759 2314 3034 2368 Sphäre ja nur zu begreiflich ist, so wird die Angelegenheit doch ein
3070 2347 3266 2395 zing es vor
1764 2356 3033 2404 wenig mißlich. Sie hört aber wiederum auf, mißlich zu sein, weil der
3058 2385 3250 2432 wobei nur
1752 2394 3030 2455 Dichter (auf dessen Gefühle wir uns unbedingt verlassen dürfen) seine
3053 2422 3249 2471 empfunden
1745 2423 2472 2493 Dialoge für die Bühne freigegeben hat.
3049 2457 3225 2526 täuschung
1830 2471 2892 2538 Diese Dialoge „pornographische Skizzen“ zu nennen ist eine
2940 2485 3026 2545 Ver¬
3056 2496 3267 2547 und Lex Se
1750 2524 3025 2580 kennung. Die Ironie und Melancholie, die Betrachtung der geschlecht
3062 2534 3250 2587 auch Schnit
1765 2566 3039 2624 lichen Vorgänge mit einem heiteren, einem nassen Auge, die Stimmung
3058 2575 3265 2626 daß nun mis
1765 2605 3019 2655 in die sie gekaucht sind, die heimliche Erkenntnis menschlichen Wesens
3051 2613 3214 2662 werk des
1763 2643 3028 2692 die aus ihnen lacht, heben den „Reigen“ hoch über die Stofflichkeit, die
3063 2652 3253 2704 unberücksich
1751 2684 3036 2745 man mit „pornographisch“ bezeichnek. Gegen eine Auffassung, die im
3129 2693 3257 2743 Bis auf
1758 2722 3033 2782 Geschlechtsakt eine Unzuchtshandlung sieht, ist wohl nichts zu machen.
3063 2730 3264 2779 teiten wurd
1755 2761 3026 2815 Ich fühle mich in einer fast hoffnungslosen Minderheit, wenn ich gegen¬
3060 2770 3259 2819 und anmutic
1751 2804 3028 2857 über dieser sehr verbreiteten Auffassung die meine — nicht etwa durch¬
3062 2804 3264 2860 Stubenmädch
1757 2844 3030 2892 zusetzen, sondern nur vorzubringen wage: es scheint mir doch immerhin
3051 2846 3257 2900 noch zu mil
1756 2886 3028 2938 erstrebenswerk, dahin zu gelangen, im Geschlechtlichen nichts Un¬
3058 2888 3250 2939 heit. Lina
1755 2925 3033 2970 züchtiges, sondern etwas Natürliches und darum Reines und Un¬
3051 2923 3254 2975 Dialog mit
1758 2953 3048 3020 antastbares zu erblicken, elwas, das da ist, wie Gewitter, Sommerregen
3056 2965 3252 3015 dei Szene 1
1757 3006 3262 3056 und Blütenfall. Wenn irgend etwas unzüchtig ist, sehr ver¬ als Pariner
