3444 4320
513 124 659 187 Rei
306 129 820 228 11.— n
1019 118 1411 206 box 18/1
888 770 1704 952 Klose & Seidel
909 914 1668 1041 Bureau für Zeitungsausschnitte
901 990 1681 1104 Berlin KO. 43, Georgenkirchplatz 21
1524 1114 1586 1199 4
853 1209 1693 1330 zeitung: Münchener Neuste Nachrichten
853 1314 953 1382 Ort:
1328 1340 1628 1444 München
846 1411 1032 1503 Datum:
1113 1453 1162 1503 2
959 1567 1361 1675 „Der Reigen“
712 1650 1622 1750 Afizzr Schnitzlers wegen — 6 Wochen Haft
882 1726 1453 1779 Eigene Drahtmeldung
1187 1759 1591 1828 Berlin, 24. Dezember
762 1815 1613 1879 Das Kleine Schauspielhaus in Ber¬
736 1854 1626 1916 lin hat Arthur Schnitzlers kecke Dialoge
729 1903 1616 1959 Reigen vorbereitet, die auf den zensurlosen
724 1933 1621 2000 Zustand der deutschen Republik warten mußten,
738 1973 1615 2032 um aus der Haft des Buches erlöst zu werden
734 2010 1627 2075 Das Kleine Schauspielhaus hat sein Heim in der
729 2048 1627 2104 Hochschule für Musik; bei seinem Einzug in das
739 2083 1618 2151 ehemalige kgl. Institut mußte es sich verpflich¬
734 2125 1619 2189 ten, die Aufführung von Stücken zu unterlassen
737 2164 1631 2229 die in sittlicher oder politischer Hinsicht Anstoß
739 2210 1622 2264 erregen könnten. Nachdem Wedelinds „Büchse
736 2243 1628 2306 der Pandora“ zwei Jahre hindurch unbeanstan¬
739 2279 1637 2340 det gegeben worden war, ist das Aergernis sehr
746 2322 1635 2380 plötzlich eingetreten. Wenige Stunden vor der
742 2367 1637 2413 Premiere erwirkte das preußische Kultusministe¬
741 2392 1634 2449 rium eine einstweilige Verfügung gegen die
746 2431 1642 2492 Aufführung, worauf das Berliner Landgericht
750 2470 1635 2540 für die beiden Direktoren Gertrud Eysoldt
751 2511 1643 2575 und Maximilian Sladek je sechs Wochen
751 2542 1631 2620 Haft setzte. Unsere republikanischen Bebörden
744 2589 1639 2647 arbeiten immer uneleganter; man läßt nicht drei
750 2637 1635 2688 Wochen vor voller Oeffentlichkeit Proben ab¬
755 2660 1635 2727 halten, um ein Stück eines der ersten deutschen
753 2706 1640 2766 Schriftsteller im letzten Augenblick zu verbieten,
749 2742 1635 2809 um eine der schwer ringenden Berliner Bühnen
757 2783 1645 2844 gerade vor Weihnachten einem empfindlichen
753 2824 1635 2876 Vermögensverlust auszusetzen. Vor dem Pre¬
764 2868 1590 2920 micrenpublikum, das durch die Ungewißheit
1461 2895 1640 2948 angenehm
757 2899 1438 2962 wird gespielt, wird nicht gespielt —
767 2938 1651 3001 gespannt war, hielt Gertrud Eysoldt eine sehr
758 2970 1639 3036 tapfere Rede mit der schließlichen Ankündigung:
759 3014 1645 3069 Es wird gespielt und wenn es sechs Wochen Haft
762 3049 1652 3110 kostet! Die mutige Künstlerin hatte überdies den
760 3087 1643 3152 Vorteil, darauf hinweisen zu können, daß die
769 3127 1653 3188 Herren des Ministeriums sich mit dem Eindruck
768 3171 1648 3225 der für sie zu pikanten Leltüre begnügt hatten,
767 3215 1642 3269 statt auch nur eine Probe ihres hohen Augen¬
774 3253 1151 3310 scheins zu würdigen.
813 3281 1662 3350 Die Aufführung gab ihnen auch Unrecht. Sie
782 3319 1663 3381 war nicht so schlimm wie das Buch scheint. Wie
780 3361 1666 3419 Bücher überhaupt meist schlimmer sind als Auf¬
782 3401 1665 3467 führungen, die durch gewisse Rücksicht gemildert
774 3444 1660 3500 werden müssen, und die gerade durch die
773 3479 1661 3539 Oeffentlichkeit neutralisiert werden. Gerade
776 3515 1662 3584 weil Schnitzler in diesen sehr graziös reigen¬
782 3552 1677 3615 artig in einander verschlungenen Liebesszenen
780 3593 1674 3658 jedes Mal bis zum Letzten der erotischen Hand¬
773 3628 1671 3715 lungen geht, muß die Aufführung an Entschlose
1661 1528 2550 1597 senheit zurückbleiben. Wenn es zu dem undar¬
1655 1564 2552 1632 stellbaren Allerschlimmsten kam, fiel jedesmal
1660 1607 2545 1671 der Vorhang. Aber die Fantasie, die die An¬
1662 1643 2546 1714 standsstriche des Autors in der anregenden Ein¬
1663 1683 2501 1753 samkeit nächtlicher Lektüre ausfüllen würde
1667 1721 2557 1790 bei den Herren des Kultus scheint das der Fall
1672 1760 2555 1834 gewesen zu sein — fand in diesem Augenblick
1664 1803 2176 1875 die allergeringste Nahrung.
1694 1826 2564 1910 Das Kleine Schauspielhaus nimmt in der
1664 1884 2555 1950 Hochschule für Musik überdies einen Raum ein,
1676 1924 2551 1990 der sich in einer teilungslosen Länge. in seiner
1677 1961 2554 2033 schulmäßig und auf öffentliche Prüfungen ein¬
1673 2005 2561 2073 gerichteten Pedanterie pikanten Einrichtungen
1672 2039 2554 2111 höchst eigensinnig und mit altpreußischer Zucht
1675 2080 2566 2146 widersetzt. Aber wie Frau Eysoldt auch in ihrer
1681 2119 2566 2185 Notwehr andeutete, scheint die Behörde auf
1669 2155 2569 2216 diesen bis dahin entbehrlichen Saal dasjenige
1674 2199 2566 2270 Auge des Fiskus geworfen zu haben, das sie
1677 2234 2572 2298 gegen die viel geftiger erotischen Aufführungen
2224 2275 2567 2329 solange zugedrückt
1675 2289 2165 2342 der „Büchse der Pandora
1676 2313 2570 2377 hatte. Wie dem sei, Hertrud Eysoldt hat einen
2023 2355 2573 2418 n und ich glaube nicht, daß
1681 2367 2001 2426 schönen Mut ge#
1675 2399 2578 2466 das Gericht de##deren Mut zeigen wird, sie
1682 2440 2561 2499 nun wirllich 6 Wochen in Haft #n nehmen
1680 2472 2569 2534 Das Publikum hat sie jedenfalls### esprochen
1680 2509 2574 2575 und zwar aus ehrlichster Ueberzeugung. Es
1676 2549 2562 2610 war eine hübsche Aufführung von Ernst Stern
1678 2589 2574 2657 reizend dekoriert, von Darstellern wie Kurt
1685 2628 2572 2690 Götz und Viktor Schwanneke mit Humor ge¬
1696 2671 2568 2739 spielt und dennoch nicht moralverwüstend oder
1684 2710 2575 2768 irgendwie so schlimm, wie der eine gefürchtet,
1686 2748 2375 2828 wie der andere gehofft haben mochte.
2133 2773 2578 2856 Dr. Arthur Eloesser
