3532 4224
396 95 542 181 11.
582 102 910 208 Reigen
1098 110 1511 210 box 18/2
735 556 910 626 Seite 4
1687 563 2108 669 Die Wahrheit
2928 589 3063 653 Nr. 7
789 688 1867 767 Eingeschmissene Fensterscheiben, überfallene Straßen¬
1922 708 3110 793 Die deutschen Gerichte und die deutschen
700 743 1882 822 passanten, verprügelte Tramwayfahrer, das waren die
2394 776 2602 864 Juden.
698 810 1866 872 geistigen und sittlichen Abwehrmittel der vereinigten
1926 841 3095 935 Ein Berliner Gerichtsurteil zu Artur Schnitzlers „Reigen“.
693 862 1870 937 Christlichsozialen am kritischen 13. März. Weil Herr
2284 910 3062 972 (Nachdruck nur bei Quellenangabe gestattet.)
704 918 1873 1012 Funder in Voraussicht der kommenden Dinge diese Taktik
1924 960 3097 1024 Von Rechtsanwalt Dr. Ernst Emil Schweitzer, Berlin.
701 994 1869 1053 nicht für todsicher hält, heuchelt er noch eine andere Me¬
2021 1009 3098 1092 Die Stellung der deutschen Gerichte zu den jüdischen
690 1040 1059 1104 thode und erklärt:
1926 1074 3092 1153 Probiemen dürfte auch außerhalb Deutschlands von In¬
787 1086 1863 1179 „Wir müssen in diesem Sinne vor allem an nus
1924 1134 3018 1211 teresse sein. Insbesondere muß anerkannt werden, daß
3040 1142 3099 1212 ich
689 1158 1862 1227 selbst arbeiten; zuviel Mammonismus, skeptische After¬
1926 1200 3099 1278 die deutschen Richter grundsätzlich stets bemüht haben, zu
693 1224 1864 1285 philosophie und Sinnlichkeitskultus ist schon von jenseits
1928 1249 3087 1317 jüdischen Fragen durchaus objektiv Stellung zu nehmen.
684 1277 1858 1339 in die Lebensbezirke des christlichen Volkes eingebrochen.
1920 1313 3102 1398 Der Antisemitismus vollends hat nicht Eingang in die
690 1334 1860 1417 Es ist dankenswert, daß ein deutschnationaler Redner,
1920 1377 3098 1453 deutschen Rechtsfragen gefunden. In den Handelsprozessen,
688 1388 1865 1459 Gattermayer, in der heutigen Debatte der Tagung gerade
1908 1437 3093 1508 in denen ich jüdische Parteien vertreten habe, ist mir kein
689 1454 1857 1525 auf diese positive Seite des Problems, die Wieder¬
1917 1497 3091 1558 einziges Mal der Fall vorgekommen, daß auch nur im ent¬
680 1520 1866 1577 verchristlichung unseres Lebens, hingewiesen
1910 1553 3095 1632 ferntesten der Verdacht aufgestiegen wäre, daß die religiöse
677 1579 1859 1652 hat. Erst wenn unser Volkskörper von diesen ewigen
1913 1612 3092 1687 Zugehörigkeit der einen oder der anderen Partei auch nur
685 1636 1860 1707 Lebenssäften neu gestärkt ist, wird er imstande sein, sich
1913 1672 2992 1746 indirekt einen Einfluß auf die Richtr ausgeübt hätte.
682 1696 1852 1773 von der tödlichen Umklammerung fremder Veroerber frei
2002 1741 3081 1811 Wie mir ist es zweifellos der großen Masse der deut¬
676 1745 922 1822 zu machen.“
1909 1795 3083 1876 schen Rechtsanwälte ergangen. Daß selbstverständlich auch
777 1809 1858 1890 Dank für dieses Bekenntnis. Wir erfahren von einem,
1910 1865 3077 1923 Ausnahmefälle hie und da vorkommen, soll nicht bestritten
677 1861 1853 1933 der es wissen muß, daß die Christlichsozialen jener Laster
1907 1904 3090 1994 werden. Aber es gehört eben zu den äußersten Seltenheiten
677 1933 1854 2005 voll sind, deren sie die Juden beschuldigen, und so ent¬
1910 1980 3077 2038 und wo sich wirklich ein Richter eine antisemitische Ent¬
681 1994 1858 2054 christlicht sind, daß sie die Wiederverchristlichung suchen
1901 2044 3084 2117 gleisung zu Schulden kommen ließ, hat auf Beschwerde die
679 2054 1846 2131 müssen. Nach alledem wird die Bemerkung am Platz sein,
1907 2094 2613 2167 Instizverwaltung stets eingegriffen.
674 2106 1844 2188 der Antisemitismus ist keine Gesiunung,
1996 2158 3077 2232 Neuerdings hat nun ein Berliner Gericht ein Urteil
670 2157 1846 2244 sondern ein Gewerbe, ob dessen Ausüber Eisen¬
1904 2224 3082 2290 gefällt, das für die österreichischen Juden vielleicht noch
674 2234 1854 2301 mengen, Pfefferkorn, Stöcker, Ahlwardt, Horthn, Kunschak
1906 2279 3070 2342 interessanter sein dürfte als für ihre deutschen Bekenntnis¬
677 2297 1862 2357 oder wie immer heißt. Es muß nur zur Hauptsache seinen.
1907 2337 3084 2414 genossen. Es handelt sich um die Aufführung des „Reigen“,
665 2346 1758 2429 Mann nähren oder dessen Ehrgeiz befriedigen. d
1903 2391 3081 2470 der in Oesterreich weit mehr als in Deutschland Anlaß zu
1900 2517 3083 2597 ab. Alle Gäste, die soeben für ein Mittagmahl einige
1893 2577 3077 2650 hundert Kronen bezahlt hatten, eilten hinaus und fragten,
986 2499 1821 2678 Seutleton Iae
1891 2627 3075 2691 wo alle Kollegen und Kolleginnen seien, indem sie dem
1886 2667 2803 2730 Judenmädchen Zweikronenscheine hinhielten.
696 2677 1835 2769 Wie die Schnorrer streiken wollten!
1988 2729 3075 2799 Die abgehärmt aussehende junge Jüdin wehrte aber
1067 2750 1438 2819 Von Dr. A. H. L.
1885 2779 3067 2841 die abgegriffenen Papierstückchen entschieden ab und er¬
759 2790 1835 2866 In einer großen Stadt kamen eines Tages alle
1888 2835 3076 2918 klärte auf alle eindringlichen Fragen bloß, sie sei auf
668 2828 1844 2911 Schnorrer in der Wärmestube zusammen und erklärten ein¬
1892 2877 2149 2942 Streikposten.
666 2909 1836 2970 mütig, die kleinen Papierscheine, die man nicht einmal
1981 2927 3061 3003 Und sofort rief es einer dem anderen straßauf, straßab
660 2948 1831 3039 als Trinkgeld zu geben wagt, nicht mehr annehmen zu
1889 2985 2659 3060 zu: Die Schnorrer streiken!
662 2999 819 3057 wollen.
1978 3039 3060 3120 Warum auch nicht? Heute, wo Schulkinder streiken,
755 3045 1833 3141 Da rief einer in der Versammlung: Streiken
645 3096 772 3157 wir!
1886 3091 3053 3157 die zu Hause Essen und Trinken und Wohnung ganz um¬
1889 3145 3062 3207 sonst bekommen und dafür nur den Eltern zu Liebe ein
755 3123 1829 3224 Und alle, die Tauben und Blinden, die Stummen
1892 3200 3063 3262 bißchen lernen brauchen, können doch Schnorrer, die gar
658 3195 1826 3274 und Lahmen, die Krummen und Totkranken, die Jungen
1880 3249 3066 3322 nichts haben, nicht einmal einen Gehalt von der Gemeinde,
662 3253 1567 3318 und Alten, schrieen laut: Streikenwir!
1880 3299 2394 3374 mit mehr Recht streiken.
748 3300 1829 3370 Im Nu war ein Streikkomitee gewählt, es flogen ein
655 3355 1836 3431 paar Hunderter in den Streikfonds, Streikposten wurden
1970 3350 3053 3427 In der großen Wärmestubenhalle saßen sie nun alle
658 3408 1821 3477 an alle Schnorrerstandplätze ausgesandt und eine Zeit der
1878 3410 3060 3474 beisammen, die alten und jungen Schnorrer; die sonst nur
659 3445 1835 3531 Siesta, wie sie so manches Schnorrerherz schon lange im
1882 3462 3062 3532 mit zwei Krücken gingen, kamen heute ganz stolz und auf¬
658 3500 1480 3560 Stillen herbeiwünschte, schien zu winken.
1873 3509 3061 3575 recht, denn der Streik schaltete alle Gebrechen aus. Heute
742 3552 1821 3610 Am nächsten Tage fehlten bei allen Gasthäusern, bei
1876 3553 3050 3622 brauchte niemand Mitleid zu erregen, weil er nichts dafür
658 3602 1821 3673 allen Synagogen, bei allen Hochzeiten und allen Leichen¬
1883 3603 3054 3678 bekommen wollte, und so hatte der Streik alle gesund
1876 3654 2050 3716 gemacht.
650 3650 1825 3731 begängnissen der großen Stadt die Schnorrer; am Freitag
655 3709 1813 3768 gingen keine Frauen mit Kindern von Geschäft zu Ge¬
1976 3698 3055 3769 Der sonst alte Blinde las in einem Winkel ganz laut
658 3763 1811 3827 schäft und alles fragte erstaunt nach den fehlenden Ghetto¬
1874 3764 3050 3835 eine jüdische Zeitung vor und ein sonst taubstummes Ehe¬
639 3797 835 3864 gestalten.
1877 3810 2624 3866 paar saß daneben und hörte ihm zu.
744 3853 1815 3909 Da tauchte an einer Straßenecke ein in -Lumpen ge¬
1973 3846 3052 3933 Am nächsten Sonntag fand die große Versammlung
644 3896 1815 3980 hülltes Judenmädchen auf, hielt ringsum Ausschau und
1869 3912 3047 3992 aller Schnorrer der Stadt in der großen Wärmestube zur
641 3970 1827 4033 ging eino Zeitlang bei einem großen Restaurant auf und
1872 3958 2731 4029 Bekanntgabe der Streikforderungen statt.
