3444 4416
1012 244 1440 327 box 17/6
322 246 827 347 11. Reigen
486 440 1554 540 Der „Reigen“ ist gestern in einer Abend= als aue)
339 522 1559 586 in einer Nachtvorstellung indden Kammerspielen ohre
342 556 1554 647 Zwischenfall aufgeführt Horden, da die Bundesregierung auf ine
341 621 1555 695 gewaltsgme Verhinderung der Vorstellungen zu verzichten scheint
352 661 1565 730 und sich hatauf Fbeschränkt, den Versußungskonflikt, der sich
348 721 1558 785 zwischen ihr und dem Landeshauptmann Resmayn, ergeben hat,
349 770 1565 824 vor dem Verfassungsgerichtshof auszutragen. Die Bundesregierung
348 815 1556 878 will gegen Landeshauptmann Reumann die Klage bei diesem
351 854 1558 915 Gerichtshof einbringen, der jedoch bloß ein Feststellungsurteil
361 903 1559 980 fällen könnte, in dem ka#statiert wied, daß eine Rechtsverletzung
356 950 1571 1011 vorliege, wenn die Regierungmit ihrem Standpunkt recht behalten
358 1003 1557 1065 sollte. Da aber ein Verfählenzvor dem Verfassungsgerichtsho
362 1061 1564 1120 an gewisse Fristen geknüpft ist, Heso daß die Entscheidung
356 1103 1576 1158 der strittigen Frage sich ziemlich lunge hinausziehen dürfte, wird
366 1142 1570 1201 die Regierung wohl den Kompromißw## beschreiten, den Direktor
353 1190 1571 1254 Bernau angeboten hat. Er hat nämlich dem Ministerium des
358 1232 1570 1306 Innern den Vorschlag gemacht, gewisse Aenderlngen in der
356 1289 1567 1350 Inszenierung des „Reigen“ vorzunehmen, um, dadurch die
358 1334 1565 1394 Bedenken bezüglich der Wirkung der Dialoge zu beseitigen. Das
356 1381 1568 1450 Ministerium des Innern hat auch bereits das Anerbieten Bernaus
356 1427 1564 1495 angenommen und sich in Verhandlungen wegen gewisser Regie¬
364 1472 1569 1537 änderungen eingelassen. Es ist also möglich, daß die „Reigen“.
359 1530 1576 1592 Angelegenheit ohne den Verfassungsgerichtshof geschlichtet und das
365 1581 1584 1636 Stück mit den in Rede stehenden Aenderungen sodann ohne jede
355 1622 1043 1696 weitere Einwendung aufgeführt wird.
647 1672 1587 1754 KdrVien wurde gestern
688 1760 1389 1857 Das Verbot des „Reigen“
548 1832 1604 1910 Dem Vernehmen nach wird, sich, der Ver¬
458 1874 1614 1964 fassungsgerichtshof bereits im Laufe der
462 1935 1618 2009 nächsten Woche mit dem Verfassungskonflikt
453 1969 1615 2059 beschäftigen, der zwischen der Bundesregierung und dem
453 2029 1334 2100 Landeshauptmann von Wien entstanden ist.
545 2068 1613 2159 Die heutigen Vorstellungen des „Reigen, der in den,
462 2101 1605 2206 Kammerspielen zweimal, um 7 Uhr abends und um
457 2163 1596 2255 10 Uhr nachts, aufgeführt wurde, verliefen ohne jeden
459 2204 704 2281 Zwischenfall.
458 2274 1595 2370 Nationalrat Ottokar Czernin über das Verbot
844 2325 1192 2393 des „Reigen“.
528 2352 1587 2456 In einer gestern abend in Döbling abgehaltenen Ver¬
461 2412 1585 2502 sammlung konstituierte sich der Bezirksausschuß der bürgerlichen
458 2465 1586 2533 Arbeitspartei für den Bezirk, worauf Abgeordneter Ottokar
452 2502 1587 2586 Czernin über die politische Lage sprach. Er kam dabei auf
450 2541 1586 2625 die freitägigen Szenen im Parlament zu sprechen und führte
445 2591 1584 2666 aus: Es ist eine Auslegungsfrage, ob das Vorgehen des
443 2636 1592 2700 Dr. Glanz bei dem Verbote des „Reigen“ verjassungsrecht¬
447 2676 1588 2751 lich völlig einwandfrei ist, aber auch wenn dies nicht der Fall
442 2722 1588 2778 ist, so rechtfertigt dies in keiner Weise die von den Sozial¬
444 2767 1582 2840 demokraten veranstalteten Szenen. Ich halte den Dr. Glanz
445 2803 1579 2870 für einen ausgezeichneten, pflichttreuen und auch mutigen Be¬
447 2860 1586 2927 amten. Ich din kein Christlichsozialer, ich bin in mehr als
451 2898 1590 2973 einem Punkt ihr Gegner, aber eben deshalb ein unverdächtiger,
447 2946 1581 3007 objektiver Zeuge und kann bestätigen, daß die Skandale von
443 2981 1055 3040 den Sozialdemokraten ausgingen.
545 3023 1582 3093 Ob die Sozialdemokraten durch ein solches Vorgehen nicht
456 3069 1584 3130 mehr zerschlagen als sie selbst glauben, ist sehr die Frage;
462 3106 1583 3165 jedenfalls diskreditieren sie das Parlament im In= und Ausland
457 3153 1578 3213 vollständig und geben jenen Recht, die behaupten, daß wir nicht
460 3187 1586 3260 imstande seien, uns selbst zu regieren; sie sind durch ihr Vorgehen
447 3223 1576 3295 die Pioniere der von ihnen so gefürchteten Neaktion. Vor zwei
452 3271 1586 3334 Jahren hieß es, „freie Bahn den Tüchtigsten“. Nun wenn sich
450 3307 1586 3375 diese Tüchtigkeit nur in Beschimpfungen und Prügeleien äußert,
449 3347 1589 3416 dann müßte sich das Volk wohl dafür bedanken; diese Sorte
436 3398 1590 3448 von Tüchtigkeit kann es in vielen Wirtshäusern der Vorsteds
445 3430 1589 3525 finden. Man aebt jedoch sehl, wenn man glaubt, daß die auc¬
475 3705 705 3785 Nr. 20281
1083 3716 1406 3797 Wien, Sonntag
437 3810 1559 3866 geworfene Frage des Theaterstückes der eigentliche Grund des
430 3859 1556 3904 gestrigen Skandals war; das Vorgehen des Dr. Glanz war den
439 3900 1546 3946 Sozialdemokraten nur ein Vorwand, wie sie alles sabotieren
431 3938 1558 3982 werden, was die christlichsoziale Regierung macht. Sie wollen
434 3973 1556 4024 beweisen, daß eine Regierung ohne ihre Teilnahme ein Ding der
429 4019 1560 4079 Unmöglichkeit ist, und der Minister des Innern könnte machen,
430 4064 1552 4122 was immer er wollte, so wird er auf das heftigste von ihnen an¬
425 4095 731 4171 gegriffen werden.
1564 1280 1626 1351 9
1581 475 1621 526 K
1582 523 1614 567 K
1583 589 1620 650 h
1589 648 1621 690 (1
1589 779 1624 814 5
2003 1029 2881 1144 Randbemerkungen zum Tag.
2043 1137 2985 1204 Der russisch=polnische Friedensvertrag wurde vor¬
2005 1174 2997 1257 gestern in Riga unterzeichnet. Jetzt kann sich Trotzky
2005 1234 2697 1303 ungestört mit den Vorbereitungen zur
2764 1238 2989 1312 nächsten
2000 1273 2458 1361 Offensive befassen.,
2047 1347 2993 1441 Der sozialdemokratische Nationakrat Witzany
1994 1429 2981 1486 machte in der gestrigen „Reigen“=Debatte den Zwischen¬
1988 1477 2981 1562 ruf: „Die christlichsozialen Abgeordneten haben sich
1996 1512 2967 1591 die Füße abgelaufen, damit sie Karten bekommen.“
1997 1564 2977 1631 Sie haben aber keine bekommen, weil die Sozial¬
1996 1606 2979 1698 demokraten noch schneller gelaufen sind.
2037 1694 3041 1786 Die Sozialdemokraten haben sich gestern schrecklich 8
1998 1768 2978 1841 aufgeregt, weil Bundesminister Dr. Glanz sagte, er
1989 1813 2982 1885 überlasse das Urteil über sein Wirken getrost jedem
1985 1866 2975 1939 anständig denkenden Meuschen. Gleiches
1987 1901 2452 1983 Recht für alle, sagen sie.
2015 1990 2957 2082 Nach dem Bericht über das Kapitel „Heerwesen“
1979 2048 2967 2126 stellen sich die Erhaltungskosten für ein Pferd auf
1977 2108 2975 2174 26.323 Kronen pro Jahr. Und da verlangen die
1971 2141 2966 2237 Pferde nicht einmal Teuerungsbeiträge und gleitende
1969 2193 2154 2268 Zulagen!
2021 2265 2956 2359 Ein Defraudant hat in Gesellschaft von zwei
1977 2338 2956 2418 „Damen“ in drei Nächten 200.000 Kronen ausg.¬
1976 2392 2878 2466 geben. Ja, die Teuerung in Wien ist schrecklich!
2018 2474 2963 2570 Die Gemeinde Wien hat ihren Fuhrwerksbetrieb
1964 2543 2949 2621 in ein Fuhrwerksunternehmen umgewandelt. Bürger¬
1978 2587 2957 2664 meister Reumann und Genossen wollen sich für den
1978 2637 2949 2714 herannahenden „Ausziehtermin“, das nötige
1978 2681 2300 2761 Fuhrwerk sichern.
2000 2760 2949 2845 Der Sozialdemokrat Dr. Bauer beantragte, einen
1956 2834 2951 2899 Teil der Getränkestenererhöhungen zur Bekämpfung
1961 2881 2948 2954 des Alkoholiemus zu verwenden. Aus Parteidisziplin
1969 2930 2943 3002 würden dann seine Genossen recht viel trinken, um
1967 2974 2940 3038 die Mittel aufzubringen, sich das Trinken abzu¬
1948 3029 2665 3100 gewöhnen. Eine homöopathische Kur!
2747 3039 2901 3107 treu—.
