3392 4448
311 69 468 149 11.
1028 77 1420 172 box 17/7
501 75 827 168 Reigen
503 343 1160 468 Klose & Seidel
545 456 1124 520 Bureau für Zeitungsausschnitte
488 495 1308 607 Berlin NO. 43, Georgenkirchplatz 210
812 629 862 712 1
932 631 1165 724 ah-7
478 661 661 740 Zeitung:
487 739 581 801 Ort:
482 805 647 884 Datum:
629 833 989 932 · FEB. 1922
571 951 1467 1016 Arthur Schnitzler und die Wiener Auf¬
436 1003 1460 1046 führungen des „Reigen“. Aus Wien wird uns ge¬
441 1042 1464 1105 chrechen: Belanntlich haben, vor einem Jahre etwa,
431 1078 1450 1127 pöthafte Ausschreitungen die Vorstellungen des „Reigen
432 1118 1469 1170 insden Kammerspielen des Deutschen Volks¬
422 1152 1463 1210 tMkaters unmöglich gemacht. Da das behördliche Ver¬
429 1192 1454 1248 b3t der Aufführungen sich als rechtsunwirksam erwiesen
432 1230 1459 1291 hat, setzte die Direktion des Theaters das Werk Schnitzlers
435 1277 1456 1318 wieder auf den Spielplan und die Vorstellungen hätten in
423 1302 1456 1357 den nächsten Tagen wieder beginnen sollen. Nun aber hat
434 1344 1455 1396 der Dichter selbst in einem sehr entschledenen Brief an die
424 1380 1463 1455 Direktion gegen die Wiederaufnahme seines Werkes
427 1419 1445 1473 protestiert. Er erklärt, die Darstellung des „Reigen
424 1461 1455 1513 an einer Wiener Bühne nur dann gestatten zu wollen,
423 1496 1451 1556 wenn die Behörden den Schutz der Darsteller und des
427 1532 1457 1599 Publiiums garantieren und gewiß sino, die erforderlichen
425 1569 1454 1623 Maßnahmen, „wie es in anderen ziilisierten Städten ge¬
419 1609 1458 1671 lungen ist“ erfolareich durchzuführen. Der polemische
417 1648 1453 1713 Charakter dieses Briefes gegen die „Behörden“ ist unver¬
417 1684 1450 1743 kennbar; daß der Dichter selbst in irgendeinem Sinm
416 1723 1452 1785 kapituliert hätte, davon kann nicht die Rede sein. Da aber
417 1771 1461 1827 undererseits auch durchaus nicht zu erwarten ist, daß sich
421 1803 1477 1853 die Behörden in dieser, ihnen nach mannigfachen¬
408 1843 1455 1899 Richtungen hin sehr lästigen Angelegenheit besonders
411 1883 1466 1942 engagieren werden, ist das natürliche Ergebnis des Briefes
419 1919 1462 1976 nur, daß die Vorstellungen des „Reigen“ in den Kammer¬
417 1955 1462 2017 spielen unterbleiben werden — was den Behörden
418 2001 1456 2049 und den verschiedentlichen christlich=sozialen Parbeigruppen
416 2034 1448 2098 ebenso angeneim als für die Direktion des Theaters be¬
421 2072 1405 2126 trüblich sein dürfte. Dies allerdings auch für alle die
418 2115 1450 2168 und ihre Zahl dürfte nicht allzu gering sein — denen wie
423 2155 1439 2209 immer sie sich auch zu einer Darstellung des „Reigen
421 2187 1449 2263 stellen migen, eine Diktatur der Straße, zumal in künst¬
411 2225 1203 2280 lerischen Dingen, wenig erfreulich erscheint.
509 2327 1226 2441 Klose & Seidel
583 2426 1169 2505 Bureau für Zeitungsausschnitte
536 2479 1215 2565 Berlin NO. 43, Georgenkirchplatz 21
746 2600 1205 2711 #l. Bersen-Conais
508 2602 713 2722 Zeitung
509 2707 629 2783 Ort:
1084 2694 1225 2851 3
907 2815 1057 2884 WHIE.
562 2962 1408 3062 Theater und Muse
604 3052 1454 3124 Schuitzlers „Neigen“ in den Wiener Kam¬
528 3113 1449 3167 merspjelen und Schnitzlees Protest. Nachdem
523 3145 1448 3214 die Echauspieler der Kammerspiele in Wien
521 3189 1448 3269 ihr#moratische Auflassung durch einen Streik mani¬
523 3243 1438 3312 festlert haben, scheinen sie jetzt doch auch anderen Ge¬
512 3284 1446 3352 sichtspunkten zugänglich zu sein. Wie man uns aus
518 3332 1443 3403 Wien  drahtet, wird Schnitzlers „Reigen“ in den
526 3381 1255 3448 Spielplan der Kammerspiele ausgenommen.
566 3434 1433 3508 Nun richtet Schnitzler einen Brief an Direktor
521 3480 1436 3556 Beinan, worin er erklätt, daß er die Wiegeramnahme
503 3527 1417 3592 den Reigenvorstellungen an einer Wiener Bähne un
510 3576 1426 3634 dann gestattn werde, wenn die Behörden sich geneint
512 3627 1418 3694 zeigen, die Darsieller und das Publ kum sowohl vor
505 3664 1421 3731 den ausbrüchen mehr oder minder echter sittsicher Ent¬
502 3714 1423 3782 rüstung als auch vor angezettelten Pöbeleien zu
504 3754 1412 3826 schützen, und' wenn diese Behörden überzeugt sind.
497 3803 1417 3876 solche Schutzmaßnahmen wie Sicherheit praktiich dnrch¬
504 3848 1416 3926 ühren zu können. Bis dabin erh beer in aller Form
497 3890 1417 3959 Protest gegen jeden Versuch einer Wiederaufnahme
487 3933 919 4022 der Reizenvorstellungen.
530 3984 724 4032 4 „
1989 1321 2548 1417 „Reigen“ redivivus.
2272 1389 2832 1477 Sie Direktion des Deutschen
1801 1395 2256 1479 Ein Abendblatt meldet,
2287 1452 2834 1519 Schnitzler die Ver¬
1706 1459 2245 1523 Volkstheaters habe Artur
2280 1491 2825 1571 Anfführungen von „Reigen“.
1708 1504 2256 1574 sicherung gegeben, daß die
1699 1546 2824 1613 ohne Zwischenfälle verlaufen würden, worauf
1714 1614 2833 1663 der Dichter seine Einwilligung zur Wiederaufnahme
2319 1646 2826 1719 der Kammerspiele erteilt
1712 1642 2284 1720 des „Reigen“ ins Repertoile
1714 1700 2830 1756 habe. Wir wissen nicht, wan Herrn Direktor Bernau
1714 1753 2838 1809 den Mut gibt, solche Garantien zu übernchmen. Es ist
1716 1793 2824 1856 schon viel, wenn ein Theaterdirektor sich auf seine eigenen
1705 1847 2830 1899 Schauspieler verlassen kann. Obendrein auch noch die
1705 1889 2838 1953 Komödlanten der Politik und der
1712 1950 2839 2005 Moral zur Disziplin zu zwingen, dürfte die Kräfte
1718 1994 2830 2050 eines Bühnenleiters doch etwas übersteigen, zumal in
1711 2045 2829 2104 einer Zeit, in der sich Stinkbombenwürfe so gut be¬
1711 2089 2830 2148 zahlt machen, wic das Beispiel des Dr. Baeran
1714 2138 2830 2202 lehrt ... Unseres Erachtens beschwört die Direktien
1714 2190 2835 2248 der Kammerspiele ganz überflüssigerweise einen
1704 2237 2826 2300 Kampf mit dem Drachen herauf, der einer besseren
1710 2295 2826 2357 Sache würdig wäre. als es Schnitzlers „Reigen“ ist.
1706 2333 2834 2396 Alle Achtung vor der Charakterfestigkeit des
1704 2388 2834 2456 Dr. Bernau. Wir müssen ihm aber sagen, daß er auf
1716 2428 2845 2496 einem verlorenen Posten kämpft oder doch auf einem
1707 2483 2829 2566 Posten, um den es nicht sonderlich schade wäre,
1716 2540 2299 2620 wenn er verloren ginge.
2041 2651 2476 2720 Aus den Theatern.
1802 2676 2840 2788 Im Burgthemr gelangt morgen „Thcater“
1742 2751 2004 2805 * Auffübrung
