3484 4384
258 152 772 254 11. Reigen
955 149 1367 237 box 17//1
889 729 1526 924 Thenr 140
1474 901 2415 993 Stimmen der Gegenwart. Can G&CENr. 2
974 941 1037 1013 52
1388 1068 1999 1160 Drei Wiener Bücher.
1066 1144 2396 1221 Von den zahlreichen Büchern, die Wien in diesem Jahre hervorbrachto,
978 1195 2409 1259 verdienen es vor allen drei. bei ihnen zu verweilen. Dar eine ist specifisch
985 1227 2408 1304 wienerisch, das andere österreichisch, das dritte leider enropäisch: ich
986 1278 2416 1357 meine Schnitzler’sReigen“. Bahr's „Der Franzl“ und Rudolf Kassners
993 1312 1830 1397 „Die Mystik, die Künstler und das Lehen
1065 1352 2404 1429 Schnitzler hat seinen kleinen leinen Geschichten, die er mit „Anatol
2156 1397 2416 1451 geben wollen.
992 1409 1677 1468 begonnen. im „Reigen“ offenbar ein
2165 1440 2415 1490 misstranisch
997 1455 1712 1509 Das Buch ist nur seinen Freunden 2u8
2182 1474 2415 1532 Anatol; das
992 1493 1686 1548 der Oeffentlichkeit; ich bitte Sie, dus
2188 1519 2414 1567 terbrochen),
989 1538 1689 1589 sind zehn Dialoge, jeder von einer
2263 1556 2420 1604 Auelien
1002 1568 1676 1628 die Muse lässt die Ronleang heral,
2262 1595 2422 1649 #klussen
995 1610 1655 1666 Problemen! Zehn Scioptikonbilder
2290 1630 2422 1685 Soldat
996 1649 1711 1708 kemmen auf ihr Theil. Die Hand in
2289 1671 2423 1718 und
998 1694 1723 1754 und Stubenmädehen. Stubenmedehen
2272 1711 2425 1767 Mrdel“,
996 1728 1722 1795 junge Frau, junge Frau und Eheien
2269 1751 2421 1808 pieferin
1006 1765 1692 1832 „süsses Mädel“ und Dichter, Dicht
2255 1792 2419 1850 les; und
1008 1810 1555 1863 und Graf, Graf und Dirne —
2151 1827 2429 1891 er Inhalt, und
993 1847 1625 1906 immer geschicht das Gleiche
1001 1876 1663 1960 das Blut singt seine dunkle Meiet
2140 1902 2428 1972 cheine Kunst;
1087 1935 1652 1989 Wahrhaftig, das ist nicht Dlos
2079 1959 2428 2020 im Dialog, dieser
998 1980 1635 2041 die Kunst, das Verschwiegenste
2093 2001 2436 2057 den Franzosen
1005 2008 1651 2075 schwierigsten Form, zu geben.
2059 2039 2440 2097 Worte sind so fein
1010 2056 1620 2111 oder seinen süssen Mädeln abr
2103 2078 2438 2132 sie hart an der
1016 2095 1650 2150 und klar. so raffinirt naiv. dnse
2111 2112 2424 2171 nd Gewanitheit!
1010 2134 1672 2191 Grenze des Erlaubten vorbeibalane
2098 2157 2440 2212 überhaupt neben
1020 2177 1641 2232 — Seit dem „Grünen Kakndn“
2108 2194 2434 2257 mes Parsum, ein
1010 2221 1687 2269 Hauptmann und Halbe: vor diese!
2042 2228 2434 2292 Liebesleben in den
1017 2249 1744 2310 lotales Colorit. „Reigen“ ist ein Vol
1980 2276 2430 2332 gen Leute dech wohl
1017 2289 1748 2357 modernen Hauptstüdten: lrider eind
1857 2311 2430 2385 chte. Eine lex Heinze schiesst
1018 2331 1793 2386 weniger sinnlich, als sie der Autor hahen
1012 2366 1814 2439 nicht nur so anl; sterbende grüssen den
1088 2433 2435 2503 Alle Schwärmerei für „Heimatkunste ist für Hermann Bahr eine alte
1018 2482 2441 2555 Geschichte: er predigt schon Jahre lang unter dem Schlagwort „öster¬
1018 2511 2443 2585 reichische Kunst# etwas ganz äbnliches er bekämpft die Vorherrschaft
1031 2547 2434 2624 Berlins und protegirt die Litteratur der Provinz, der Decentralisation.
1026 2593 2448 2664 Freilich hatererst unlängst seine Theorie in Praris umgesetzt. Und da
1018 2645 2438 2705 mögen noch so viele noch so olt über Bahr den Kopf geschüttelt haben,
1031 2672 2451 2750 diesmal werden die zugeben müssen, duss ihm cin echtes Stück Kunst
1036 2708 2445 2790 gelungen ist. Der Franzl“ ist der berühmt gewesene oberösterreichische
1024 2751 2438 2822 Dialectdichter Franz Stelzh#ner, eine prächtige Gestalt voll ursprünglicher
1027 2792 2427 2871 Kraft. Offenberzigkeit. Güte und Preue. Fünf Bilder eines guten Mannes
1035 2822 2448 2902 sagt der Untertstel, mit dem der Autor andenten wollte, dass er uns fünf
1027 2869 2450 2942 Momente aus dem Lehen dieses ewig kindlichen, beisslezeigen Menschen
1034 2908 2437 2987 vorzuführer beabsichtigt. in denen sich odie gunze Schönheit seiner Secle
1034 2948 2454 3022 offenbart“. Wir treiten den Franzl unter Spielern, bei denener sein ganzes
1029 2990 2458 3056 Geld, welches er sorben von vinigen teils bedlnstigten, teils abgeführten
1027 3023 2456 3098 Dortbiedermeiern zum Geschenk bekommen hat, leichtsinnig und hartnückig
1038 3075 2445 3137 verwürfelt: ein Liedehen pfeilend wanderter zum Dorf hinans, Im zweiten
1034 3105 2461 3187 Bilde kehrt er beim in sein Vuterhanser ist der Liebling der Mutter so
1037 3144 2452 3226 wie er ist, mit allen Fehlern; der Vater zeigt ein finsteres Gesicht und
1045 3183 2449 3264 redet hart zum „verlorenen Sohn“; aber im Herzen ist er ilim gernde
1043 3221 2461 3294 so gut wie die Mutter, und lüsst abends Wein mistragen, als wäre es
1034 3262 2464 3335 Feiertag. Im dritten Biide soll der Franz! sein Glück machen, doch er
