3336 4416
959 167 1086 251 77
1335 166 2062 255 In Rathaas.
542 249 2613 341 Reumann gestattet die Aufführung, der Minister Glanz verbietet sie.
2669 250 2839 338 Die
554 311 1337 399 Polizei schützt das Gesetz.
1407 319 2838 402 Lärm und Ohrfeigen im Parlament. — Tumult
1437 374 1941 460 im Gemeinderat.
623 419 1718 497 Den öffentlichen Aufführungen des „Reigen“ war,
1708 442 2839 510 die Freizügigkeitserlässe des Herrn Sever gegen die
543 481 1672 571 wie gemeldet, eine Probe für die Zensur vorausgegangen.
1706 509 2835 577 Flüchtlinge) für das bedrohte Gesetz aufzutteten. Sie
542 547 1674 618 Da sich hiebei kein Grund ergeben hatte, die Vorstellung
1704 559 2837 616 schlugen also im Parlament Lärm, die Christlichsoziaten
551 602 1657 654 zu verbieten, hatte Bürgermeister Reumann in
1706 610 2822 672 replizierten mit „Jud! Judl Jud!“ Herr Sever er¬
550 648 1656 699 seiner Eigenschaft als Landeshauptmann den „Reigen“
1708 638 2826 715 hielt eine Ohrfeige, man trommelte mit Pultdeckeln,
548 694 1666 759 für die Kammerspiele freigegeben. Einer Vorstellung
1715 703 2826 762 Fänsten, Aktenstößen. Im Gemeinderat dasselbe Schau¬
549 746 1657 804 wohnte nun eine christlichsoziale Gräfin bei. Sie nahm
1706 757 2822 818 spiel. Und am Abend stand die Polizei vor und im
539 794 1658 866 das ihrer Weltanschauung entsprechende Aergernis und
1700 796 2834 865 Theater und schützte das Gesetz. Allen ist geholfen. Der
541 842 1655 907 bearbeitete die gesinnungsverwandte Presse so lange. bis
1700 852 2824 905 Theaterdirektor hat eine prachtvolle Reklame, die ihn
547 892 1655 956 die „Reichspost“ offen mit Ruhestörungen drohte. Ein
1705 899 2828 960 keinen Heller kostet, bis Montag sind alle Karten ver¬
544 944 1668 1010 paar junge Mitglieder der Orel=Partei fühlten sich ver¬
1707 948 2825 1010 griffen, Christlichsoziale und Sozjaldemokraten steyen
544 995 1657 1053 anlaßt, die Moral zu retten. Sie hatten, wie sie selbst
1704 1002 2825 1063 vor ihrer Wählerschaft als verfluchte Kerle da. So ist
543 1040 1654 1111 bei der Polizei angaben, das Stück nicht gesehen, nicht
1699 1036 2153 1128 der Reigen geschlossen.
542 1090 1663 1149 gelesen. aber da es die Partei so wollte, versuchten sie
537 1139 1653 1203 im Theater Lärm zu machen, wurden aber verhaftet.
1808 1117 2821 1208 Unsere Ansicht über die Bühnenaufführung des
627 1185 1653 1252 Jetzt war für die Christlichsozialen der Moment
1708 1181 2821 1249 „Reigen“ haben wir bereits nach der Premiere in den
537 1241 1653 1299 gegeben, offiziell, parteiamtlich aufzutreten und aus der
1700 1247 2821 1302 Kammerspielen unzweideutig zum Ausdruck gebracht.
540 1283 1653 1342 Geschichte so viel Kapital zu schlagen als nur möglich.
1700 1282 2829 1355 Schnitzler hat diese Dialogreihe nicht für die Bühne ge¬
537 1332 1658 1385 Sie haben ja in der letzten Zeit viel Pech gehabt. West¬
1702 1340 2828 1393 schrieben, hat sich durch lange Jahre gegen die In¬
536 1386 1657 1453 ungarn kriegen sie von Horthy nicht, mit dem Anschluß
1710 1391 2828 1450 szenesetzung des „Reigen“ gewehrt, ja, eine im Jahre
537 1427 1660 1487 kann man nichts machen, in Paris hat ihre glotreiche
1702 1442 2828 1498 1919 veranstaltete Aufführung im letzten Augenblick
539 1477 1647 1545 Regierung keinen Erfolg gehabt. Also her mit den
1701 1488 2817 1544 inhibiert. Wir haben mit Bedauern festgestellt, daß der
533 1529 1654 1600 Juden! Das hat noch immer genützt. Die Regierung
1701 1534 2817 1611 Dichter sich selbst untreu geworden ist, wenn er jetzt
538 1577 1646 1640 fürchtete sich zuerst, grob aufzutreten, und der Min ister
1700 1583 2824 1638 die Bühnenaufführung kuldet, und halten die von
536 1625 1660 1690 Glanz schrieb an den Polizeipräsidenten Schober einen
1698 1626 2806 1699 Schnitzler so lange Zeit geäußerte und bewiesene Ueber¬
537 1673 1648 1732 Brief, er möge doch so gut sein und den „Reigen“ ein¬
1693 1679 2824 1751 zeugung aufrcht, daß die Inszenierung dieser Dialoge
532 1720 1653 1790 stellen. Herr Schober wollte nicht, denn das Gesetz
1702 1727 2815 1786 unkünstlerisch, ja geschmacklos ist. Auch die Art, wie der
534 1774 1653 1843 spricht da zu deutlich. Also mußte der Kabinettsrat, da
1696 1778 2807 1846 „Reigen“=Rummel begann, war uns nicht gerade som¬
536 1822 1647 1892 die „Reichspost“ und die übrigen Blättlein, die das
1692 1829 2807 1888 pathisch. Für eine Sensationsmache mit Tausendkronen¬
537 1874 1646 1941 „Fensterln“ auf dem flachen Land als gemütstiese
1699 1878 2822 1948 sitzen haben, wir nichts übrig. Auch für das Publikum
526 1922 1642 1983 Aeußerung rustikalen Wesens lieben und den Operetten¬
1695 1929 2732 1993 nicht, das sich lüstern um die teuren Plätze balgte.
534 1968 1650 2032 schund als höchste Blüte „weanerischen Hamurs“ ver¬
1779 1975 2813 2047 Deshalb ist aber der christlichsoziale Feldzug gegen
527 2029 1643 2093 ehren, eine Sitzung halten und den „Reigen" ver¬
1695 1998 2811 2081 den „Reigen“ nicht minder verlogen und lächerlich. Die¬
530 2064 1653 2135 dammen. Wenn man schon kein Geld hat und der
1704 2074 2807 2133 selben Herren, welche gegen die Verderbung des Wiener
524 2116 1655 2173 Finanzminister von einem 42=Milliarden=Defizit erzählt,
1687 2122 2816 2193 Kunstgeschmacks durch die Operettenseuche nichts einzu¬
523 2168 1649 2238 dann will man doch wenigstens die Sittlichkeit retten.
1687 2176 2813 2237 wenden hatten, laufen jetzt gegen eine Aufführung
522 2213 1645 2287 Es erging das Verbot. Der Oeffentlichkeit, die wahrlich
1694 2218 2815 2297 Sturm, in welcher doch ein wirkliches Kunstwerk ver¬
521 2269 1648 2336 anderes zu bedenken hat, teilte man durch die „Staats¬
1691 2258 2807 2327 mittelt wird. Und das Manöver, aus der „Reigen“¬
518 2319 1131 2384 korrespondenz“ folgendes mit:
1689 2320 2815 2402 Affäre ein Politikum zu machen, ist doch zu durch¬
1690 2358 2087 2445 sichtig und schäbig.
692 2356 1642 2429 „Bereits vor Zulassung der Aufführung des #igen“
577 2408 1652 2458 durch den Magistrat Wien als politische Landsbeoörde
590 2453 1636 2505 hat der Polizeipräsident den Bürgermeister von Wien auf
1767 2436 2817 2532 Die gestrige Vorstellung vollzog sich hinter einem
589 2494 1644 2546 die schweren Bedenken aufmerksam gemacht, die der Auf¬
1688 2506 2802 2582 grandiosen Polizeiaufgebot. Alle Zugänge zum Theater
589 2532 1648 2587 führung des Stückes entgegenstehen. Der Magistrat er¬
1693 2565 2799 2633 in der Rotenturmstraße waren durch Polizei besetzt, nur
580 2572 1644 2620 teilte jedoch nach Anhörung des Zenfurbeirates mit Be¬
586 2609 1640 2671 scheid vom 12. Jänner die Aufführungsbewilligung Die
1683 2615 2812 2681 Kartenbesitzer erhielten Zutritt. Auch im Theaterraum
585 2653 1645 2706 nun erfolgten Aufführungen des Stückes gaben zu leb¬
1688 2662 2809 2729 befanden sich Detektivs. Das Publikum zeigte zum
587 2686 1639 2742 haften Erörterungen in der Oeffentlichkeit Anlaß. Hiebei
1687 2709 2808 2781 Unterschied von den Schauspielern starke Nervosität und
588 2726 1633 2785 sprach sich die weitaus überwiegende Mehrzahl der öffent¬
1688 2761 2799 2823 geriet in Unruhe, so oft ein Programmzettel raschelte.
585 2767 1642 2822 lichen Stimmen dahin aus, daß die Aufführung nach
584 2804 1641 2859 ihrem Gesamteindruck eine arge Verletzung der Sittlichkeit
1680 2813 2806 2877 Die Aufführung selbst ging ungestört und unter sta#kem
579 2844 1639 2902 bedeute. Kundgebungen aus der Bevölkerung und zahl¬
1690 2859 2811 2920 Beifall des Anditoriums, das sich Mut klatschte, vor sich.
579 2883 1633 2938 reiche Artikel der Presse verschiedener Richtung ließen er¬
572 2918 1635 2979 kennen, daß diese Vorführung mit dem sittlichen Empfin¬
1763 2930 2734 3026 Die „Reigen“=Affäre im Wiener
582 2962 1634 3013 den weiter Kreise der Wiener Bevölkerung in scharfem
578 3000 1630 3061 Gegensatz steht. Der Bundesminister für Inneres und
2098 2992 2380 3078 Landtag.
579 3033 1644 3096 Unterricht richtete daher an den zunächst zur Beurteilung
2082 3055 2399 3145 Wülte Szenen.
587 3079 1636 3129 des Falles berufenen Bürgermeister von Wien die Ein¬
577 3117 1647 3169 ladung, zu der durch die öffentlichen Aufführunger ge¬
1773 3103 2809 3171 Es war vorauszusehen, daß das „Reigen"=Verbot
580 3159 1640 3212 gebenen Sachlage Stellung zu nehmen. Der Bürger¬
1678 3166 2799 3229 ebenso wie in der Nationalversammlung auch in der gestri¬
576 3193 1636 3251 meister erklärte jedoch, daß er nicht in der Lage sei. seine
1685 3217 2806 3273 gen Sitzung des Wiener Landtages starken Widerhall finden
580 3230 1253 3292 erste Entscheidung abznändern.
1240 3234 1635 3292 Aus Rücksichten der
1683 3268 2804 3325 werde. Und in der Tat kam es anläßlich eines von Sozial¬
570 3271 1630 3331 öffentlichen Sittlichkeit sah sich nun die Bundes¬
578 3315 1630 3367 regierung veranlaßt, die weiteren Aufführun¬
1677 3313 2800 3378 demokraten gestellten Dringlichkeitsantrages, in welchem der
578 3351 1638 3405 gen des „Reigen“ zu untersagen. Sie glaubt, sich
1677 3363 2798 3430 Landeshauptmann als Bürgermeister von Wien aufgefordert
585 3389 1632 3441 hiebei mit der öffentlichen Meinung, abgesehen von einem
1678 3407 2801 3480 wird, die Autonomie und Freiheit Wiens aufs energischeste
576 3427 1635 3477 kleinen, für das Wiener Volksempfinden wohl nicht maß¬
1676 3456 2387 3517 zu wahren, zu wüsten Tumultszenen.
581 3469 1635 3539 gebenden Zuhörerkreis, in voller Uebereinstimmung zu
577 3503 747 3559 befinden.
1771 3498 2795 3577 Von den Gemeinderäten Speiser und Genossen lag
599 3547 1623 3612 Nun ergibt sich folgende hübsche Situation: Das
1680 3548 2788 3614 folgender Antrag vor: Dem Vernehmen nach hat der Bun¬
514 3593 1628 3670 Stück ist auf Grund des Verfassungsgesetzes gestattet,
1680 3611 2786 3676 desminister für Inneres und Unterricht die weitere Auf¬
520 3652 1636 3710 aber von der Regierung auf Grund einer kaiserlichen
1682 3656 2795 3710 führung des Theaterstückes von Schnitzler „Reigen“ ver¬
524 3698 1632 3764 Verordnung aus dem Jahre 1850 untersagt. Die Polizei
1681 3707 2797 3761 boten. Nach der Theaterverordnung vom 14. November 1850
516 3742 1632 3816 sieht auf dem Standvunkt, daß für sie die Verfassung
1683 3754 2786 3822 bedarf jede Bühnenproduktion vor ihrer ersten Darstellung
514 3808 1627 3860 maßgebender sei als eine verschimmelte Verordnung, und
1670 3805 2791 3872 der Aufführungsbewilligung von seiten des Statthalters.
512 3847 1628 3920 Präsident Schober erklärte dem Thaterdirektor: „Das
1668 3848 2789 3915 Nach § 5 kann die erteilte Bewilligung aus Beweggründen
506 3894 1630 3970 Stück ist freigegeben. Ich war dagegen.
1677 3909 2780 3961 der öffentlichen Ordnung jederzeit zurückgenommen werden.
511 3941 1640 4011 Jetzt schütze ich das Stück!“ Das ist nun die
1667 3952 2794 4016 Zuständig zur Erteilung einer Aufführungsbewilligung und
507 3993 1631 4059 wundervollste Gelegenheit für die Sozialdemokraten, die
1675 4006 2778 4057 zur Zurücknahme der Bewilligung ist somit der Statthalter.
483 4028 1642 4112 sonst auf Verfassung und äbnliche Dinge pleisen (siehe
1668 4054 2784 4126 Nach dem neuen Bundesverfassungsgesetz ist an Stelle der
