3336 4352
909 188 1059 275 box
1111 184 1302 267 1772
204 184 710 308 11. Reigen
212 1077 1465 1151 in sein Verständnis hinein. — Wird Herrmann Bahr unsre
204 1140 1463 1220 Bühne umwandeln? Oder wird nicht vielleicht eher unsre Bühne
209 1203 1459 1278 ihn umwandeln? Wird er die starke Anregung geben, deren
213 1264 1464 1325 unser ganzes geistiges, nicht nur unser theatralisches München
210 1320 1461 1379 bedürfte, die keiner von allen, die gegen ihn hetzen oder
217 1371 1458 1438 wühlen, geben kann, und zu der er nach seinen Antezedenzien
207 1439 1470 1515 verpflichtet ist? Oder wird auch ihm die neue Würde nur
208 1491 1466 1555 einen Ruheposten bedeuten, von dem aus man ironisch auf
213 1547 1465 1624 das eigene frühere Drängertum blickt und barocke Mots
210 1614 1459 1684 kritzelt, die man dann beim Abschied den Münchnern an den
211 1666 1464 1725 Kopf wirft, so wie eben jetzt den Wienern das Wort „Asien“
208 1736 1465 1798 um die Ohren flog? Oder wird er am Ende den neuen
209 1789 1456 1851 Posten gar nicht antreten? Vielleicht schon jetzt, auf seiner
208 1850 1456 1916 Suche nach Talenten, merken, wie schwer sie zu finden,
208 1915 1461 1967 d. h. zu kriegen sind, wenn man sie nicht zahlen kann?
212 1963 1455 2027 Vielleicht wäre eine Renunciatio ante regnum nicht das
211 2019 1456 2077 Schlechteste. Das, worauf es Bahr ja immer vor allem an¬
212 2091 1463 2162 kam, hat er ja schon erreicht — er hat die Welt verblüfft.
211 2145 1453 2206 Stärker und nachhaltiger verblüfft, als es ihm je zuvor ge¬
208 2199 1456 2271 lungen; er wird Mühe haben, wenn er als Oberregisseur sich
203 2265 1463 2329 noch selber einholen oder gar übertreffen will. Wenn er's
217 2314 1463 2379 überhaupt darauf ankommen läßt. Wenn er nicht noch bei¬
211 2441 1463 2516 schlechteste Boden ist. Es gibt hier nie Cliquen für, aber
212 2488 800 2573 immer Cliquen gegen einen.
290 2541 1467 2617 Einen netten Beitrag zum Cliquenwesen oder vielmehr
216 2627 1463 2686 zum Freundschaftswesen gewisser Kreise hat kürzlich Max Halbe
213 2670 1457 2739 in seinem abgelehnten Stück „Die Insel der Seligen“ gegeben.
213 2730 1457 2792 Der offenbar sehr verbittert und nicht minder eingebildet
219 2783 1456 2853 gewordene Dichter der „Jugend“ schildert da sich selber als
219 2849 1459 2912 sonnigen Mann der Tat, während sein Freund Frank Wede¬
216 2970 1464 3034 ähnlicher Maske gespielt, vom Dichter als Erfüller jeder nur
207 3017 1461 3087 denkbaren Gemeinheit geschildert wird. Höhepunkt dieser ebenso
213 3080 1463 3149 einfachen wie vornehmen Rolleneinteilung ist, wenn die Gattin
214 3147 1463 3213 des sonnigen Tatmenschen dem Pamphletisten ins Gesicht schreit:
233 3196 1469 3277 Du hast jahrelang in unserm Hause herumschmarotzt!“ Das ist
214 3282 294 3355 438
1905 1131 3161 1231 einfach wundervoll. Eine geradezu klassische Auffassung von
1912 1222 3167 1285 Freundschaft und Gastfreundschaft. Der Futternapf als letzter
1906 1280 3171 1358 Ausdruck gegebener und empfangener Empfindung — das
1903 1340 3169 1402 ist zwar nicht deutscher Adel, aber doch deutscher Dichteradel
1904 1399 3158 1471 um 1900. Im übrigen war die Komödie genau so lang¬
1902 1452 2683 1536 weilig wie die mißlungensten Halbes.
1983 1494 3175 1592 Noch ein Klüngel — der akademische — hat in diesen
1913 1576 3155 1644 Tagen ein Ereignis zu buchen gehabt. Die „Allgemeine Zei¬
1912 1640 3158 1708 tung“ ist in die Hände eines neuen Konsortiums übergegangen
1910 1696 3160 1755 und soll billiger werden. Ob auch amüsanter? Darüber
1905 1750 3160 1815 schweigt leider des Sängers und der Ankündigung Höflichkeit.
1910 1813 3166 1882 Gerade so wie im Vorjahr, gelegentlich eines Prozesses, jeder
1900 1862 3167 1945 wissende Mund krampfhaft schwieg, der über die Abonnenten¬
1900 1931 3153 1994 zahl Auskunft geben sollte. Diese Zeitung war jahrzehnte¬
1904 1989 3158 2052 lang der Stapelplatz aller Rückständigkeiten, ihre „Beilage“
1911 2051 3155 2118 der Tummelplatz junger Dozenten, die da gegen sehr mäßige
1898 2103 3153 2181 Honorare die Lesewelt mit aufgeblasenem gelehrten Krimskrams
1908 2158 2516 2240 langweilten. Gott bessere es!
1905 2291 3155 2368 d ddsssssss
2023 2426 3030 2553 Wider Zeuchler und Hetzer.
1983 2544 3152 2620 Furchtbares Unglück ist über Livland und Kurland herein¬
1903 2602 3148 2665 gebrochen. Heuchler und Hetzer entfachten die Raubtierinstinkte des
1898 2655 3153 2703 Pöbels, und mordbrennerisch durchzog er das Land und häufte
1905 2704 3065 2754 Schmach auf das lettische Volk, das unschuldig darunter leidet.
1978 2741 3153 2817 Grillparzers böses Wort bewährt sich aufs neue: Von der
1899 2800 3149 2855 Humanität durch die Nationalität zur Bestialität. Ein modernes
1905 2851 3143 2909 Barbarentum regt sich mächtig in der Welt; vor ihm darfst du das
1905 2895 3144 2955 Wort Humanität, Menschheit, nicht aussprechen, das beleidigt seine
1897 2942 3152 3000 Eitelkeit und Borniertheit: es verlangt einzig nach schreienden
1899 2996 3137 3051 Schmeicheleien. Brülle dem modernen Barbaren: Blonde Bestie!
1895 3054 3144 3112 zu, wenn er auch schwarz ist, und das nationale Antlitz verklärt sich
1898 3090 2305 3162 in Herrenrassenfreude.
1988 3133 3157 3196 „Nationalwahn ist ein furchtbarer Name —“ sagt Herder, „wer
1897 3194 3133 3258 nicht mitwähnt ist ein Idiot, ein Feind, ein Ketzer, ein Fremdling.“
1981 3223 3151 3292 Das baltische Herrentum, gegen das sich nicht nur der Pöbel
1890 3288 3137 3366 verging, sondern das auch die baltische, lettisch=jüdische Sozial¬
3066 3377 3138 3446 437
