3336 4320
201 122 715 245 11. Reigen
51 892 752 989 des „Deutschen Bühnen¬
58 975 747 1061 sssor Alfred Klaar.=
71 1030 750 1113 gen“, zehn Dialoge von Arthur
98 1103 743 1168 1920, im „Kleinen Schauspiel¬
74 1159 744 1225 ßig von der Bühne ferngehalten
79 1201 752 1261 beantworten. Jemand, der die
63 1261 748 1313 e kennen lernt und dessen Ein¬
76 1296 752 1371 Vorstellungen neigt, kann viel¬
73 1353 752 1412 e szenische Darstellung der Vor¬
69 1399 750 1474 , sittlich anstößig wirken dürfte.
62 1455 747 1521 rartige Annahme widerlegt. Die
62 1495 757 1562 nere Vorschrift des Dichters hielt,
82 1557 758 1618 und das Rohstoffliche nur als
62 1601 757 1665 har frei von allen erotischen Aus¬
75 1650 753 1708 Menschen verletzen könnten und
50 1697 763 1763 bischen Mann und Weib anlangt,
48 1751 753 1820 erläßlichen, auf der Bühne längst
78 1806 757 1874 keinerlei Anstoß erregen. Was
44 1851 766 1914 nlangt, so zeigte die Aufführung
56 1911 764 1973 schnitzlers von der Tendenz, das
667 1954 762 2018 Im
49 1951 627 2024 kommen freizusprechen ist.
49 2001 765 2071 kauf ab, den flüchtigen Rausch der
670 2052 754 2118 Be¬
48 2057 677 2127 ie Heuchelei, die rein sinnliche
68 2108 768 2180 und erlogener Vornehmheit um¬
57 2153 769 2214 hschätzung preiszugeben. Zu der
66 2203 768 2260 ftlicher Lüge gesellt sich in den
78 2250 765 2314 Lebenskreise hindurchführen, ein
86 2300 763 2369 der Lebenswerte beleuchtet. Die
64 2354 755 2410 ch aufreizend, vielmehr aufklärend
52 2405 752 2470 schen im Bereiche der Erotik aus¬
68 2445 767 2519 ohne sich von ihnen Rechenschaft
54 2508 764 2586 ig erscheint mir darum nach beiden
57 2561 134 2626 en.
24 2655 721 2765 . Prof. Dr. Alfred Klaar.
36 2889 770 2993 des Landgerichts III zu
45 2979 748 3055 Reigen“ betreffend.—
52 3030 752 3115 fführung von Schnitzlers „Reigen“
37 3091 755 3161 at die 6. Zivilkammer des Land¬
35 3142 766 3220 hen rechtskräftig gewordene Urteil
33 3255 763 3355 osossccsccccccse
58 3340 754 3449 UHE UND KRAFT
903 123 1300 224 box 18/1
2621 719 2682 808 7
1278 810 2675 887 Schnitzlers Buch besteht aus 10 Bilder... In jedem Bilde treten nur
1149 878 2680 938 zwei Personen auf, die je zweimal und jedesmal mit einer neuauftretenden
1157 928 2680 994 Person die geschlechtliche Vereinigung vollziehen, außer im letzten Bild, wo
1137 975 2690 1037 diese Vereinigung unmittelbar zuvor stattgefunden hat. So tritt jede
1146 1025 2676 1106 Person in zwei aufeinanderfolgenden Bildern auf, nur die Dirne, den
1148 1069 2175 1152 Reigen schließend, steht im ersten und letzten Bild.
1271 1138 2687 1205 Das Buch bietet eine Fülle von Geist und von Feinheit. Kühne,
1145 1192 2686 1256 knappe Sätze zergliedern alle Tiefen der geistigen Verfassung und des
1150 1244 2681 1310 Empfindungslebens. Teils derb, selbst roh, glatt und gemein, teils zart
1153 1297 2679 1353 und empfindsam, teils launig, neckisch, keck prickelnd, lüstern, ausgelassen
1148 1353 2676 1418 und verführerisch in der Ausmalung erfährt der immer sich gleich bleibende
1154 1400 2418 1462 Gegenstand zehn untereinander verschiedenste Abwandlungen.
1240 1458 2685 1523 Dieser Gegenstand ist die im Mittelpunkt jedes Zwiegesprächs stehende
1148 1517 2680 1585 körperliche Vereinigung. Weiterhin befindet sich im vierten, fünften,
1150 1569 2677 1633 achten, neunten, zehnten Bild der weibliche Teil im Bett. Im zweiten,
1151 1619 2675 1681 dritten, sechsten Bild ist ein mehr oder weniger erhebliches Sträuben des
1155 1673 2683 1746 weiblichen Teiles zu überwinden. Im ersten, achten, neunten Bild dagegen
1151 1723 2684 1791 drängt der weibliche Teil, und zwar im neunten Bilde mit ungemein
1151 1774 2678 1836 heftiger Leidenschaftlichkeit. Im vierten Bilde wird nach der ersten Ver¬
1147 1828 2683 1888 einigung das Ausbleiben der Geschlechtslust des Mannes ausgiebig erörtert.
1147 1881 2684 1942 Dem ehelichen Geschlechtsverkehr des fünften Bildes geht der Ehebruch des
1147 1935 2688 1994 vierten Bildes anscheinend nur um wenige Stunden vorauf. Dazu wird
1149 1990 2679 2055 im fünften Bilde der Ehebruch an sich ausführlich besprochen. Aus diesen
1143 2045 2683 2100 Erwägungen erweckte das Buch den Eindruck, daß seine Aufführung das
1155 2090 2687 2167 sittliche Empfinden erheblich verletzen und dadurch berechtigten Anstoß
1150 2137 1460 2217 erregen müsse.
1283 2188 2674 2254 Zwei von dem Gerichte besichtigte Aufführungen erzielten folgenden
1154 2234 2677 2316 Eindruck: Alles was frech, schlüpfrig oder zotig wirken könnte, wird ver¬
1150 2291 2683 2353 mieden. Selbst die Aeußerungen gewöhnlichster Geilheit im ersten Bilde
1148 2345 2678 2412 wurden so abgetönt, daß von einer Reizung der Sinnlichkeit des Zuschauers
1149 2392 2684 2462 keine Rede sein kann. Gleiches gilt von der starken sinnlichen Erregung,
1153 2444 2688 2490 der Ausgelassenheit und der Verführungskunst der Schauspielerin im
1143 2498 2675 2550 neunten Bild. Die überaus schwierige Aufgabe, die Darstellung hier nicht
1159 2541 2683 2612 ins Unschickliche oder ins Tierischtriebhafte entgleiten zu lassen, wird durch
1146 2588 2678 2661 gelungene Zurückhaltung und Zügelung alles Gemeinen vorbildlich gelöst.
1144 2646 2681 2717 Im vierten Bilde geht die Erörterung des Ausbleibens der Geschlechtslust
1145 2692 2672 2762 mit aller Sachlichkeit und Nüchternheit vor sich. Die Erörterung des Ehe¬
1148 2742 2679 2797 bruchs im fünften Bilde erscheint notwendig, um das seelische Erleben der
1155 2792 2677 2857 jungen Frau hinsichtlich des Ehebruchs, ihre Abenteuerlust, ihre Begehrlich¬
1146 2845 2565 2911 keit, ihre innere Zwiespältigkeit und Unruhe ins rechte Licht zu rücken.
1266 2893 2673 2946 Die körperliche Vereinigung sollte stets lediglich der natürliche Aus¬
1144 2936 2679 3004 fluß innigster seelischer Gemeinschaft sein. Ein Verfall dieser Auffassung
1149 2992 2677 3059 hat leider in weitesten Schichten Platz gegriffen. Diesen Kreisen wird durch
1151 3038 2669 3104 diese Aufführung die ganze Jämmerlichkeit des in ihrer Mitte mehr und
1152 3091 2680 3145 mehr einreißenden sittlichen Tiefstandes nachdrücklichst vorgeführt. Es
1150 3141 2673 3199 wird gezeigt, wie durch einen unedlen und unvollkommenen Genuß des
1150 3188 2684 3273 Augenblicks gedankenlos und würdelos zu Boden getreten wird, was der
1144 3264 2677 3351 Secsssssssssssssssssessssssssssssss
1131 3335 2688 3446 BUCHHANDLUNG GRXFE UND UNZER
