3532 4224
362 167 498 249 11.
561 166 878 286 Reigen
1055 170 1471 286 box 18/3
1257 871 2446 971 DER ZUSCHAUER
1245 956 2467 1051 DRAMATURGISCHE BLXTTER
1791 1021 1921 1092 DES
1262 1078 2436 1189 KLEINEN THEATERS
1504 1165 2176 1244 ZU LEIPZIG
2262 1289 2535 1389 II. Jahrgang.
1170 1291 1311 1370 Nr. 2.
1597 1503 2132 1658 REIGEN.
1241 1686 2564 1781 Ein „Vexierspiel“ nannte Alfred Kerr einmal Schnitzlers
1134 1761 2563 1841 Reigen In der Tat: der eigentliche Sinn dieser scheinbar halb¬
1130 1809 2573 1889 sorglos, halb zynisch hingeworfenen Bildchen ist immer noch nicht
1136 1899 2566 1954 oder nur vereinzelt gespürt worden, obwohl dieses erfolgreich
1149 1939 2567 2010 verbotene Buch jeder längst gelesen hatte. Ist es wirklich nicht
1140 2005 2570 2071 mehr als eine „Komödie des Geschlechtstriebs“? Das diebische
1146 2053 2566 2123 Vergnügen, das nicht nur so mancher wifbegierige Jüngling bei
1147 2119 2556 2185 dieser Lektüre empfand, darf sicherlich nicht als Beweis gelten.
1137 2176 2564 2253 Denn dies ist eines von den Büchern, die nicht nur im Augenblick
1148 2245 2568 2308 der Aufnahme erschüttern (in diesem Fall am h: sten das
1139 2292 2558 2367 Zwerchfell): es wirkt nach. Diese spätere dar „nde Wirkung
1142 2351 2567 2424 aber ist tiefer und ernster. Wehmut fast — will uns nach den
1138 2419 2567 2483 Exzessen der Heiterkeit beschleichen. Ein wenig beschämend ist
1146 2475 2571 2541 es für den Mitmenschen, diese fromm und bieder schwindelnden
1134 2525 2557 2584 Männlein und Weiblein einander noch in der menschlichsten
1135 2587 2564 2650 Situation an der Nase herumführen zu sehen. Wer ist da noch
1138 2652 2561 2720 Betrüger? Wer der Betrogene? Es ist schwer zu sagen. Aber
1146 2708 2564 2773 ein wenig nachdenklich stimmt es doch, daß inmitten der nicht
1142 2770 2563 2845 gut zu leugnenden allgemeinen Vergänglichkeit das Natürlichste
1146 2821 2190 2896 der Kreatur am schnellsten, so schnell vergeht!
1236 2879 2559 2962 Aber vielleicht stimmt es gar nicht! Vielleicht ist diesel
1141 2933 2564 3006 Schnitzler doch ein heimlicher Erotomane, der die Tatsachen be¬
1140 3017 2560 3083 wußt verfälscht. Dann wäre ja auch diese Lösung seiner Vexier¬
1138 3059 2575 3142 bilder hinfällig! — Nein: selbst wer den andern Schnitzler, den
1138 3116 2570 3204 graziösen skeptischen Melancholiker nicht kennt, dem man oft
1144 3186 2564 3255 genug die Dekadenz seiner Weltansicht und -Gestaltung vorgehalten
1136 3235 2561 3303 hat, täte gut, sich den Hintergrund aller dieser den Reigen schließen¬
1136 3304 2564 3366 den Skizzen anzusehen. Dieser Hintergrund aber heißt Wien.
1149 3356 2567 3441 Was auch immer inzwischen aus dieser Stadt geworden sein mag,
1146 3409 2567 3496 ob es denkbar ist, daß zwischen den unterernährten abgekühlten
