3444 4416
238 240 754 343 11. Reigen
937 228 1357 323 box 17/6
1944 204 3139 263 süßen Mädel abfällt, diese tauscht ihn gegen den Dichter
1941 258 3144 309 ein, der dann zur Schanspielerin geßt, die sich dann mit
1947 302 3140 355 dem Grafen paart, bis dieser sich wieder mit der Dirne
1946 350 3147 414 vereint. So die furchtbaren Verschlingungen des „Rei¬
1937 398 2080 468 gens“
2020 439 3143 505 Gewiß kann man auch bei diesem Stücke alle Mil¬
1940 495 3006 551 derungszründe anrufen, die die Kumst aurnfen
3034 503 3134 562 darf
1946 549 3006 602 wenn sie irnerhalb ihrer Grenzen das Häßliche
1946 599 3038 665 Abstoßende beschreibt Ueber den Reigen allerdings
1946 644 3028 711 noch mehr über seine Darstellung auf der Bühne,
3030 646 3134 712 schei¬
1940 704 3137 751 nen die Würfel im allgemeinen Urteil gefallen zu sein.
1936 741 3149 810 Moissi hat einmal gesagt, jede Schanspielerin, die im
1952 807 3058 878 =Reigen“ mitspiele, verdiene angespuckt zu weoden.
2284 859 2811 940 Die amtliche Darstellung.
2007 936 3132 1006 KB. Wien, 11. Februar. In Begründung des Dring¬
1946 991 3147 1050 lichkeitsantrages betreffend das Verbot von Schnitzlers
1946 1036 3149 1091 Reigen führte Sozialdemokrat Leuthner aus, es
1939 1081 3140 1154 handle sich nicht um die künstlerische oder die ästhetische
1945 1134 3137 1198 Seite, sondern ausschließlich um die rein verfassungsrecht¬
1945 1178 3145 1243 liche Seite der Angelegenheit. Der hiefür kompetente Bür¬
1947 1243 3150 1300 germeister von Wien hat die Aufführung bewilligt und das
1942 1285 3139 1332 Ministerium hat kein Recht zu einer Aufhebung der Be¬
1947 1332 3150 1385 willigung. Es wird offenkundig der Wortlaut des Gesetzen
1945 1383 3149 1444 verletzt. Dies geschehe in der würdelofesten und wider¬
1938 1431 3136 1489 wärtigsten Form nicht von einem wirklichen Vertreier der
1940 1472 3140 1547 regierenden Partei, sondern von einem Bedienten der¬
1939 1528 3065 1587 selben. (Lebhafter Beifall bei den Sozialdemokraten.)
2012 1580 3140 1640 Innenminister Dr. Glanz betont, daß sich nach der
1937 1622 3141 1680 Aufführung des Stückes, die weitüberwiegende Mehrzahl
1945 1671 3139 1735 der öffentlichen Meinung dahin ausspreche, daß die Auf¬
1953 1721 3131 1785 führung ihrem Gesamteindruck nach eine arge Verletzung
1950 1771 3133 1823 der öffentlichen Sittlichkeit bedeute. (Lebhafter Beifall bei
1940 1819 3142 1881 den Christlichsozialen, andauernde stürmische Zwischenrufe
1949 1868 3144 1924 der Sozialdemokraten und Gegenrufe der christlichsozialen
1940 1913 3135 1983 Abgeordneten.) Aus Gründen der öffentlichen Sittlichkeit
1950 1972 3139 2027 untersagte deshalb das Ministerium die weitere Auffüh¬
1950 2016 3136 2077 rung. (Zwischenrufe, Lärm.) Es handelt sich um ein Stück,
1946 2064 3127 2120 dessen Leitmotiv eine Sache bildet, die bei allen Völkern
1952 2112 3137 2180 selbst solchen, die sich auf einer niederen Stufe der Zivili¬
1939 2168 3136 2224 sation befinden, mit einer gewissen Diskretion umgeben
1945 2216 3142 2267 wird; die deutsche Kultur in Oesterreich wird gewiß keinen
1952 2262 3133 2317 Schaden erleiden, wenn die Schaustellung solcher Vorgänge
1939 2315 3141 2372 auf offener Bühne unterbleibt. (Skürmischer Beifall bei
1940 2356 3131 2425 den Christlichsozialen, heftige Gegenrufe bei den Sozial¬
1946 2408 3127 2471 demokraten. Es handelt sich um eine Verfassungsfrage
1946 2455 3134 2512 Formal hat der Minister nach den geltenden Kompetenz¬
1941 2507 3126 2573 bestimmungen das Recht und die Pflicht zur Aufsicht und
1940 2561 3130 2612 zum Verbote der Aufführungen. Was die gegen ihn per¬
1944 2607 3127 2660 sönlich gerichteten Bemerkungen des Vorredners betreffe
1941 2650 3129 2701 überlasse er das Urteil über sein Wirken getrost jedem an¬
1934 2706 3133 2763 ständig denkenden Menschen. (Lebhafter Beifall u. Hände¬
1947 2747 3131 2807 klatschen bei den Christlichsozialen, stürmischer Widerspruch,
1946 2799 3134 2863 Abzugrufe bei den Sozialdemokraten. Mehrere Sozial¬
1946 2830 3198 2934 demokraten dringen mit stürmsichen Rufen gegen den Mi=z
2248 3283 2905 3370 „Salzburger Chronik“
1972 3392 3166 3444 nistertisch vor und schlagen heftig auf denselben. Lang an¬
1972 3431 3167 3504 haltender Lärm und großer Tumult. Vor der Minister¬
1965 3489 3159 3549 bank kommt es zu stürmischen Auseinandersetzungen. Die
1973 3529 3165 3586 Ordner bemühen sich, die heftig aneinander geratenen Ab¬
1979 3580 2448 3642 geordneten zu trennen.)
2044 3627 3164 3695 Nachdem sich der Lärm einigermaßen gelegt hat, spricht
1972 3672 3166 3742 Präsident Weiskirchner sein tiefstes Bedauern über
1973 3727 3164 3776 diesen unqualifizierbaren Vorgang aus und erteilt eine
1963 3772 3167 3844 Reihe von Ordnungsrufen. Der christlichsoziale Abgeordnete
1969 3828 3160 3880 Volker billigt den Standpunkt des Ministers und ver¬
1984 3874 3165 3927 vies darauf, daß auch in München und Berlin der „Rei¬
1973 3924 3165 3977 gen“ verboten wurde. Abg. Seitz nahm in scharfer Weise
1972 3974 3155 4035 Stellung gegen den Minister des Innern und kündigte den
1968 4025 3157 4078 entschiedenen Widerstand der Arbeiterschaft gegen jede
1971 4067 3164 4135 Verletzung der Verfassungsrechte Wiens an. (Lebhafter
1963 4114 3157 4174 Beifall bei den Sozialdemokraten, andauernde Zwischen¬
1970 4176 2663 4233 rufe bei den Christlichsozialen.)
2662 4151 3166 4232 Abg. Dr. Bauer ver¬
1972 4217 2719 4270 m
3165 1795 3199 1844 d
3163 1838 3200 1905 0
3164 1886 3212 1946 u
3158 1942 3208 2006 zi
3166 2140 3220 2190 w
3167 2239 3215 2290 ei
3166 2473 3215 2530 te
