3392 4256
334 179 842 290 11. Reigen
184 1281 823 1385 h oftmals die Entscheidung einer
186 1353 821 1426 sin ein Abgeordneter seine Fähig¬
219 1448 830 1520 dann als Zeugen herangezogen,
195 1500 834 1566 ipfinden“ verkörpern sollten. Nun
187 1543 834 1618 sch Anhänger und Anhängerinnen
192 1594 837 1658 spartei mit Hilfe gewisser Organe
178 1634 834 1718 pnders zahlreich in den Zuschauer¬
194 1679 832 1749 Doch wie dem auchs auf einmal
182 1733 825 1807 tet große Zahl von Sittlichkeits¬
233 1777 843 1842 und der juristische Lehrsatz von
212 1819 838 1904 Zeugenaussagen bewahrheitete sich
203 1889 253 1942 ße.
203 1902 846 1991 künftige Rechtspraxis von nicht
187 1958 845 2035 was im Laufe dieser Verhandlung
179 2016 845 2085 hen Wahrnehmungen unbedenklich
174 2061 849 2130 über alle Maßen prüde Dame tat
186 2107 849 2173 trüstet, daß eine der Haupt¬
182 2142 848 2215 hner Szene ihre Bluse zugeknöpft
191 2192 855 2270 8Vorsitzenden, ob denn die Bluse
174 2239 863 2331 Par, antwortete sie, daran könne sie
221 2291 859 2352 Ein ehrbarer Familienvater gab
178 2331 859 2403 en Vorstellung daran gedacht zu
184 2389 859 2469 doch wäre, wenn seine Tochter diese
202 2434 862 2508 ansehen würde. Als auf diskrete
180 2472 865 2544 ieser schamhaft Erzogenen geforscht
179 2519 866 2589 dings heraus, sie habe ihr fünftes
190 2565 868 2639 berschritten. Modernere Erziehungs¬
217 2619 873 2687 ebenfalls als Zeugin vernommene
184 2658 871 2739 ehnjährigen Sohn zur Vorstellung
186 2715 863 2783 knter allgemeiner Heiterkeit mit er¬
182 2750 873 2846 ptet, auf sein Gemüt abschreckend
177 2820 873 2915 nent der Verhandlung aber war der
194 2887 883 2960 gensatz zwischen dem Gutachten des
202 2949 882 3015 Professor Brunner und dem Fach¬
188 2985 882 3063 sten und Kritiker Berlins. Hier er¬
184 3024 891 3107 ficher wie je zuvor, daß es keine
193 3080 889 3143 te Sachverständigennormen zur Fest¬
184 3128 890 3205 keiten gebe, die auf literarischem oder
190 3173 887 3265 begangen worden seien, sondern daß
1023 181 1446 273 box 18/2
1370 1204 1801 1294 Lehse eine Seiger
856 1241 1991 1348 parlamentarischen Rechtes der Vertreter von fast vier
863 1318 1992 1394 Millionen Steuerträgern, wenn man in den Kommissionen,
867 1408 2003 1492 die Kunstübung von Epoche zu Epoche und von Fall zu
881 1472 1988 1547 Fall in der Widerspiegelung der herrschenden sozialen Zu¬
880 1503 1989 1584 tände ihre eigene Form= und Sittenlehre schaffe, deren
884 1554 1999 1630 einzig berufener Interpretant eben der bewährte Kunst¬
880 1623 1081 1688 kenner sei.
963 1633 2008 1730 Bei der Erscheinung Brunners lohnt es sich, ein klein
874 1690 2008 1775 wenig zu verweilen. Er ist ein besonders sinnfälliger Typus
888 1738 2009 1824 jener prophetisch Angehauchten, die Sittlichkeitskunde auf
891 1786 1998 1875 Grundlage einer konservativen Weltauffassung, ja mehr noch
880 1841 2000 1909 auf Grundlage einer konservativen Parteistellung betreiben.
893 1878 2010 1961 Aus dem Gymnasiallehrerstande hervorgegangen, gelang
890 1926 2009 2003 es Professor Brunner noch während der kaiserlichen Aera,
895 1972 2008 2058 sich kraft seiner philologischen Kenntnisse zur Würde eines
900 2023 2008 2096 polizeilichen Sachverstundigen in Fällen „zweifelhafter
889 2065 2009 2142 Kunstmoral“ emporzuschwingen. Die schutzmannschaftliche
897 2113 2013 2189 Moralschnüffelei ist bekanntlich in der deutschen Reichs¬
907 2167 2024 2245 hauptstadt von jeher mit dem größten Sacheifer praktiziert
904 2206 2023 2293 worden. Professor Brunner aber legte seinem Feldzug
901 2253 2022 2329 empfindsame Motive der nationalen Erbitterung zugrunde.
903 2294 2026 2377 Mit der Tatsache des machtpolitischen Verfalles war in
912 2344 2026 2423 seiner Vorstellung — wie in der vieler Angehörigen der
913 2404 2025 2471 äußersten politischen Rechten — das Bild einer jähen sitt¬
907 2437 2034 2517 lichen Zerrüttung aufs engste verknüpft. Die demokratische
910 2491 2025 2568 Staatsform, wie sie sich auf den Trümmern der alten
918 2535 2037 2608 autoritativen Herrlichkeit eingerichtet hat, scheint ihm ein
912 2577 2039 2652 Quell aller sittlichen Störungen, die im neuen Reiche der
921 2625 2031 2705 Demütigungen und Reparationen gewiß häufiger als im
921 2669 2046 2745 alten Ordnungsstaate in Erscheinung treten. Zu diesem
915 2712 2037 2792 Eindruck gesellt sich, wenn schon kaum mit tendenziöser Ab¬
934 2764 2041 2842 ichtlichkeit, ein merkwürdiges Uebergreifen in die landes¬
926 2817 2039 2888 übliche antisemitische Dialektik. Wenn Kunstprodukten, wie
931 2857 2041 2936 Schnitzlers „Reigen, das Zuwiderlaufende der „christlichen
925 2913 2038 2978 Weltanschauung entgegengehalten wird, so ist es immerhin
934 2956 2047 3037 chwer, sich einer solchen Wahrnehmung mit Erfolg zu
934 3022 1112 3086 erwehren.
1023 3049 2046 3122 In neuester Zeit sah sich also Herr Professor Brunner
936 3101 2049 3175 aus dem Gesühl des patriotischen Schmerzes heraus von
941 3141 2055 3222 einer Fülle der Amtsgeschäfte arg bedrängt. Es galt, in
2038 1191 2695 1260 uue Juden ihren sesten Enhfetug
2034 1210 3163 1307 rasten, solange dieses großzügige Hilfswerk nicht zum
2036 1282 3161 1363 Erfolg geführt haben würde. Ueberdies liegt die wertvolle
2035 1383 3169 1471 das Dickicht der unästhetischen Offenbarung einzudringen
2042 1446 3174 1506 und womöglich alle Verquickungen und Anzüglichkeiten
2044 1478 3160 1555 sexueller Art als volksentartende Ungeheuerlichkeiten dem
2048 1525 3165 1600 Staatsanwalt einzuflüstern. So kam es in kurzen Inter¬
2040 1574 3177 1644 vallen dank Brunners sittenretiender Agilität zu etlichen
2051 1622 3169 1693 Strafprozessen gegen „ästhetische Unzucht. Unter anderm
2051 1663 3176 1739 blieb Professor Brunners Argusblick an einer Illustrations¬
2054 1713 3169 1795 sammlung hängen, die den Titel „Venuswagen“ führt (für¬
2046 1774 3165 1834 wahr, ein äußerst verdächtiger Titel!). Diese Sammlung,
2050 1805 3173 1878 im bekannten Berliner Kunstverlag Fritz Gurlitts erschienen,
2061 1865 3171 1938 schien in Brunners Augen vor allem durch eine Zeichnung
2058 1903 3182 1972 kompromittiert, die vom Meister schwebender, übersinnlicher
2066 1945 3169 2030 Formen, Lovis Corinth, stammend, eine geradezu meta¬
2064 1990 3179 2079 physische Farbenfablimierung er weiblichen Nacktheit bildet.
2148 2037 3176 2108 Der „Venuswagen=Prozeß“ gereichte der Kunstautorität
2063 2082 3185 2160 des Professors Brunner nicht zum besonderen Vorteil. Doch
2071 2131 3184 2203 ließ er sich durch diesen Mißerfolg nicht abschrecken. Seine
2065 2172 3191 2248 Säuberungsaktion galt in der Folge mit ausschließlichem
2066 2233 3186 2297 Eiser dem Fall „Reigen: Schon von allem Anbeginn waren
2078 2269 3190 2345 ihm die Aufführungen des Kleinen Schauspielhauses ein
2067 2316 3188 2391 Dorn im Auge. Man munkelte bereits im vergangenen
2068 2359 3188 2451 Frühjahr, als die vorhin erwähnte Demonstration des
2073 2410 3194 2489 „Deutschnationalen Schutz= und Trutzbundes“ stattfand, einen
2085 2457 3190 2529 tieferen Zusammenhang mit seiner Person. Diese zehn
2078 2500 3207 2575 Dialoge, die alle und insgesamt auf denselben Endeffekt
2087 2547 3193 2636 hinauslaufen und die das angestrebte Endziel keineswegs
2080 2594 3205 2674 verhehlen, schienen dem pädagogischen Kunstkriminologen
2088 2637 3201 2732 Brunner einen derartig unzweideutigen Schuldbeweis zu
2083 2686 3199 2770 liefern, wie etwa Ehebrecherinnen, die auf frischer Tat er¬
2082 2759 2345 2826 tappt werden.
2181 2763 3214 2859 Dabei bedarf es fürwahr keiner so weit ausholenden
2086 2837 3200 2909 Gewaltsversuche, um in Berlin nach „Unmoral“ zu fahnden.
2094 2875 3204 2957 Es gibt eine Unsittlichkeit in höherem Sinne, die es gleicher¬
2091 2914 3203 3007 weise ist für die ethische und schöngeistige Betrachtung. Ethik
2089 2962 3213 3046 und Aesthetik — sie drängen beide auf Charakter. Und
2095 3005 3215 3090 durch die stil= und regellose Entwicklung Berlins zur Welt¬
2111 3055 3215 3141 taot während der letzten Jahrzehnte, durch den hastigen Zu¬
2103 3115 3222 3198 strom der Glücksjäger aus allen deutschen Gauen war ge¬
