3436 4352
449 453 1123 540 Montag, den 8. Mai 1922
1472 468 3104 547 Benläge zml Vonswac
447 644 1564 731 ernsten Teil an der Arbeit nimm, hilst nach besten Krüsten mit.
2905 689 3311 762 erscheinung naturgemä
1679 708 2858 761 gerade bei seinen Anhängern finden, denen er weis machen
2910 747 3299 798 Folge. Die Zeit der
733 731 1343 816 Maifeier und Nächstenliebe
2900 784 3305 838 Verantwortungsgefühl
1676 788 2852 838 Beschimpfungen von Sozialdemokratie und Regierung nicht
461 787 1630 850 lautet die Ueberschrift zu einem neuen Quatsch, den die „Schle¬
2917 822 3289 869 Zahl der Schuldigen
1688 821 2854 866 fehlten und auch der ermordete Erzberger als Objekt für faule
453 839 1635 890 sische Zeitung“ veröffentlicht. Danach hat eine Dame von der
2905 863 3313 916 seine Bestrafung fänd
1687 863 2849 911 Witze herhalten mußte, nimmt bei dem Kulturniveau dieser
464 878 1636 930 Gabitzstraße nach der Herdainstraße gehen wollen, um eine Kranke
2912 892 3299 957 viele kommen garnicht
458 915 1626 971 zu pflegen. Sie hat aber nicht über die Kaisek=Wilhelm=Straße
1692 939 2858 986 sische Zeitung“ die Hohenzollern, die Geistlichkeit und überhaupt
2990 943 3307 1005 Das T. T.=Progr
460 951 1628 1007 gekonnt, und ist desholb mit der Linie 23 über das Odertor und
1689 985 2862 1025 auch seine eigene Gefolgschaft von dem Redner starke Grobheiten
2905 979 3295 1043 dem Lustspiel Leos
457 995 1631 1038 die Kaiserbrücke um die ganze Stadt herum nach der Herdain¬
1683 1015 2857 1062 gesagt bekamen, und was er über Alkohol= und Tabakgenuß der
2912 1022 3318 1080 komischen Seite angefa
460 1028 1633 1086 straße gefahren, und mit einer Stunde Verspätung zu der Kranken
1680 1061 2854 1105 Männer und die Modefexerei der Frauen, über das Saufhelden¬
2908 1063 3326 1113 aber nach einem Jahr
464 1079 658 1135 gekommen.
1690 1092 2858 1144 tum der Studentischen Korporationen sagte. war das einzig Ver¬
2912 1095 3323 1157 im Leben auch vorkom
555 1101 1645 1162 Die Dame hätte sich nur an einen der vielen Ordner zu
1684 1133 2860 1180 nünftige an dem ganzen Vortrag, der sonst nichts anderes bewies,
466 1147 1634 1193 wenden brauchen, der ihr sofort auf die andere Straßenseite ge¬
2994 1141 3313 1203 „Im Wahn un
1695 1170 2849 1215 als die Tatsache, selbst mit dem Mäntelchen rassengeschichtlicher
461 1180 1628 1236 holfen hätte. Zwischen allen Gruppen sind Lücken gewesen, durch
2904 1170 3314 1237 der Roman einer ung
1686 1210 2852 1253 Wissenschaft nicht den geringsten Beweis für die Berechtigung des
458 1215 1634 1278 die auch Wagen der Elektrischen hindurch gefahren sind. Neulich
2917 1221 3319 1278 einer fraglichen Situat
1691 1249 2849 1296 Hakenkreuzlertums erbringen zu können. Den sehr einseitig ver¬
463 1261 1632 1312 erzählte ja erst erst der Berichterstatter der „Tagespost“, wie schwer
2917 1264 3009 1317 rascht
1694 1286 2856 1335 anlagten, fast durchweg mit dem schmalen Schädel des wirk¬
466 1296 1628 1348 er sich über die roten Fahnen geärgert hat, bis — eine Lücke
2907 1305 2996 1350 Von
3025 1302 3323 1353 ihrem Mann ve
1686 1319 2856 1367 lichkeitsfremden Theoretikers behafteten Jüngern dieser Bewe¬
467 1336 1633 1385 im Zuge es ihm ermöglichte, seinen Weg fortzusetzen. Vielleicht
2905 1336 3009 1388 endet
3021 1341 3318 1397 als alte Frau du
1693 1361 2857 1424 gung wird freilich mangels genügender Kritikfähigkeit diese Tat¬
458 1379 1635 1424 hat die Dame aber nur Maulaffen feil gehalten, wie ehemals beim
3001 1378 3320 1431 Paris und bringt
1683 1402 2224 1458 sache sobald nicht einleuchten.
458 1418 1635 1470 Radfahr=Bundesfest, das sie noch so genau zu schildern weiß, ob¬
1775 1421 2852 1488 Der Vortrag klang aus in Säbelgerassel, schwarzweißrote
466 1453 1634 1501 wohl es lange vor dem Kriege war. Und weil sie dann eine
2905 1449 3309 1515 fahrt der Minensucher
1691 1476 2597 1527 Fahnenschwärmerei und blutrünstiges M
2597 1477 2855 1535 undheldentum,
466 1491 1639 1547 Stunde zu spät gekommen ist, sollen die Sozialdemokraten daran
3010 1499 3323 1555 Auch in den Ah¬
1691 1515 2584 1562 ein passender Abschluß dieses verlorenen Abends.
3203 1541 3247 1573 #7
464 1536 664 1600 schuld sein.
2905 1532 3329 1596 „Die schwarze Lu“, das
2912 1578 3304 1632 widrigen Umständen
714 1575 1386 1648 „Die Hakenkreuzler unter sich“.
2008 1592 2539 1678 Theater und Film.
2905 1618 3329 1662 geschildert, der ein Ho#
552 1628 1640 1706 Folgenden Bericht sendet uns ein Leser über eine kürzlich
2912 1663 3291 1711 Stück einen weniger
2165 1658 2351 1731 „Reigen“.
454 1676 1643 1745 im Gasthaus „Metropol“, Lohestraße 45/47, stattgefundene deutsch¬
2909 1693 3306 1746 kannten, den er einst
2070 1704 2480 1782 Von A. Schnitzler.
445 1727 887 1788 völkische Versammlung:
2916 1739 3334 1791 ermöglicht, ein neues 2
558 1739 1584 1808 Mir wurde eine Einlaßkarte zu dem nur für den intim
1779 1755 2864 1824 Konnte man bei der im vorigen Jahre hier gezeigten Auf¬
3011 1777 3322 1837 „Die Ehe der
445 1799 1555 1847 deutschvölkischen Kreis berechneten Vortrag des „Sprach¬
1700 1810 2864 1857 führung des „Reigen“, die immerhin am Primitiven litt, als
2912 1803 3325 1885 kurzer Dauer; ihr Ma
1494 1835 1581 1891 a
457 1840 1490 1887 Rassenforschers“ Dr. phil. Hoffmann=Kutschke über „Die
1692 1853 2852 1903 normal auffassender Mensch nicht zu der Auffassung kommen, daß
2916 1854 3295 1911 dem Ruin zu retten.
454 1881 1574 1928 frage, — der Schlüssel zur Weltgeschichte“ trotz meines Einspru
1689 1890 2863 1934 man es mit einem unsittlichen Werke, mit einem Appell an die
2901 1896 3327 1952 Trauerjahres kehrt sie
465 1918 1574 1966 in die Hand gedrückt. Als Phrenologe und Physiognomiker in
1690 1932 2854 1981 niederen Instinkte der Menge zu tun habe, so führt die, im Augen¬
2915 1941 3298 1989 erst wieder annimmt,
456 1955 1570 2007 essierte mich das Thema immerhin, und so ging ich hin. Anwe
1684 1969 2856 2015 blick auf dem Spielplan der Schauburg stehende Aufführung des
2915 1978 3335 2036 Mannes verzichtet und
464 1989 1574 2046 waren einige Hundert „deutschblütige“ Jünglinge und Jungfra
1693 2011 2855 2060 „Reigen“ noch um ein wesentliches mehr jeden etwa Zweifelnden
2907 2013 3343 2080 nicht aus Eigennutz ge
466 2034 1551 2080 und auch etliche ältere teutsche Damen und Herren, letztere
1691 2030 2867 2091 von dieser Auffassung ab. Die Art der Wiedergabe der zehn
2998 2049 3332 2116 Ufa=Theater. Ein
465 2074 1571 2118 teilweise sehr urteutschem Bierphilistergesicht. Die Tische tru
1689 2081 2857 2125 Schnitzlerschen Dialoge, womit der Dichter die schalen und falschen
2905 2077 3323 2161 „Die Brandung b
459 2109 1571 2163 schwere Seidel mit gut deutschem achtprozentigem, oder zu
1690 2123 2858 2169 Allgemeinbegriffe unserer Zeit über das Liebesleben aufzeigt,
2905 2140 3335 2192 Inhalt und die ausgez
462 2142 1572 2194 prozentigem Vockbier, sodaß die Stimmung schon vor Eröffn
1693 2161 2853 2208 um bessernd und veredelnd zu wirken, die Art der Darstellung also,
2917 2172 3323 2229 Prandung des Lebens
461 2187 1510 2232 sehr gehoben schien, fühlte man sich doch sicher vor den
1693 2200 2859 2246 erfährt durch die Mitwirkenden eine derart dezente Wiedergabe,
2909 2216 3345 2270 den Höhen der Liebe un
455 2199 1563 2272 Juden bestochenen Arbeitern“, die die letzte so schöne Versa
1693 2237 2861 2281 daß sich am Stoff selbst nur eben höchstens ein in heimlicher
2914 2251 3326 2304 sohnende Ausklang ist
464 2255 1530 2308 lung gestört hätten, wie der den Vorsitz führende reichlich
1696 2275 2856 2324 Niedrigkeit weilender und mit krankhafter Phantasie belasteter
2913 2293 3319 2340 sächlich der wirksamste
459 2298 1641 2352 Mann behauptete, und als dieser nun gar im üblichen deusch¬
1689 2308 2857 2355 Sittenfex zu entrüsten vermag. Gibt ja doch auch ein Auszug aus
2907 2335 3313 2386 komisches Liebesspiel:
453 2343 1639 2392 völkischen Tone berichtete, daß der „Jude Rosenthal am gleichen
1690 2353 2867 2403 dem Urteil der 6. Zivilkammer des Landgerichts Berlin III fol¬
2906 2372 3289 2426 das gute Programm.
458 2379 1649 2430 Tage zu 600 M. Gerdstrafe verdonnert worden sei“, erschütterte das
1690 2394 2859 2438 gendes wieder: Alles, was frech, schlüpfrig oder zotig wirken
467 2420 1639 2465 erste Beifallsgebrüll und Getrampel die dicke Bier= und Zigen#¬
1695 2425 2855 2473 könnte, wird vermieden. Die Wirkung der Aufführung gipfelt in
465 2448 1650 2501 lufi des Saales. Seine Eröffnungsrede klang in das weinetliche
1696 2465 2863 2512 der Erzielung eines sittlichen Ekels vor dem Tiefstand der Hal¬
3170 2464 3354 2543 Ver
459 2496 1619 2545 Geständnis aus, daß der arme deutschvölkische Schutz= und Trusbu#
1694 2502 2855 2549 tung weitester Bevölkerungsschichten auf dem Gebiete des Ge¬
464 2533 1598 2579 nur hinter den Kulissen arbeiten könne und mü
2898 2534 3320 2607 Achtung, Hausmeister!
459 2561 1593 2627 zumal sich kein Saalbesitzer im Inneren der Stadt dazu hergeh
1684 2588 2861 2634 Zuschauer auch erzielt. Vor allem aber beruht diese Wirkung auf der
2938 2591 3351 2647 tag, den 8. Mai, n
470 2611 1575 2668 wolle, den Hakenkreuzlern eine Bleibe zu bieten. Nun trat
1691 2628 2855 2681 ernsten Hingabe der Direktion an ihre Aufgabe und auf ihrer
2939 2625 3344 2682 den 11. Mai, abends
452 2645 864 2712 Held des Abends auf.
1697 2661 2794 2709 überlegenen Kenntnis der Wirkung der szenischen Darstellung
2938 2663 3345 2727 hauses. Sehr wichtige
556 2687 1555 2740 „Deutsche Schwestern, deutsche Brüder! Ich bedauere,
1779 2690 2860 2746 Durchweg vorzügliche, darstellerische Kräfte sind bei der Auf¬
2937 2705 3254 2751 zählig erscheinen.
1060 2728 1595 2788 Es begann mit diesen Wor
465 2713 1023 2777 ich nicht öffentlich reden kann.“
1698 2736 2856 2783 führung tätig. Allseitig ist Wort und Geste peinlich abgewogen,
2907 2735 3355 2803 Deutscher Textilarbeiter
463 2765 1539 2817 eine zweieinhalbstündige typische antisemitische Hetzrede,
1696 2776 2863 2825 so daß dem kritischen Auge nichts bleibt, als den Darstellenden
2947 2781 3343 2832 tag, den 9. Mai, nach
465 2803 1574 2854 selten von einigen Worten durchbrochen, die wirklich zum wis
1688 2810 2864 2864 gutzuschreiben, daß sie sogar teilweise auf künstlerische Wirkungen
2940 2817 3346 2874 werkschaftshauses: Br
465 2850 1591 2896 schaftlichen Teil des Vortrages gehörten, dafür kehrten die A
1693 2856 2865 2899 verzichten, wenn es sich darum handelt, zur Erhaltung dezenten
2941 2858 3358 2916 bereien und Waschanst
466 2889 1582 2932 drücke: Bande, Judengefindel u. a. recht häufig mit den da
1697 2891 2857 2943 Eindrucks, zwischen dieser und strenger Einfachheit der Darstellung
2909 2893 3351 2961 Deutscher Bararbeiterver
465 2923 1595 2974 gehörigen Gesten des Umbringens und Hinauswerfens wied
1684 2931 1888 2984 zu wählen.
2943 2944 3357 2999 7 Uhr, im kleinen Saal
461 2961 1586 3012 Natürlich wurde gerade an solchen Stellen der Vortrag mit 2
1785 2958 2865 3024 Und dieser Auffassung waren am Abend der Erstaufführung
466 2997 1562 3048 fall gelohnt, während der „wissenschaftliche“ Text anscheinend
1695 2990 2855 3054 die überwiegende Mehrzahl jener Besucher, denen die Fähigkeit.
2938 2981 3074 3083 Tehsen.
473 3038 1569 3086 meisten Jünglingen nicht recht eingehen wollte. Besonders bei
1695 3044 2856 3105 objektiv zu denken, ein eigenes gesundes Urteil ermöglicht. Gewiß
2909 3052 3337 3115 Achtung, Baudelegierte!
459 3078 1593 3125 physiognomischen zeichnerischen Darstellungen des Redners exgal
1686 3088 2665 3142 aber hörte man auch Stimmen brunnerschen Geistes.
2944 3106 3358 3155 Zimmer 3 des Gewer
463 3118 1605 3164 sich oft für den Kenner der Materie recht erheiternde Momen
1790 3100 2867 3170 Warum sollten die Brunners in Breslau fehlen? Sie gehen
2949 3148 3131 3197 sammlung.
469 3153 1609 3197 wie Verwechselung der vom Redner gezeichneten germanisch
1686 3140 2862 3213 in den „Reigen“, um sich — zu entrüsten. Wenigstens äußerlich.
468 3192 1599 3241 Hakennase mit der semitischen Krummnase durch das Publiku
2902 3170 3366 3251 Deutscher Holzarbeiterve##
2772 3197 2825 3255 3.
465 3227 1607 3277 welches durch verständnisinniges Grinsen sich peinlich blamier
468 3263 1581 3323 und erschreckte Gesichter schnitt, als der Redner den Irrtum
2950 3268 3359 3327 schaftshauses: Außerord
1789 3289 2870 3354 Wenn man die Films der heutigen Zeit betrachtet, kann
471 3308 1564 3354 klärte. Nicht minder peinlich war auch die abfällige (aber
2944 3307 3190 3356 siehe Inserat.
1692 3346 2863 3391 man, gerade auch bei den guten Filmstücken vielfach die Be¬
467 3344 1639 3394 rechtigte) Kritik der zurückfliehenden Stirn und des vorspringenden
1702 3381 2862 3430 obachtung machen, daß der alte Satz: „alle Schuld rächt sich auf
476 3385 1624 3429 Unterkiefers, welche Eigenheiten der Redner der „fremden Rasse
3241 3396 3345 3464 Aus
1694 3417 2858 3468 Erden“, heute seine Bedeutung verloren hat. Nicht der wirkliche
464 3420 1641 3474 zuschrieb, aber leider war er selbst und besonders auch der mehr¬
1693 3454 2861 3503 Schudige wird immer bestraft, sondern gerade der Unschuldige
465 3461 1643 3507 fach erwähnte Versammlungsleiter von diesen Merkmalen nicht
2996 3448 3357 3507 Das bekannte Mode
1696 3495 2858 3542 wird oft vom harten unerbittlichen Schicksal verfolgt. Es ist dies
2906 3477 3360 3538 Sitz von Kattowitz nach
466 3497 1646 3543 frei. Auch noch andere von ihm verurteilte Formenunschönheiten
461 3536 1651 3587 des menschlichen Antlitzes und Schädels konnte man in Reinkultur
2911 3539 3313 3601 Dienstag, den 9. Mai,
1690 3535 2858 3594 wohl auch ein Zeichen der Zeit. Kriege haben als Folge¬
1601 2733 1654 2775 en
