3392 4352
290 113 811 218 11. Reigen
983 111 1405 219 box 17/2
1608 825 2047 931 e
953 837 1185 933 21
982 914 1200 984 K
1593 917 2140 977 Jen
1370 984 2186 1100 Wir und die „Freistalt“.
1025 1090 2633 1162 Da die „Freistatt“ auf unsere offizielle Erklärungs) nichts Stichhältiges
907 1157 2626 1232 erwidern kann, wirft sie uns ein paar alberne, nicht zur Sache gehörige Bemerkungen
919 1206 1610 1268 und freche Lügen auf den Weg.
1031 1245 2634 1317 Albern nennen wir die Behauptung, die „Freistatt“ hätte uns „eine kleine
903 1299 2628 1357 Rüge erteilen müssen“ weiters: unsere Auslassungen seien „recht schlecht stilisiert",
920 1355 2632 1413 endlich: die Redaktion der „Freistatt“ habe „durchaus nichts mit den Inseraten zu
908 1405 2640 1464 tun“. Die freistättische Jugend hat entschieden Anlage zum Größenwahn, so sie
907 1453 2630 1516 ernstlich glaubt, sic wäre berufen, „Rügen zu erteilen“. Ob unsere Erklärung schlecht
916 1503 2634 1560 oder gut stilisiert war, geht die Herren einen Pfifferling an; wir haben ja auch
914 1554 2632 1606 nicht nachgeschnüffelt, wie viele stilistische Uebertretungen und Verbrechen Freistatt¬
911 1598 2632 1659 recht genießen. — Was die Ablehnung jeder Verantwortlichkeit für die Inserate
916 1642 2626 1703 anbelangt, so wissen wir nunmehr ganz klar, was von der „Freistatt“ zu halten ist.
913 1698 2623 1765 Die rechte Hand weiß nicht, was die linke tut: der Standpunkt der echten Jour¬
908 1732 2632 1799 naille. Bequem und rentabel; ins Polnische übersetzt: Nie honorowo, ale zdrowo.
1036 1787 2628 1855 Die Behauptung, daß der eine Herausgeber der „Neuen Bahnen“ Stauf von
912 1838 2624 1896 der March sich gegen die „Freistatt“ gewendet habe, ist eine fanstdicke Lüge. Die
924 1890 2637 1948 Erklärung rührt von der gesamten Schriftleitung her und bezog sich vor allem
911 1942 2632 1998 nicht auf den Inseratenteil der „Freistatt“, wie die Herren glauben machen wollen,
916 1987 2618 2045 sondern auf die Unterstellung der „Denunziation“. — Daß die „Herren Schriftleiter
918 2036 2626 2100 der „Neuen Bahnen“ damit beschäftigt sind, mit bombastischen (!) Anzeigen
920 2086 2632 2169 ihrer eigenen Werke den Umschlag des Blattes auszufüllen“ ist dito eine Luge
913 2142 1774 2202 und zwar eine der unverschämtesten.
1035 2184 2639 2253 Wir können somit nicht umhin, den (oder die) Schreiber der freistättischen
915 2231 2215 2306 Notiz für Lügner und Fälscher von Tatsachen zu erklären.
1038 2277 1507 2369 Wien, 7. Juli 1903.
1567 2313 2640 2406 Die Schriftleitung der „Neuen Bahnen“.
1031 2456 2617 2543 Wir bemerken hier, daß Törnsees Artikel „Sehr geehrter Herr Staatsanwalt“
917 2535 2625 2591 auch den hiesigen Blättern „Don Quixote“ und „Die Wage“ Gelegenheit ge¬
919 2586 2625 2643 boten hat, einesteils uns eine recht boshaft gemeinte, aber recht harmlos ausgefallene
933 2626 2635 2685 Schelte anzuhängen, andernteils für den armen Mann aus Anatolien, den Martyr
931 2685 2629 2740 Schnitzler in die Jerichoposanne zu stoßen. Merkwürdig ist es, daß die Herren
919 2726 2627 2787 Autoren über die eigentlichen Gründe der Veröffentlichung jenes Artikels sich
923 2784 2639 2834 behaglich ausschweigen. Wir sind in den Augen des Herrn Ritters von der
917 2825 2610 2886 traurigen Gestalt „Mucker, Denunzianten, Vernnreiniger deutscher Geistes=Freiheit“
921 2872 2634 2941 und weiß Teufel was noch. Der gute Don belehrt uns, daß „die Menschen nicht
921 2924 2627 2986 aus dem Durchblättern von Gebetbüchern entstehen“ (Gott, was vor e Lotzelach!!)
929 2967 2635 3039 und ruft schließlich in der Pose eines alttestamentarischen Propheten Weh' und Zeter
925 3027 1137 3102 über uns:
1176 3045 2630 3119 Schmach über jedes nationale Empfinden, das sie (die Kunst) zu besudeln gebietet und
1043 3083 2631 3166 seine Sittlichkeit sich von Herrn Bobies schützen läßt! Das ist nicht deutsch, sondern pfäffisch¬
1034 3155 1490 3217 polizistenhaft=österreichisch!“
1039 3221 1282 3303 *) Seite 374.
