3532 4256
406 87 535 160 11.
1107 93 1527 183 box 18/2
601 107 919 190 igen
2525 488 2781 609 Ge#
1049 770 2549 927 Der „Reigen“ vor Gericht.
1805 965 2981 1037 worden, was daran anstößlich ist usw.? Zeuge: Die Sache ist da¬
627 939 1746 1055 Fortsetzung der Zeugenvernehmung.
1810 1008 2983 1087 mals ausführlich besprochen worden. R.=A. Dr. Rosenberger:
637 1036 1772 1101 Nach eintägiger Unterbrechung wurde heute vor der 6. Straf¬
1813 1043 2985 1119 Sie haben selbst gesagt, daß die Staatsanwaltschaft den Anstoß ge¬
587 1090 1772 1141 kammer des Landgerichts III die Verhandlung gegen Frau Gertrud
1809 1083 2989 1158 geben hat, sich das Stück anzusehen? Zeuge: Ich bin aber nicht
1819 1126 2992 1190 im Auftrage meiner Organisation, sondern aus eigener Initiation
589 1130 1776 1187 Eysoldt, Direktor Sladek und die 11 Büühnenmitglieder in der
1817 1159 2982 1233 hingegangen. R.=A. Dr Rosenberger: Als Sie hingingen,
595 1168 1768 1243 Reigenaffäre fortgesetzt. Die Verhandlung hat auch heute
1819 1198 2983 1263 bußten Sie aber schon, daß es sich um ein Stück handelt, an dem
602 1214 1773 1279 wieder zahlreiche Zuhörer angelockt, so daß lange vor Beginn der
1813 1230 2977 1304 Sie Anstoß nehmen würden? Zeuge: Jawohl, das mußte ich aus
596 1255 1766 1325 verhältnismäßig kleine Zuhörerraum gefüllt ist. Unter den Zu¬
1806 1266 2975 1348 den Vorbesprechungen entnehmen. R.=A. Dr. Rosenberger;
590 1298 1723 1357 hörern befinden sich zahlreiche Bühnenkünstlr und =künstlerinnen.
1804 1308 2988 1381 Haben Sie die Eintrittskarten selbst gekauft? Zeuge: Nein, Sie
643 1340 1773 1415 Landgerichtsdirektor Brennhausen eröffnet die Sitzung mit
1806 1349 2986 1422 waren vom Polizeipräsidium besorgt worden. R.=A. Dr. Rosen¬
595 1379 1769 1438 einiger Verspätung, da der Angeklagte. Regisseur Reusch, nicht
1810 1381 2978 1461 berger: Wer hat Ihnen die Karten gegeben? Zeuge: Herr
586 1430 1767 1476 zur Terminsstunde erschienen ist. Von dem Vorsitzenden werden
1806 1418 2971 1483 Professor Brunner. (Bewegung). R.=A. Dr. Rosenber¬
586 1462 1761 1515 mehrere Schreiben von Zeugen, unter anderen von Frau Triesch,
1803 1463 2971 1533 ger: Es handelt sich also um ein wohlorganisiertes Aergernis¬
583 1497 1707 1557 M. d. R., zur Verlesung gebracht, in denen diese mitteilen, daß
1811 1502 2988 1573 nehmen. Die Verteidigung spielt für mit offenen Karaten und spricht
1701 1509 1770 1552 sie
578 1537 1761 1584 nicht zum Termin erscheinen können. Der Zenge Rudolf Lebius
1804 1534 2974 1601 es offen aus: Wir werden jeden Zeugen danach fragen, ob sich hier
588 1574 1759 1633 hat an das Gericht einen Brief gerichtet, in dem en mitteilt, daß
1804 1571 2984 1657 Professor Brunner als Organisator und Inspirator di##es
587 1615 1761 1665 er der Separatvorstellung des „Reigen“ am Sonntag
1802 1607 2981 1683 Systems vorher bestellten Aergernisnehmens betätigt hat. R.=A.
592 1640 1756 1695 nicht beigewohnt habe, da er es nicht über sich habe bringen können
1802 1643 2989 1728 Wolfgang Heine: Die Staatsanwaltschaft hat an 22 Organi¬
588 1685 1764 1741 sich etwas Derartiges noch einmal anzusehen. Als Sachverständiger
1810 1684 2709 1752 sationen die Anfrage gerichtet, ob sie Anstoß nehmen.
584 1724 1758 1774 ist ferner noch der Präsident des Bühnenvereins, Edler von
1854 1721 2658 1791 Als Zeugin wird hierauf die Generalsekretärin
577 1752 964 1818 Putlitz erschienen.
1797 1757 2981 1833 der Deutschen Bahnhofsmission, Fräulein Reineck, vernommen, die
633 1801 1767 1856 Hierauf wird die Zeugenvernehmung fortgesetzt. Sanitäts¬
1796 1800 2983 1868 ebenfalls den „Reigen“ zweimal gesehen hat. Die Zeugin bekundet:
581 1820 1756 1883 rat Dr. Peiser hat die „Reigen“=Aufführung am Sonntag zum
1806 1831 2975 1911 Ich bin beim erstenmal auf meine Kosten in die Vorstellung ge¬
586 1866 1769 1916 erstenmal gesehen. Der Zeuge hat das Buch Schnitzlers seinerzeit
1806 1873 2984 1946 gangen, und ich kann nur sagen, daß mein sittliches Empfinden von
579 1911 1756 1953 gelesen und es nicht für möglich gehalten, daß das Stück aufgeführt
1799 1910 2983 1981 Anfang bis Ende durch dieses Stück auf das tiefste gekränkt wurde.
577 1952 1760 1995 werden könnte. Er sei durch die Aufführung angenehm überrascht
1799 1944 2979 2018 In 10 Bildern wurden Frauen vorgeführt, die ihre weibliche Ehe
577 1982 1753 2027 durch das feine, künstlerische Herausarbeiten der einzelnen Hand¬
1800 1987 2976 2055 und Würde völlig vergaßen. In dem ganzen Stück kommt, gewissermaße
577 2022 1753 2069 lungen. Als Arzt und Vater sei er bestrebt, sexuelle Dinge mit
1792 2022 2972 2093 als Ausgleich, nicht eine einzige anständige Frau vor. — Vors.: Haben
588 2061 1755 2106 größter Offenheit zu behandeln und aufklärend und warnend zu
1801 2054 2971 2131 Sie auch durch unsittliche Gesten oder durch die Kleidung
584 2096 1762 2152 wirken. Nur auf den könne die Aufführung unsittlich wirken, der
1791 2091 2556 2149 der Schauspielerinnen Anstoß genommen?
2565 2119 2665 2163 — 4
2672 2114 2974 2168 eugin: Nein.
571 2133 1182 2189 etwas hineinlege oder heraussuche.
1793 2129 2962 2203 Ich habe den Eindruck gehabt, daß die Künstler selbst durch den In
628 2152 1761 2220 Der praktische Arzt Dr. Kröner (Charkottenburg) bekundet
1795 2169 2969 2238 halt des Stückes jene Gesten so bringen mußten, um das Stück gut
576 2194 1757 2249 als Zeuge, daß er den „Reigen“ für ein reines Kunstwerk halte und
1791 2207 2969 2275 zu spielen. Auch bezüglich der Musik kann ich nur sagen, daß ich
582 2241 1750 2290 daß er kein fittliches Aergernis genommen habe. Das Stück hält
1791 2243 2975 2309 sie besonders bestrickend gefunden habe. Ich möchte doch hier öffentlich
582 2278 1750 2332 sich weder auf der Ebene des Kitsches noch auf der der Pornographie
1791 2287 2967 2345 sagen, daß das Heiligste und Verborgenste des menschlichen Lebens
572 2319 1748 2362 Vorsitzender: Sind auf der Bühne nach Ihrer Meinung un¬
1796 2317 2966 2387 n unverhülltester Form auf die Bühne gebracht worden ist, und zwar
571 2362 1745 2410 züchtige Handlungen vorgekommen?. Zeuge: Nein." Ich halte
1798 2353 2976 2411 n einer Weise, die auf jugendliche oder sittlich unreise
585 2392 1743 2453 den Tert für dezent, und auch die Schauspieler haben im Rahmen
1788 2387 2963 2456 Menschen verderdlich wirken muß. Dieser mein Eindruck wurde
565 2433 1250 2479 dieses Textes durchaus dezent gespielt.
1786 2426 2966 2500 bestätigt durch die Beobachtungen, die ich vor, während und nach der
1785 2461 2966 2531 Vorstellung an Leuten machte, die ich nicht kannte, und die mich nicht
627 2467 1754 2521 Der Zeuge Direktor Steinweg Direkkor des Zentrolaus¬
1793 2499 1934 2547 kannten.
1929 2513 2908 2562 Ich habe ganz junge Leute im Theater gesehen.
575 2513 1748 2553 schusses für innere Mission, bekundet: Wir haben seinerzeit von der
2899 2529 2953 2566 —
1787 2534 2902 2596 Vors.: Was verstehen Sie unter „ganz jungen Leuten““
580 2551 1750 2600 Staatsanwaltschaft eine Anfrage erhalten, ob der „Reigen“ noch nach
1783 2570 2974 2649 Zeugin: Jünglinge und junge Mädchen von 16 bis
579 2584 1743 2634 dem 22. Juli aufgeführt worden sei und welche Stellung wir dazu
1800 2606 2032 2657 5 Jahren.
581 2630 1745 2676 einnehmen. Ich hatte bis dahin den „Reigen“ nicht gesehen und bin
1836 2642 2969 2719 Die Zeugin, geschiedene Frau Margarete v. Arnim, geborene
576 2669 1740 2717 deshalb mit dam Regierungsrat Biermann in die Vorstellung
1793 2669 2965 2755 v. Arnim, ist die Hausdame in einem Knabenerziehungsamt, und ist
579 2707 1749 2751 gegangen. J# habe im Theater sofort den Eindruck gehabt, daß
1789 2720 2965 2788 seinerzeit in eine Aufführung des „Reigen“ gegangen, weil sie aus
577 2746 1734 2796 etwas anstößiges Aergernis erregendes vorge
1792 2758 2970 2829 Gesprächen einiger Knaben dazu Veranlassung nahm. Die Zeugin
578 2776 1743 2837 führt werde. Ich kann sagen, daß ich an jeder Szen? Anstoß
1779 2794 2966 2863 erklärt, daß sie aufs höchste empört darüber war, daß die Kunst
578 2817 1750 2862 genommen habe; insbesondere wurde durch die fünfte Szene das
1781 2831 2955 2901 dazu gebraucht wird, um solche empörenden Szenen, die doch bis
574 2854 1741 2902 Gefühl vieler Kreise auf das tiefste verletzt. Diese ethisch vollig
1786 2874 2961 2937 an die äußerste Grenze der Andeutungen gehen, aufzuführen. Ein
572 2896 1751 2941 indifferente Behandlung gewisser Dinge mußte Anstoß und Aergernis
1783 2907 2956 2977 Mann aus dem Publikum habe damals geäußert: „Der Direktor
576 2937 1744 2983 erregen. Ich habe mich gefragt, ob die künstlerische Darstellung einen
1775 2944 2968 3020 könnte hier ein Bordell errichten, er würde damit
580 2975 1742 3017 sewissen Gegenwert darstellt. Ich gebe offen zu, daß die künstlerische
1784 2987 2549 3047 auch noch gute Geschäfte machen.“
575 3008 1742 3053 Darstellung sich durchaus im Nahmen des Inhalts des Stücks hielt
1836 3023 2965 3093 Der Bankbeamte Tschermanski hat Anstoß an verschiedenen
575 3046 1737 3095 und man sehr wohl einzelne Szenen viel gröber hätte wiedergeben
1776 3054 2956 3126 Stellen genommen. Er ist, wie er versichert, nicht nach einer be,
565 3088 701 3142 können.
1776 3094 2956 3164 stimmten Verabredung, sondern durch Zufall in jene Vorstellung
633 3121 1737 3182 Vors.: Haben Sie einen Unterschied in der Aufführung,
1781 3139 2951 3196 gekommen, die durch den großen Radau, Werfen von Stinkbomben
628 3166 1499 3222 Sie zuerst gesehen und der am Sonntag bemerkt?
570 3157 634 3215 die
1780 3180 2956 3237 usw. gestört wurde. Der nächste Zeuge, der Bankbeamte Hitz¬
637 3197 902 3253 euge: Rein.
1776 3214 2958 3278 mann, war auch in jener gestörten Aufführung. Er ist Mit¬
619 3217 1728 3289 Vors.: Welche Handlungen halten Sie als besonders unzüchtig!
1774 3253 2956 3309 gliet des Deutschvölkischen Schutz= und Trutz¬
618 3275 1410 3322 Zeuge: Ich halte alle Szenen für unzüchtig.
1774 3288 2954 3348 bundes, ist aber nicht mit irgenbeinem Auftrag des Bundes in
614 3300 1734 3355 Staatsanwalt v. Bradke: Haben Sie an einzelnen Stellen des
1775 3323 2955 3387 die Vorstellung gegangen. Er habe ja nach den Vorgängen in Wien
561 3352 1496 3392 Stücks nicht lüsternes Lachen und Richern gehört
1578 3352 1740 3400 Zeuge:
1772 3361 2952 3422 damals wohl annehmen können, daß auch hier etwas passieren
575 3392 1735 3436 Jawohl. — Staatsanwalt: Haben Sie nicht die Empfindung
1770 3399 1899 3449 würde.
1935 3402 2952 3458 An der Art der Aufführung habe er nichts auszusetzen
560 3434 1728 3474 gehabt, daß die Betreffenden aus Freude an niedrigen Instinkten
1786 3439 2957 3497 gehabt, desto mehr aber an dem Stück selbst. Bei der Angabe ein¬
562 3468 1731 3521 kicherten, daß man auf der Bühne auch niedrige Dinge zu sehen be¬
1777 3482 2947 3530 zelner „Stellen, an denen der Zeuge Anstoß genommen hatte. gab
701 3498 1736 3544 — Zeuge: Inwohl, das war mein Empfinden. — Rechts¬
561 3501 695 3548 kommt?
1775 3517 2952 3564 er anheim, die Oeffentlichkeit auszuschließen da ##
563 3539 1727 3581 anvalt Wolfgang Heine: Es scheint mir schwer, in einem dunklen
1780 3548 2947 3606 ihm peinlich sei, hierüber zu sprechen. Der Antrag auf Aus¬
562 3573 1736 3618 Theaterraum erkennen zu können, ob jemand „lüstern“ lacht oder
1790 3592 2951 3642 chluß der Oeffentlichkeit wird indessen vom Ge¬
556 3618 1726 3664 aus Freude an dem im Stück ständig zutage tretenden Humor. Haben
1780 3618 2941 3673 richtshof abgelehnt. Der Zeuge hat u. a. Anstoß genommen
558 3653 1739 3693 Sie sich schon gefragt, weshalb das Stück „Reigen“ hoißt? — Zeuge:
1779 3660 2947 3712 an der Stelle, wo im Chambre séparée der Darsteller zum Abschlußt
551 3677 1679 3733 Weil ein gewisser erotischer Rhythmus durch das ganze Stück geht.
1777 3694 2938 3749 dieser Szene laut ruft: „Kellner, zahlen!“, auch hat er, do er
560 3724 1734 3770 Rechtsanwalt Heine: Haben Sie nicht das Empfinden gehabt, daß
1781 3735 2948 3792 religiös sehr empfindlich sei, Anstoß daran genommen, daß in der
562 3763 1725 3807 sich durch das ganze Stück ein melancholischer Gedanke hindurchzieht?
1769 3768 2947 3828 Szene zwischen Schriftsteller und Schauspielerin im Zimmer auch
569 3800 1728 3853 Zeuge: Rein, das ist mir nicht klar geworden. Ich habe nur den
1771 3805 2947 3870 ein Madonnenbild angebracht sei. Einzelne Stellenseienfür
559 3829 1716 3881 Eindruck der völligen ethischen Indiffereng. Rechtsanwalt Dr. Ro
1768 3838 2159 3894 ihn furchtbar gewesen.
565 3878 1737 3928 senberg: Ist vorher in Ihren Kreisen über das Stück gesprochen
1821 3868 2738 3949 Hierauf wird in die Mittagspause eingetreten.
