3336 4320
272 145 1481 230 auch mit allerkühnstem Schwunge, am Ziel vorbei ins Leeie
267 171 464 247 gesaust ist.
390 217 1486 312 Somit habe ich keinerlei Anlaß, mich mit dem Gutachten
261 259 1472 360 Maximilian Hardens zu beschäftigen, soweit es meine Person
257 326 1474 409 betrifft. Was zu berichtigen mir nötig scheint, ist die Darstellung,
260 371 1480 451 die Maximilian Harden von dem inneren Verhältnis und dem
271 425 1474 506 äußeren Verhalten Max Reinhardts gegenüber dem „Reigen“ gibt,
267 473 1484 553 und die auf unzureichender Kenntuis von Tatsachen und offenbaren
256 521 1467 608 Mißverständnissen beruht. Zur endgültigen Aufklätung muß ich
258 573 1473 651 mehr um Max Reinhardts als um meinetwillen in aller Kürze
270 611 1467 697 mitteilen, wie meine Szeuenreihe „Reigen“, die bekanntlich
263 668 1466 738 ursprünglich keineswegs zur Aufführung bestimmt war, mit meiner
255 719 1167 778 ausdrücklichen Einwilligung auf die Bühne kam.
369 757 1461 842 Nachdem im Lause der Jahre von einzelnen Schauspielern
260 810 1465 888 und Schauspielerinnen, später auch von Theaterdirektoren An¬
256 851 1463 932 fragen und Anträge an mich gelangt waren, die von mir durch¬
257 909 1469 977 aus abgelehnt wurden, erbat Max Reinhardt im November 1918
272 949 1461 1021 elegraphisch von mir das Aufführungsrecht des „Reigen“ für die
254 989 1471 1075 Kammerspiele. Ich konnte mich zu einer zustimmenden Antwort
258 1038 1464 1128 nicht gleich entschließen, erklätte mich aber freiwillig bereit, Mar
243 1080 1459 1195 Reinhardt die Priorität zu wahren, was er dankend zur Kenninis
245 1128 361 1201 nahm,
365 1171 1456 1272 Indessen traten immer neue, zum Teil recht erwägenswert
239 1204 1457 1314 Anträge an mich heran; im Januar 1919 lud mich der Direktor
242 1286 1450 1372 eines namhaften deutschen Theaters zur bevorstehenden Urauf¬
244 1321 1455 1408 führung des „Reigen“ an seiner Bühne ein, so daß mir gerade
244 1381 1445 1462 noch Zeit blieb, die schon für einen bestimmten Tag angesetzt
243 1424 1455 1506 Vorstellung zu inhibieren; aus Rußland brachten zurückkehrende
238 1464 1450 1547 Kriegsgefangene die Kunde von Aufführungen des „Reigen“ in
238 1521 1454 1607 einer Anzahl von russischen Städten; und so hatten, im Ausland
239 1576 1438 1646 vorerst, meine Dialoge ohne mein Dazutun und ohne meine Zu
226 1606 1441 1701 stimmung ihre theatralische Lausbahn begonnen. Trotz allen
234 1665 1447 1737 gesetzlich gewährleisteten Schutzes schien es mir nach meinen bis¬
225 1708 1449 1800 herigen Erfahrungen nicht ganz außerhalb aller Möglichkeit
225 1767 1449 1850 zu liegen, daß am Ende auch irgendwo in deutschen
225 1810 1438 1887 Landen eine widerrechtliche Aufführung stattfinden könne
224 1854 1437 1936 (mit einzelnen Szenen war das schon in früheren,
226 1907 1443 1988 rechtsklateren und rechtsbewußteren Zeiten der Fall gewesen); und
226 1946 1431 2031 diese Erwägung war mit ein Grund, daß ich im Frühjahr 1919
224 1994 1434 2085 bei Max Reinhardt anfragte, ob er eine öffentliche Aufsührung
225 2043 1443 2134 des „Reigen“ noch immer für opportum halte. Er antwortete
230 2098 1430 2180 nir am 19. Apiil 1919: „Ich halte die Aufführung Ihres
213 2136 1431 2227 Werkes künstlerisch nicht nur für opportum, sondern für unbe¬
216 2186 1427 2276 dingt wünschenswert. Dabei ist allerdings Voraussetzung, daß
212 2233 1414 2325 bei den Gefahren, die in der Gegenständlichkeit des Stoffes liegen,
213 2283 1421 2377 das Werk in nicht unkünstlerische und undelikate Hände kommt.
214 2328 1419 2424 die es der Sensationslust eines allzu bereiten Publikums aus¬
218 2378 1418 2476 liesern könnten. Ich nehme aber bestimmt an, daß
214 2426 1337 2504 sich die Bedenken durch eine völlig sensationsfreie,
1335 2453 1424 2515 reine
204 2480 1400 2557 künstlerische und diskrete Inszenierung überwinden lassen.
208 2522 1415 2619 Und weiterhin: „Je weniger Sie mich zeitlich festlegen, je mehr
204 2584 1412 2654 wächst für mich die Möglichteit unser beider Wünsche nach meiner
210 2621 1410 2709 Regie zu erfüllen. Sie dürfen jedoch in jedem Fall versicher
208 2670 1408 2761 sein, daß ich aus den schon wiederholten Gründen mein volles
210 2720 1410 2810 künstlerisches Interesse Ihrem Werk widmen werde und unbedingt
209 2761 1406 2861 dafür Sorge trage, daß es auf dem höchsten künstlerischen Niveau
206 2810 464 2883 herauskomme.
325 2860 1413 2946 Auf diese Zusicherungen hin schloß ich mit Max Reinhardt
198 2900 1402 2995 einen Vertrag, nach welchem der „Reigen bis spätestens
197 2957 1401 3043 31. Januar 1920 an einer seiner Bühnen zur Aufführung kommen
197 3007 1402 3090 sollte. Der Termin wurde, wie das im Theaterleben zuweilen
204 3065 1397 3133 vorkommt, versäumt, eine kurze Zeit hindurch schienen die
192 3109 1397 3191 politischen Verhältnisse für eine Aufführung des „Reigen“,
193 3156 1402 3241 worüber ich mit Reinhardt eines Sinnes war, nicht sehr günstig
190 3206 1399 3285 zu liegen, und im Frühjahr 1920 drang ein Gerücht zu
191 3253 1403 3332 mir, daß Reinhardt mit einer anderen Berliner Theater¬
191 3294 1401 3379 direktion verhandle, die den „Reigen“ in den Kammerspielen zur
189 3338 1401 3436 Aufführung bringen solle. Auf mein Ersuchen um Aufklätung
193 3392 1397 3479 wurde mir von Reinhardt am 24. April folgende Antwort zuteil:
191 3445 1394 3523 „Bezüglich des „Reigen“ möchte ich Ihnen mitteilen, daß von
188 3496 1399 3565 mehieren Seiten allerdings an mich herangetreten worden ist, das
186 3530 1398 3621 Werk freizugeben. Jede Unterhandlung in der Richtung ist von
178 3578 1395 3672 vornherein von mir abgelehnt worden. Ich habe niemals daran
188 3632 1387 3719 gedacht, dieses Stück einer andern Bühne zu überlassen. Ich
188 3681 1391 3766 habe immer an der Absicht festgehalten, das Werk selbst zu in¬
172 3729 974 3807 szenieren. Daran hat sich nichts geändert.“
1506 115 2712 210 Waien Harsen aus Rteinantets, Aotent Dert aus karmenn
1501 162 2695 253 Schweigen zu entnehmen geglaubt hat, ist nicht meine Sache
1515 211 2708 306 Ebensowenig bedarf es der Versicherung, daß es keineswegs
1509 265 2712 353 meine Absicht war, durch diese Berichtigung einen Teil der Ver¬
1508 311 2706 398 antwortung für die Aufführung des „Reigen“ von meinen
1501 355 2703 442 Schultern abzuwälzen Im Augenblick, da ich meine Zustimmung
1510 412 2705 486 rteilt habe, stehe ich in jeder Weise dafür ein und hätte jede
1493 450 2705 529 Verantwortung selbstverständlich auch dann mit dem größen
1505 501 2707 588 Vergnügen getragen, wenn das Reiuktat nicht so unwidersprechlich
1508 549 2708 636 ür Max Reinhardts Auffasseu zeugte: „daß die Bedenken gegen
1504 593 2698 673 eine Aufführung des „Reigen“ sich durch eine künstlerische und
1502 647 2254 709 iskiete Inszenierung überwinden ließen.
1611 692 2701 769 Trotzdem bleibt es nach wie vor niemandem verwehrt, im
1493 738 2702 819 Reigen“ mit Maximilian Harden nichts anderes zu sehen als
1493 791 2695 864 eine Reihe „schon süßlich angeschimmelter, in jedem Sinn un¬
1492 832 2693 913 platonischer Gespräche über Lust und Leid der Paarung“; jedem
1503 880 2698 971 teht es auch weiterhin frei, das Experiment einer „Reigen"¬
1488 930 2702 1013 Aufführung, wie ich selbst es so lange Jahre hindurch tat, für
1501 985 2688 1051 kodlematiich, ein gelungenes für mißglückt und sogar ein be¬
1488 1025 2695 1111 hördlich approbiertes noch immer für strafwürdig zu erklären; jo
1491 1074 2684 1154 ich bin sein davon, jeden, der so denkt, für einen Philister und
1492 1119 2675 1210 Dunkelmann und jeden, der für das Bühnenrecht des „Reigen
1487 1175 2696 1248 eintritt, schon darum für einen Kunstkenner und Freiheitskämpfer
1482 1220 2689 1300 zu halten. Wogegen ich mich aber mit aller Entschiedenheit ver¬
1479 1270 2688 1334 wahre, das ist der Beisuch, gerade Max Reinhardt, der
1485 1309 2684 1393 als Erster meine eigene Meinung von der Nichtaufführbarke:
1481 1365 2686 1442 des „Reigen“ ins Wanken gebracht, meinen eigenen Be¬
1481 1411 2684 1492 denken gegenüber die Aufführung des „Reigen“ nicht nur für
1489 1461 2675 1537 künstlerisch opportun“, sondern für „unbedingt wünschensweit“
1472 1508 2674 1580 erklärt hat, als Eideshelfer gegen die künstlerische und moralisch
1474 1552 2683 1635 Zulässigkeit eines Experi.hents anzurufen, als dessen geistiger
1486 1603 2682 1681 Initialor er in jedem Falle gelten muß — mögen auch äußere
1484 1651 2679 1728 mstände ihn verhindert aben zu denen ich nach Reinhardts
1478 1691 2680 1780 Briesen, die ich in ihrer ganzen ausführlichen und überzeugenden
1473 1743 2681 1828 Herzlichkeit hier nicht wiederholen konnte, die Abmahnungen
1474 1795 2677 1873 Maximilian Hardens keineswegs zu rechnen vermag —, das
1467 1837 2679 1938 Experiment, so wie er ursprünglich gesonnen war, persönlich und
1464 1888 1845 1955 als erster zu wagen.
1896 1984 2265 2108 Cagebuch.
2007 2095 2110 2166 Von
1785 2148 2345 2236 Hermann Bahr.
1564 2227 2659 2302 17. Januar. Emil Ludwigs Goethe=Buch, von dem
1452 2268 2658 2361 jetzt auch der zweite und dritte Band eischienen sind (J. G. Cottasche
1463 2317 2662 2405 Buchhandlung Nuchfolger. Stuttgart und Berlin 1920), hat die
1446 2358 2655 2453 Kraf, über den Reizen Anekdotischen doch nie den Blick zum
1455 2414 2661 2495 Ewigten zu verlieren: de#pirische Goethe mit all seiner Wunder¬
1453 2462 2651 2544 ichkeit, fast rührend zuweilen und dann wieder von leiser Komik,
1449 2518 2654 2589 verdrängt doch das Gefühl für das Elementare, das Dämonische,
1448 2561 2659 2647 das Ungeheure seines aus derber Menschlichkeit, Allzumenschlichkeit
1452 2609 2648 2689 bis über die Wolken ragenden Wesens nicht und der breite Roman
1446 2660 2649 2740 dieser behäbig bürgerlichen Existenz behält doch immer einen ent¬
1442 2701 2647 2791 rückend hymnischen Klang. Indem er Goethe nirgends vergipst
1438 2762 2649 2832 und uns dreist den großen Philister, den großen Pedanten,
1447 2804 2519 2878 den guten Rechner, den breiten Geldverdiener,
1440 2845 2640 2927 klugen Weltmann, den behaglichen Zecher, den Küchen¬
1442 2898 2644 2969 freund, ja den Ansatz zum alten Steiger zeigt, tritt das
1441 2942 2649 3029 Dämonische nur desto gewaltiger hervor: ist es doch, als hätte
1438 2989 2632 3070 sich mit ihm eist der Erdgeist, bisher sonst immer gleichsam nur
1439 3039 2633 3125 Details der Menschheit entwersend, nun einmal darauf besonnen
1433 3089 2633 3159 was mit dem ganzen Menschen eigentlich gemeint ist ... Ent¬
1426 3136 2634 3213 zückend der Besuch der verwitweten Hoftätin Kestner beim alten
1438 3186 2638 3271 Goethe, der sich zunächst entschuldigen läßt: er hat Gicht; und
1432 3238 2632 3316 als es Lotten am Ende dennoch gelingt vorzukommen, findet sie,
1426 3278 2629 3365 wie sie selbst erzühlt, „einen alten Mann, welcher, wenn ich nicht
1430 3329 2631 3409 wüßte, daß es Goethe wäre, und auch dennoch, keinen an¬
1424 3383 2631 3456 genehmen Eindruck auf mich gemacht hat“ — ist dieses „und auch
1421 3430 2627 3507 dennoch“, durch dessen Erbitterung der ganze Saß aus dem Leim
1422 3481 2627 3542 geht, nicht reizend? Allerliebst auch die Schilderung, wie Goethe
1431 3526 2626 3601 n Karlsbad am Abend vor seinem vierundsiebzigsten Geburtstag
1416 3565 2627 3643 die Polonaise mit Ulriken tanzt. Dann aber wieder, nachdem er
1416 3615 2622 3686 den Korb von ihr gekriegt, wie tief ins Tragische hinein burlesk
1423 3667 2620 3737 ie Szene, da Zelter, um ihn zu trösten, ihm mit mächtiger
1415 3710 2498 3780 Stimme die Marienbader Elegie vortragen muß:
2553 3732 2617 3792 „so
1404 3758 2620 3849 sitzen die beiden Alten allein im Krankenzimmer beisammen und
2745 190 3227 255 achselzuckend abtat, kündig
2742 232 3227 303 letzten Heft von „The Lo
2734 278 3169 350 enthusiastisch über ihn:
2747 327 3225 401 Borgia und Cellini, doch
2734 378 3223 447 Abenteurer der Renaissat
2734 425 3227 495 Wunder und ein Probiem,
2733 474 3214 548 vergleichliches Schauspiel.
2735 518 3145 589 Carduccis ausgerufen,
3164 531 3220 593 n
2738 566 3233 650 Dekadeu und Lüstling per
2728 614 3205 686 moralischer Energie von
2728 662 3216 737 zehn Jahren schon hieß er
2726 711 3198 787 ein Dandy, Reklameheid,
2728 761 3208 825 hielt er die römische Rede,
2731 802 3222 877 entschied, mit sechsundfünfz
2730 850 3219 923 von sechzig sitzt er in Fium
2727 903 3228 971 tatbereit und ein Heer glüh
2730 952 3230 1012 war, but it is, in a mar
2722 996 3211 1060 seinem kleinen Sparta eine
2723 1045 3217 1108 nach Rom marschieren und
2732 1087 3231 1158 Doch mancher Zug einer i#
2716 1139 3231 1208 verrät, daß er keiner Illusi
2724 1190 3226 1259 Wär' er nichts als i gendei
2727 1229 3223 1306 ein kleiner adriatischer Ro¬
2717 1278 3213 1353 e#inen pittoresken Helden
2713 1324 3217 1402 am in ienken. Aber dieser
2745 1378 2779 1405 —
2722 1375 3223 1441 ##de, vielleicht aber auch
2726 1415 3226 1493 imiissenen künstlerischen La
2721 1469 3216 1541 venn Squire schließlich die
2712 1515 3219 1584 erklärt, daß they feel in d'
2711 1566 3218 1637 Napoleon, who was
2707 1617 3222 1682 reversion to the old con
2704 1663 3226 1733 unversehens wieder zu Goet
2717 1709 3183 1777 a die beiden gewaltigsten
2714 1758 3228 1831 elber so strenge sein F#
2705 1807 3218 1881 neidisch, in Flammen auf
2716 1856 3231 1934 Byrons im Grunde doch w
2702 1898 3233 1979 Seebad, Spleen und das
2703 1952 3201 2021 Ludwig sagt, „die volle
2699 2000 3193 2066 Dichtung läßt Goethe an
2688 2046 3225 2109 seinem eigenen Stieben eins
2693 2096 3223 2172 So gibt er dem Wagenlenke
2982 2154 3217 2217 Bin der Poet,
2977 2199 3204 2257 Wenn er sein
2692 2234 3228 2319 Wesche Töne hätte Goethe de
2698 2294 3224 2359 nüssen, auf jener Einheit vo
2700 2336 3224 2401 Beispiel seit der Renalssance
2686 2386 3224 2450 eigenen Haus glaubt man m
2799 2438 3227 2524 18. Januar. D
2680 2488 3216 2562 innetung seinen Sinn erhält,
2682 2542 3222 2599 gangenheit gewolden, ihren
2684 2588 3222 2658 nicht, sie hebt unverständig ac
2691 2637 3207 2703 puren suchend, empfind ich
2683 2687 3192 2753 drum, meigen ersten Aufsatz
2675 2728 3219 2801 als Maturant vor vierzig Ja
2671 2778 3212 2846 darin stand. Nur aus der
2683 2824 3219 2900 aß es kotzengrob gewesen sei
2668 2883 3174 2949 verehrungswürdigen Mann,
2670 2922 3161 2994 wert geworden, damals
2670 2969 3215 3039 über die ja wirklich rech
2671 3020 3221 3093 „Nora“ meinen ganzen jun
2671 3065 3211 3129 ich los. Und zu neug
2667 3118 3214 3191 darauf antworten würde, wof
2664 3166 3200 3222 einer Antwort noch erkühnen
2664 3205 3208 3282 nächsten Theaterseuilleion kam
2664 3262 3193 3332 zurück, seine respektvoll Ibsen
2658 3306 3208 3377 und fuhr dann fvit: „Es gi
2656 3349 3186 3418 Leute, Gscheitle nennt man
2666 3399 3211 3468 Gscheitling tut uns in einem
2702 3448 3217 3511 . mehr weiß ich davon ni
2648 3496 3214 3572 noch, daß er zum Schluß läch
2648 3545 3201 3615 nennen, „der, schrieb er, d
2648 3598 3224 3654 zur Genüge! „der Mitwe
2657 3636 3219 3710 leiben wird.“ Ich hat
2647 3687 2737 3742 berg
2793 3687 3200 3755 unterschrieben, weil
2650 3734 3216 3809 Vaterstadt, liegt und dort der K
2647 3779 3206 3871 reicher schwört, das Nibelunger
