3436 4352
951 92 1343 190 box 18/3
241 108 755 201 11. Reigen
730 1371 1318 1491 gonn SeanbaLERbeden
923 1429 1079 1581 P
593 1606 1421 1695 onGaures erurscnrs Teircnosraussenntr-edao
603 1680 1408 1758 BERLIN SO 16, RUNGESTRASSE 22-24
490 1757 1513 1837 Schitctintschnachechenstentahtschnchthnescheshtentschtec ertat eahtechechendtecteund achndtachtnstnetuchactltsce
605 1905 1424 2026 Hamburger Nachrichten
765 2020 1262 2104 Ausschnift aus der Nummer
1240 2086 1391 2166 AbO
769 2100 1134 2161 Morgen-Ausg., vom:
519 2104 656 2163 vom:
1015 2132 1437 2225 unenun  ch hhe Meh
716 2165 1030 2238 mmmmmmmnhmmmmmmmmhinng
507 2167 737 2235 Sipiummmmmmnmn
588 2221 1691 2351 * Die Hamburger Kammerspiele haben bei ihrem Gastspiel
515 2272 1690 2396 in der Königlichen Schanburg im Haag nun auch als Urauf¬
525 2309 1700 2433 führung für Holland dest. Die holländi¬
524 2355 1689 2472 schen Zeitungen würdigen Reigen nicht als stoffliche Sensation,
532 2404 1676 2511 sondern als Kunst um der Kunst willen, als literarisches Rekord¬
525 2436 1672 2551 werk einer europäischen Berühmtheit vom Range Schnitzlers. Dem
524 2476 1671 2594 Ensemble gehören u. a. an: die Damen Halicz, Horwitz, v. Mahr,
510 2512 1678 2653 die Herren Venekendorff, Fernau, Marx, Sondinger, Weselowskh
510 2554 634 2602 Ziegel.
2611 1143 2678 1218 4
2079 1226 2525 1322 werecht
2170 1276 2622 1419 urger Eche
2310 1531 2598 1648 11 AUG
1873 1720 2917 1848 Kunst, Wissenschaft und Leben.
1864 1780 2976 1907 Kleine Notizen. Die Hamburger Kammerspiele er¬
1809 1836 2972 1945 offneten unter der Leitung Erich Ziegels Sonnabend, den
1823 1877 2981 1978 5. August, in der Königlichen Schauburg im Haag ein
1819 1917 2972 2012 Gastspiel mit Arthhr Schnitzlers „Zwischenspiel, dem am
1824 1952 2978 2064 Sonntag, 6. August, kals Uraufführung für Holland
1832 1997 2979 2097 „Reigen“ folgke. + Beide Aufführungen hatten bei Publikum
1824 2032 2980 2132 und Presse unwidersprochen starken Erfülg. Die holländischen
1830 2071 2979 2172 Zeitungen würdigen „Reigen nicht als stoffliche Sensation,
1838 2117 2987 2214 sondern als Kunst um der ##st willen, als literarisches Rekord¬
1844 2157 2983 2248 werk einer europäischen Berühmtheit vom Range Schnitzlers.
1840 2190 2986 2284 Dem Ensemble gehören an: die Damen Halicz, Horwitz, v. Mahr,
1838 2227 2997 2324 die Herren Benekendorff, Fernau, Marx, Sondinger, Wesolowsky,
2039 2263 2994 2358 Hamburger Stadttheater. Der Spielplan
1844 2317 2034 2370 Ziegel. —
1847 2302 2990 2406 des Hamburger Stadttheaters gestaltet sich vom 10. August an
1841 2339 2993 2441 — dem regulären Beginn der Spielzeit mit den Abonnements¬
2072 2380 2986 2467 — wie folgt: Donnerstag „Tannhäuser“
1840 2434 2074 2484 vorstellungen
1845 2419 2995 2520 mit den Herren Enderlein, Groenen, Marowski usw. und den
1852 2456 3005 2559 Damen Falk und Münchow; Freitag „Fidelio“ mit den
1855 2492 3003 2597 Damen Land und Singler und den Herren Wagner, Buers, Loh¬
1855 2551 3000 2637 fing, Marowski, Schwarz usw.; Sonnabend „Tiefland,
1852 2576 2995 2672 Sonntag, den 13. August, „Carmen mit den Damen Gotthardt¬
1862 2613 3003 2711 Montes und Falk und den Heren Günther, Groenen, Lohfing,
1854 2657 3013 2750 Kreuder, Schwarz und Taubert. Der Spielplan während der
1853 2687 3011 2790 Ueberseewoche setzt am Freitag, 18. August, mit einer Aufführung
1858 2736 3012 2831 der „Meistersinger“ ein, während am Sonnabend, 19. August, die
1857 2768 3007 2868 von Herrn Intendanten Leopold Sachse wvöllig neu inszenierte
1866 2802 3012 2908 „Zauberflöte“ folgt. Die neuen Dekrationen, hergestellt in dem
1870 2842 3015 2945 Atelier Gruber & Co., sind teilweise von Herrn Intendant
1862 2883 3024 2995 Sachse und teilweise von Herrn Keller, in Firma Gruber & Co.,
1865 2923 3012 3023 entworfen. Die Kostüme sind in den Werkstätten des Hamburger
1871 2960 3021 3063 Stadttheaters angefertigt. Für beide Tage ist das Abonnement
1871 3000 3026 3105 aufgehoben. Der Kartenverkauf für die Vorstellungen des Stadt¬
1870 3034 3029 3142 theaters während der Ueberseewoche hat bereits begonnen. Viel¬
1876 3077 3022 3183 seitigen Irrtümern vorzubeugen, sei auch an dieser Stelle gesagt,
1874 3120 3035 3218 daß die Karten für die Aufführungen des Stadttheaters aus¬
1876 3154 3039 3269 schließlich an den Tageskassen und an den bekannten Vorverkaufs¬
1891 3201 3030 3297 stellen zu haben sind, nicht aber in dem Verkehrsbureau der Ueber¬
1897 3234 3039 3335 eewoche. — Dr. Richard Strauß trifft am 25. August in Hamburg
1897 3279 3037 3371 ein, wohnt am Abend der Aufführung seiner Oper „Die Frau
1888 3310 3033 3414 ohne Schatten“ bei und dirigiert Sonntag und Montag im Ham¬
1889 3349 3045 3470 burger Stadttheater „Josefslegende" und „Ariadne auf Naxos“.
