3444 4448
1129 132 1521 226 box 17/5
418 122 925 221 11. Reigen
560 360 787 409 tatzfniben..
897 391 1165 462 „Reigen“.
647 453 1504 521 Der vielumstrittene Einakterzyklus von Artur
544 491 1506 575 Schnitler wird bald das Rampenlicht in den
540 542 1496 611 Wieser Kammerspielen erblicken. Von
549 588 1507 672 ehr geschätzter Seite habe ich die nachstehenden
546 631 827 689 Zeilen erhalten:
685 662 1487 739 Es ist nicht allgemein bekannt, daß „Reigen
580 705 1493 784 nach seinertigstellung in des Dichters Werkstätt
581 764 1495 825 nicht für digoße Oeffentlichkeit bostimmt war. Das
574 805 1501 872 Werk erschienlaß in einer klemen Auftage, bestimnt
573 853 1503 915 für einen Freunogskreis. Der Zyklus umfaßt
569 896 1494 961 mehrere kleine dramasische Bilder. Es treten jedesmal
575 940 1498 999 zwei Figuren auf, von deuen eine immer in das
580 981 1314 1046 nächste Bild übergreift. D'etrch eine
1357 980 1490 1045 ndis¬
1312 978 1363 1048 9
578 1027 1499 1090 kretion gelangte ein ils=Deutschland lebender
568 1068 1488 1139 Kritiker in den Besitz eines Exlmplars und schriel
570 1113 1498 1181 eine Würdigung des Phantasiepröd##tes. Schnivler
574 1159 1493 1227 veranlaßte hierauf eine Büchausgaben die Ver¬
573 1200 1487 1267 lebendigung der Bilder hat er nicht gedacht#elenso wie
571 1246 1488 1310 beim Anatol=Zyklus nicht. Erst nach dem Welterfolg
567 1287 1485 1359 des Anatol=Zyklus, der auch in Rußland und Alleeika
581 1332 1484 1395 starken Zulauf fand, traten Theaterdirektoren #
567 1372 1491 1441 den Dichter heran, mit der Bitte um Ueberlossung
566 1420 1485 1502 des „Reigen“. Schnitzler wehrte mit den Worten ab:
563 1459 1028 1522 „Lasset die Toten ruhen!“
682 1502 1486 1571 Direktor Bernau gelang es nach vielen
561 1539 1484 1616 Bemühungen, Schnitzler umzustimmen. Er willigte
566 1595 1484 1660 in eine Aufführung im Rahmen der Kammerspiele,
566 1643 1487 1705 wobei er sich ein Vetorecht ausbedungen hat.
571 1683 1487 1749 Wenn sich bei einer Probe eine unsittliche Wirkung
559 1727 1492 1793 einstellen sollte, wird er Zenzurüben und
557 1768 1305 1836 die Aufführung verbieten!
1461 1802 1556 1867 v
511 2049 1309 2157 „Der Reigen“ in den Kammer¬
803 2111 1011 2207 Welen.
581 2165 1327 2257 Nach dem nächtlichen Einakter¬
1424 2214 1467 2270 —
503 2217 1319 2298 abend in den Kamn#spielen, der
502 2267 1123 2341 als Neuheit Hermann B####
1160 2279 1321 2336 Komödie
497 2305 1315 2381 „Der Selige“ bringt ist die Pramiere
497 2345 1324 2427 von Schniklens-Reigen“ in Aus¬
507 2384 1323 2471 sicht genommen. Dieses mit Spannung e#
493 2433 1314 2510 wartete Ereignis soll noch im Laufe
495 2463 1073 2539 eses Monats stattfinden.
480 2729 1420 2835 Schnihlers „Reigen“ vor der Freigabe.
460 2806 1428 2894 Eine geschlossene Vorstellung für die
765 2875 1129 2939 Theaterzensur.
573 2922 1419 2998 Es weht wieder Enander Luft bei der
464 2961 1428 3039 Theaterzensur. Schnitzlers zur Alffihrung in den
456 3016 1425 3090 er Kammerspielen bestimmte Dich¬
466 3063 1418 3129 ung Reigen“, die bei der Zensur
460 3098 1422 3174 Beden####herv#rgerufen und dem Zensur¬
490 3153 1413 3219 eirate uveuiesen wurde, wird freigegeben
469 3198 1423 3265 verden. Bevor jed#cde Zustimmung der Landes¬
467 3242 1419 3311 egierung erfrigt, wied, wät wir erfahren, in den
459 3281 1412 3347 Kammerspielen eine toschagssene Vor¬
465 3327 1413 3406 tellung des „Reigen“ statchen mit aus¬
464 3373 1411 3429 chließlicher Beschrankung deo #ritts
464 3416 1419 3487 af die Theaterzensoren ## die
453 3455 864 3525 Zensurbeiräte.
550 3507 1412 3571 Das bedeutet ein Rovum in der Ge¬
467 3543 1406 3615 chichte der Wiener Theaterzensur.
453 3586 1406 3660 Die Einrichtung dürfte nicht vereinzelt bleiben, sondern
454 3634 1412 3705 ich in Zukunft bei stark umstrittenen
441 3679 1396 3739 Werken wiederholen. Es sollen die Zensoren und
442 3727 1404 3793 Beiräte den unmittelbaren Eindruck aus der Vor¬
451 3770 1406 3849 tellung gewinnen, ob ein Theaterstück sittlich oder
433 3811 1148 3881 instößig von der Bühne herab wirkt.
1508 1453 1543 1506 C
1513 1499 1549 1550 v
1519 825 1557 878 4
1523 918 1555 963 1
1523 957 1556 1005 k.
2293 198 3128 351 STROHMAY
2359 384 3112 488 Die „Reigen“=Premiere.
2420 469 3050 555 Die Besetzung der Hauptrollen
2366 516 3153 619 Die Premiere von Schnitzlers „Reigen“
2291 584 3158 664 wird die nächste der Wiener Kammer¬
2289 629 3160 716 spiele sein. Arthur Schnitzler selbst wird
2298 680 3163 760 den Proben beiwohnen und hat auch aulf die
2289 727 3165 815 Rollenbesetzung selbst entscheidenden Einfluß
2296 805 2505 875 genommen.
2369 820 3166 904 Die derzeit versügte Besetzung der
2295 881 3166 955 Hauptrollen ist: Süßes Mädel — Fräulein
2304 927 3167 1005 Keller; Dirne — Fräulein Markus;
2313 976 3174 1059 Stubenmädchen — Frau Hochwald; junge
2300 1023 3117 1108 Frau — Frau Carlsen; Schauspielerin
2303 1073 3182 1157 Frau Olly; Soldat — Herr Kammauf;
2304 1126 3157 1204 Dichter — Herr Ziegler; der junge Herr -
2306 1173 3198 1275 Herr Wengraf; der Gatte — Herr Iwald.
2302 1300 3187 1402 WMLLA
2133 1489 2934 1584 Schuihlers „Reigen“ freigegeben.
2167 1570 3019 1631 Aus der Kanzlei der Bernau=Bühnen kommt
2040 1605 3010 1682 folgende Notiz: „In den Kammerspielen
2044 1661 2999 1709 haben die Proben zu Artur Schnitlers Szenenreihe
3109 1662 3169 1734 220
2056 1708 3013 1758 „Reigen“ bereits begonnen. Die Aufführung ist
2055 1748 3007 1799 für Donnerstäg den 20. d. M. geplant.
2054 1791 2878 1847 Spielleiter: Dr. Heinz Schulbaur.“ Damit
2037 1839 3004 1913 unsere frühere Meldung von der Beseitigung der
2961 1918 3128 2020 —
2151 1932 2954 2053 Hü#eenen Wienes . A1932
3183 2154 3215 2184 —
2304 2178 3274 2230 Zenfurschwierigkeiten Bestätigung. Dem Vernehmen
2310 2223 3272 2271 nach hat das Gutachten der Zensur¬
2313 2265 3278 2328 beiräte die Entscheidung der Landesregierung in
2302 2308 2802 2387 günstigem Sinne beeinflußt.
2326 2400 3261 2490 Edmund Hellmer — Ehrenmitglied der
2533 2477 3036 2567 Künftlergenossenschaft.
2404 2527 3276 2611 Wie wir erfahren, hat die Künstlergenossenschaft in
2305 2597 3272 2648 ihrerletzten Vollversammlung der Bildhauer und derzeitigen
2304 2649 3267 2714 M. Man an dar Akadewie der ailbenden Künste. Edmund
2622 2745 3161 2846 wie ehrem“ Dren e
2076 2757 2230 2843 verührt.
2977 2816 3105 2880 H. S.
2136 2826 3158 2933 — Kleine Rundschau. Scnitzle### ist für die
2085 2857 3149 2988 Aufführung in Wien (Kammerspiele) freigeßeben worden.
2076 2915 3069 3013 Die Aufführung findet noch Mitte dieses Monats statt.
2140 2954 3154 3047 Hans Reimann, der bekannte Satiriker und Hoe¬
2077 2991 3145 3108 ausgeber des Drachen, wird am 1. Februar in Leipzig
2082 3041 3119 3132 ein literarisches Kabarett eröffnen, das „Die Retorte
2071 3071 3140 3167 heißt. Er hat sich die Mitwirkung erster Bühnenkünstler ge¬
2073 3113 3137 3206 sichert. Kein Weinzwane keine Zoten, kein Psendopatriotis¬
2071 3159 3138 3245 mus: das sind einige den Hauptpunkte des Programms der
2071 3192 2241 3244 „Retorte“.
2120 3236 3133 3331 Arnold Schoenberg ist für 1921 nach Amerika
2069 3265 2408 3331 verpflichtet worden.
2122 3314 3136 3398 Am 17. Januar findet im Hannoverschen Resi¬
2059 3346 3115 3438 denz=Theater die Uraufführung des neuen Dramas
2062 3388 3133 3502 von Heinrich Lilienstein „Die Ueberleben¬
2057 3428 2261 3484 den“ statt.
2123 3469 3131 3557 Von Franz Léhar wird nächstens eine spanische
2049 3487 3130 3625 Operette „Frasquita“ zur Uraufführung kommen.
2261 3618 2918 3723 #e Mambnrger Reitrug
2453 3698 2724 3784 Mamburg.
3172 3478 3213 3524 I6
3172 3518 3217 3563 9
3170 3561 3211 3623 9
3184 3354 3217 3417 fl
