<?xml version="1.0" encoding="UTF-8" standalone="yes"?>
<PcGts xmlns="http://schema.primaresearch.org/PAGE/gts/pagecontent/2013-07-15" xmlns:xsi="http://www.w3.org/2001/XMLSchema-instance" xsi:schemaLocation="http://schema.primaresearch.org/PAGE/gts/pagecontent/2013-07-15 http://schema.primaresearch.org/PAGE/gts/pagecontent/2013-07-15/pagecontent.xsd">
    <Metadata>
        <Creator>prov=University of Rostock/Institute of Mathematics/CITlab/Gundram Leifert/gundram.leifert@uni-rostock.de:name=ONB_Newseye_GT_M1+(htr_id=10810)::::v=2.4.3
prov=University of Rostock/Institute of Mathematics/CITlab/Tobias Gruening/tobias.gruening@uni-rostock.de:name=de.uros.citlab.module.baseline2polygon.B2PSeamMultiOriented:v=2.4.3
prov=University of Rostock/Institute of Mathematics/CITlab/Tobias Gruening/tobias.gruening@uni-rostock.de:name=/net_tf/LA73_249_0mod360.pb:de.uros.citlab.segmentation.CITlab_LA_ML:v=2.4.3
Transkribus</Creator>
        <Created>2019-10-07T11:37:45.628+02:00</Created>
        <LastChange>2019-12-04T14:05:03.143+01:00</LastChange>
        <TranskribusMetadata docId="223982" pageId="9502458" pageNr="203" tsid="20379580" status="IN_PROGRESS" userId="40391" imgUrl="https://files.transkribus.eu/Get?id=DNQYLDAHXRJQUOMYLRDBCYBU&amp;fileType=view" xmlUrl="https://files.transkribus.eu/Get?id=CGTVCWIFWBSJOXXBGWWBMMZZ" imageId="6192676"/>
    </Metadata>
    <Page imageFilename="223982_0203.jpeg" imageWidth="3444" imageHeight="4448">
        <ReadingOrder>
            <OrderedGroup id="ro_1711448309598" caption="Regions reading order">
                <RegionRefIndexed index="0" regionRef="r1"/>
                <RegionRefIndexed index="1" regionRef="r2"/>
                <RegionRefIndexed index="2" regionRef="r3"/>
            </OrderedGroup>
        </ReadingOrder>
        <TextRegion orientation="0.0" id="r1" custom="readingOrder {index:0;}">
            <Coords points="546,1382 546,1536 579,1536 579,1382"/>
            <TextLine id="r1l1" custom="readingOrder {index:0;}">
                <Coords points="537,1485 547,1486 551,1490 553,1488 560,1489 575,1486 588,1488 592,1449 576,1447 572,1443 570,1445 562,1440 543,1439"/>
                <Baseline points="546,1482 579,1486"/>
                <TextEquiv>
                    <Unicode>—</Unicode>
                </TextEquiv>
            </TextLine>
            <TextEquiv>
                <Unicode>—</Unicode>
            </TextEquiv>
        </TextRegion>
        <TextRegion orientation="0.0" id="r2" custom="readingOrder {index:1;}">
            <Coords points="531,268 531,4013 1843,4013 1843,268"/>
            <TextLine id="r2l1" custom="readingOrder {index:0;}">
                <Coords points="1207,310 1223,311 1235,316 1246,307 1249,310 1252,307 1265,306 1261,243 1251,244 1244,241 1232,252 1220,246 1219,248 1202,247"/>
                <Baseline points="1214,304 1257,301"/>
                <TextEquiv>
                    <Unicode>2</Unicode>
                </TextEquiv>
            </TextLine>
            <TextLine id="r2l2" custom="readingOrder {index:1;}">
                <Coords points="651,319 709,314 753,331 792,305 831,306 846,321 906,314 905,239 864,220 833,238 796,238 710,215 671,243 650,238"/>
                <Baseline points="658,306 684,305 711,305 737,305 764,305 790,305 817,304 843,304 870,304 897,303"/>
                <TextEquiv>
                    <Unicode>K K.</Unicode>
                </TextEquiv>
            </TextLine>
            <TextLine id="r2l3" custom="readingOrder {index:2;}">
                <Coords points="1612,394 1643,393 1627,288 1615,290 1613,294 1597,298"/>
                <Baseline points="1614,356 1628,354"/>
                <TextEquiv>
                    <Unicode>4</Unicode>
                </TextEquiv>
            </TextLine>
            <TextLine id="r2l4" custom="readingOrder {index:3;}">
                <Coords points="1606,454 1702,456 1706,451 1792,449 1792,410 1779,415 1761,402 1739,404 1719,420 1700,419 1690,411 1656,413 1648,406 1606,424"/>
                <Baseline points="1614,445 1642,446 1671,446 1699,446 1728,446 1756,445 1785,444"/>
                <TextEquiv>
                    <Unicode>WEEEIETE</Unicode>
                </TextEquiv>
            </TextLine>
            <TextLine id="r2l5" custom="readingOrder {index:4;}">
                <Coords points="1313,472 1328,472 1343,486 1382,475 1396,480 1406,472 1437,481 1437,415 1425,413 1403,421 1388,410 1367,413 1356,407 1339,407 1331,399 1313,399"/>
                <Baseline points="1322,450 1348,449 1375,449 1402,450 1429,449"/>
                <TextEquiv>
                    <Unicode>HEEHZE</Unicode>
                </TextEquiv>
            </TextLine>
            <TextLine id="r2l6" custom="readingOrder {index:5;}">
                <Coords points="620,636 1323,610 1676,644 1711,636 1711,542 1289,519 1132,591 1046,536 896,520 620,557"/>
                <Baseline points="629,609 682,610 736,610 790,610 843,610 897,610 951,610 1004,610 1058,610 1112,610 1166,609 1219,609 1273,609 1327,609 1380,609 1434,609 1488,609 1541,609 1595,610 1649,611 1703,612"/>
                <TextEquiv>
                    <Unicode>Fur den Liebesbrie</Unicode>
                </TextEquiv>
            </TextLine>
            <TextLine id="r2l7" custom="readingOrder {index:6;}">
                <Coords points="1000,708 1054,723 1090,722 1135,739 1190,717 1213,719 1228,733 1263,725 1264,657 1207,662 1152,657 1140,647 1126,657 1101,650 1088,661 1048,663 1001,650"/>
                <Baseline points="1008,704 1035,703 1063,704 1090,704 1118,704 1145,704 1173,704 1200,704 1228,704 1256,704"/>
                <TextEquiv>
                    <Unicode>ARARaaRaReRan</Unicode>
                </TextEquiv>
            </TextLine>
            <TextLine id="r2l8" custom="readingOrder {index:7;}">
                <Coords points="766,719 807,720 826,732 834,725 851,733 870,730 885,741 891,734 912,729 912,663 871,663 847,647 824,663 806,655 766,651"/>
                <Baseline points="774,705 800,705 826,706 852,704 878,704 904,705"/>
                <TextEquiv>
                    <Unicode>SARRRAE</Unicode>
                </TextEquiv>
            </TextLine>
            <TextLine id="r2l9" custom="readingOrder {index:8;}">
                <Coords points="749,808 868,810 905,832 1378,816 1395,765 1243,767 1173,722 1050,775 960,749 749,767"/>
                <Baseline points="758,802 789,802 821,802 852,802 884,803 915,803 947,803 978,803 1010,803 1041,803 1073,803 1104,802 1136,802 1167,802 1199,802 1230,802 1262,802 1293,802 1325,802 1356,802 1388,803"/>
                <TextEquiv>
                    <Unicode>And're beten zur Madonna,</Unicode>
                </TextEquiv>
            </TextLine>
            <TextLine id="r2l10" custom="readingOrder {index:9;}">
                <Coords points="758,871 1105,884 1342,863 1386,888 1509,875 1510,808 1355,829 1324,808 1084,832 1034,814 930,837 758,817"/>
                <Baseline points="766,860 802,861 839,862 876,863 913,863 950,863 986,863 1023,863 1060,863 1097,863 1134,863 1170,862 1207,862 1244,862 1281,862 1318,862 1354,862 1391,862 1428,863 1465,863 1502,864"/>
                <TextEquiv>
                    <Unicode>And're auch zu Paul und Peter;</Unicode>
                </TextEquiv>
            </TextLine>
            <TextLine id="r2l11" custom="readingOrder {index:10;}">
                <Coords points="746,936 1419,940 1418,885 1397,880 1176,867 1076,894 1035,869 811,888 746,868"/>
                <Baseline points="755,927 787,926 820,925 853,924 886,923 919,922 951,922 984,921 1017,921 1050,920 1083,920 1115,920 1148,920 1181,920 1214,920 1246,920 1279,920 1312,920 1345,921 1378,921 1411,921"/>
                <TextEquiv>
                    <Unicode>Ich jedoch ich will nur beten,</Unicode>
                </TextEquiv>
            </TextLine>
            <TextLine id="r2l12" custom="readingOrder {index:11;}">
                <Coords points="752,993 962,1016 1004,985 1127,983 1225,1021 1251,1000 1444,999 1444,950 1332,930 1169,932 1132,959 1078,933 1033,949 973,930 935,960 913,940 752,941"/>
                <Baseline points="761,981 794,981 828,982 862,982 895,982 929,982 963,982 996,982 1030,982 1064,981 1098,981 1131,981 1165,980 1199,980 1232,980 1266,980 1300,979 1333,979 1367,979 1401,979 1435,979"/>
                <TextEquiv>
                    <Unicode>Nur zu Dir, du schöne Sonne.</Unicode>
                </TextEquiv>
            </TextLine>
            <TextLine id="r2l13" custom="readingOrder {index:12;}">
                <Coords points="748,1069 944,1056 1054,1086 1287,1057 1485,1076 1485,1021 1438,1013 748,1022"/>
                <Baseline points="756,1057 792,1057 828,1058 864,1058 900,1059 936,1059 972,1059 1008,1059 1044,1059 1080,1058 1116,1058 1152,1058 1188,1058 1224,1058 1260,1058 1296,1058 1332,1058 1368,1058 1404,1059 1440,1059 1476,1060"/>
                <TextEquiv>
                    <Unicode>Gib mir Küsse, gib mir Wonne,</Unicode>
                </TextEquiv>
            </TextLine>
            <TextLine id="r2l14" custom="readingOrder {index:13;}">
                <Coords points="759,1130 1442,1133 1442,1071 1001,1075 950,1094 915,1070 759,1076"/>
                <Baseline points="766,1116 799,1117 832,1118 866,1118 899,1119 933,1119 966,1119 999,1119 1033,1118 1066,1118 1100,1118 1133,1117 1166,1117 1200,1117 1233,1117 1267,1117 1300,1117 1333,1117 1367,1118 1400,1119 1434,1120"/>
                <TextEquiv>
                    <Unicode>Sei mir gütig, sei mir gnädig,</Unicode>
                </TextEquiv>
            </TextLine>
            <TextLine id="r2l15" custom="readingOrder {index:14;}">
                <Coords points="748,1192 1485,1193 1585,1183 1585,1142 1504,1115 1259,1149 747,1133"/>
                <Baseline points="755,1178 796,1178 837,1177 878,1177 919,1176 960,1176 1001,1176 1042,1175 1083,1175 1124,1175 1166,1175 1207,1175 1248,1175 1289,1175 1330,1175 1371,1174 1412,1174 1453,1174 1494,1174 1535,1174 1577,1174"/>
                <TextEquiv>
                    <Unicode>Schönste Sonne unter den Mädchen,</Unicode>
                </TextEquiv>
            </TextLine>
            <TextLine id="r2l16" custom="readingOrder {index:15;}">
                <Coords points="745,1261 971,1234 1307,1266 1412,1230 1572,1264 1583,1187 745,1191"/>
                <Baseline points="753,1237 794,1237 835,1237 876,1236 917,1236 958,1236 999,1236 1040,1235 1081,1235 1122,1235 1163,1235 1204,1234 1245,1234 1286,1234 1327,1234 1368,1234 1409,1234 1450,1234 1491,1233 1532,1233 1574,1233"/>
                <TextEquiv>
                    <Unicode>Schönstes Mädchen unter der Sonne!</Unicode>
                </TextEquiv>
            </TextLine>
            <TextLine id="r2l17" custom="readingOrder {index:16;}">
                <Coords points="1419,1321 1429,1322 1443,1315 1491,1325 1514,1310 1552,1312 1549,1273 1519,1276 1489,1265 1476,1274 1463,1273 1455,1265 1436,1274 1429,1268 1416,1272"/>
                <Baseline points="1427,1310 1456,1308 1485,1305 1514,1303 1544,1305"/>
                <TextEquiv>
                    <Unicode>Heine.</Unicode>
                </TextEquiv>
            </TextLine>
            <TextLine id="r2l18" custom="readingOrder {index:17;}">
                <Coords points="1610,1507 1625,1507 1636,1500 1649,1506 1654,1503 1662,1511 1673,1503 1687,1511 1698,1506 1711,1507 1710,1451 1689,1449 1680,1454 1673,1448 1647,1451 1632,1445 1623,1450 1610,1447"/>
                <Baseline points="1618,1473 1646,1476 1674,1475 1702,1473"/>
                <TextEquiv>
                    <Unicode>HI</Unicode>
                </TextEquiv>
            </TextLine>
            <TextLine id="r2l19" custom="readingOrder {index:18;}">
                <Coords points="1012,1509 1025,1509 1031,1516 1039,1510 1052,1512 1064,1502 1072,1509 1082,1501 1103,1503 1104,1448 1096,1448 1083,1436 1070,1431 1034,1453 1013,1447"/>
                <Baseline points="1020,1477 1045,1481 1070,1480 1095,1480"/>
                <TextEquiv>
                    <Unicode>HI</Unicode>
                </TextEquiv>
            </TextLine>
            <TextLine id="r2l20" custom="readingOrder {index:19;}">
                <Coords points="805,1695 927,1704 995,1673 1167,1695 1201,1672 1276,1701 1492,1671 1575,1698 1574,1641 1378,1648 1275,1577 1231,1582 1164,1651 1063,1655 1021,1614 943,1650 805,1635"/>
                <Baseline points="813,1669 850,1670 888,1672 925,1673 963,1673 1001,1674 1038,1674 1076,1674 1114,1674 1151,1673 1189,1673 1227,1672 1264,1672 1302,1671 1340,1671 1377,1670 1415,1670 1453,1670 1490,1669 1528,1669 1566,1670"/>
                <TextEquiv>
                    <Unicode>Titeratur</Unicode>
                </TextEquiv>
            </TextLine>
            <TextLine id="r2l21" custom="readingOrder {index:20;}">
                <Coords points="1277,1804 1303,1810 1342,1796 1409,1807 1456,1795 1570,1801 1569,1733 1523,1735 1506,1750 1405,1739 1392,1749 1325,1741 1296,1751 1276,1740"/>
                <Baseline points="1286,1792 1311,1792 1336,1791 1361,1791 1386,1791 1411,1790 1436,1790 1461,1789 1486,1789 1511,1789 1536,1789 1561,1789"/>
                <TextEquiv>
                    <Unicode>ARRERRRRREHRRN</Unicode>
                </TextEquiv>
            </TextLine>
            <TextLine id="r2l22" custom="readingOrder {index:21;}">
                <Coords points="988,1805 1012,1811 1033,1805 1049,1813 1100,1806 1116,1818 1139,1801 1200,1805 1201,1722 1165,1717 1129,1748 1087,1754 1025,1741 988,1749"/>
                <Baseline points="996,1794 1024,1794 1052,1794 1080,1793 1108,1794 1136,1794 1164,1794 1193,1794"/>
                <TextEquiv>
                    <Unicode>RRRRRR RREN</Unicode>
                </TextEquiv>
            </TextLine>
            <TextLine id="r2l23" custom="readingOrder {index:22;}">
                <Coords points="865,1889 1828,1914 1803,1836 1191,1858 1129,1832 944,1863 865,1839"/>
                <Baseline points="873,1888 920,1889 967,1889 1015,1890 1062,1890 1109,1890 1157,1890 1204,1890 1251,1890 1299,1890 1346,1890 1393,1889 1441,1889 1488,1889 1535,1889 1583,1888 1630,1888 1677,1888 1725,1889 1772,1889 1820,1889"/>
                <TextEquiv>
                    <Unicode>4e von Arthur Schnitler, B. Harz Verlag,</Unicode>
                </TextEquiv>
            </TextLine>
            <TextLine id="r2l24" custom="readingOrder {index:23;}">
                <Coords points="538,1956 1815,1963 1815,1904 1685,1893 1020,1914 539,1859"/>
                <Baseline points="546,1937 609,1938 672,1938 735,1940 798,1941 861,1942 924,1943 987,1944 1050,1946 1113,1947 1176,1948 1239,1948 1302,1949 1365,1949 1428,1950 1491,1949 1554,1949 1617,1948 1680,1947 1743,1946 1806,1943"/>
                <TextEquiv>
                    <Unicode>„Reigen; Berlin-Wien, ist nicht neu, wie Sie meinen,</Unicode>
                </TextEquiv>
            </TextLine>
            <TextLine id="r2l25" custom="readingOrder {index:24;}">
                <Coords points="527,2007 680,2017 730,2007 779,2030 808,2005 831,2008 830,1945 785,1965 653,1956 621,1969 590,1955 576,1963 527,1955"/>
                <Baseline points="535,2001 561,2001 587,2001 613,2002 639,2002 665,2002 692,2001 718,2001 744,2001 770,2000 796,2000 823,1999"/>
                <TextEquiv>
                    <Unicode>lieber Freund.</Unicode>
                </TextEquiv>
            </TextLine>
            <TextLine id="r2l26" custom="readingOrder {index:25;}">
                <Coords points="622,2069 1819,2059 1807,1994 622,2011"/>
                <Baseline points="630,2060 689,2059 748,2059 807,2058 866,2058 925,2058 984,2057 1043,2057 1102,2056 1161,2056 1220,2056 1279,2055 1338,2055 1397,2055 1456,2054 1515,2054 1574,2053 1633,2053 1692,2052 1751,2051 1810,2051"/>
                <TextEquiv>
                    <Unicode>Reigen ist geschrieben im Winter 1896-97. Daß er bis¬</Unicode>
                </TextEquiv>
            </TextLine>
            <TextLine id="r2l27" custom="readingOrder {index:26;}">
                <Coords points="527,2135 1795,2136 1821,2063 527,2077"/>
                <Baseline points="535,2121 598,2120 662,2119 726,2118 790,2118 854,2117 918,2117 982,2116 1046,2116 1110,2116 1174,2116 1237,2115 1301,2115 1365,2115 1429,2114 1493,2114 1557,2114 1621,2113 1685,2112 1749,2111 1813,2110"/>
                <TextEquiv>
                    <Unicode>her kaum bekannt war, lag daran, daß das Buch, wenn ich</Unicode>
                </TextEquiv>
            </TextLine>
            <TextLine id="r2l28" custom="readingOrder {index:27;}">
                <Coords points="531,2187 1736,2196 1831,2176 1831,2138 530,2143"/>
                <Baseline points="538,2178 602,2177 666,2177 730,2176 795,2176 859,2175 923,2175 987,2174 1052,2173 1116,2173 1180,2172 1244,2172 1309,2172 1373,2171 1437,2171 1501,2170 1566,2170 1630,2170 1694,2169 1758,2169 1823,2169"/>
                <TextEquiv>
                    <Unicode>nicht irre, verboten war. Vor kurzem führte das Berliner</Unicode>
                </TextEquiv>
            </TextLine>
            <TextLine id="r2l29" custom="readingOrder {index:28;}">
                <Coords points="527,2255 1769,2245 1831,2234 1831,2179 527,2190"/>
                <Baseline points="536,2234 600,2233 664,2233 729,2233 793,2233 857,2233 922,2233 986,2232 1050,2232 1115,2232 1179,2231 1243,2231 1308,2230 1372,2230 1436,2229 1501,2228 1565,2228 1629,2227 1694,2226 1758,2225 1823,2224"/>
                <TextEquiv>
                    <Unicode>kleine Thealer die Szenen auf. Sensation! Und ich gehe wohl</Unicode>
                </TextEquiv>
            </TextLine>
            <TextLine id="r2l30" custom="readingOrder {index:29;}">
                <Coords points="522,2300 1821,2301 1821,2237 522,2254"/>
                <Baseline points="531,2293 595,2293 659,2292 723,2292 787,2292 851,2291 915,2291 979,2291 1043,2290 1107,2290 1172,2289 1236,2288 1300,2288 1364,2287 1428,2287 1492,2286 1556,2285 1620,2285 1684,2284 1748,2283 1813,2283"/>
                <TextEquiv>
                    <Unicode>nicht fehl, wenn ich vermute, daß auch Sie durch den Bericht</Unicode>
                </TextEquiv>
            </TextLine>
            <TextLine id="r2l31" custom="readingOrder {index:30;}">
                <Coords points="530,2357 1470,2369 1663,2348 1663,2298 530,2311"/>
                <Baseline points="539,2351 594,2351 650,2350 706,2350 762,2350 818,2350 874,2349 929,2349 985,2349 1041,2348 1097,2348 1153,2347 1209,2347 1265,2346 1320,2346 1376,2345 1432,2345 1488,2344 1544,2343 1600,2343 1656,2342"/>
                <TextEquiv>
                    <Unicode>des Berl. Tagebl. darauf gesteßen sind. Nicht wahr?</Unicode>
                </TextEquiv>
            </TextLine>
            <TextLine id="r2l32" custom="readingOrder {index:31;}">
                <Coords points="628,2429 1821,2415 1836,2371 627,2367"/>
                <Baseline points="636,2409 695,2409 755,2409 814,2409 874,2408 934,2408 993,2407 1053,2407 1112,2406 1172,2406 1232,2405 1291,2405 1351,2404 1410,2403 1470,2403 1530,2402 1589,2402 1649,2402 1708,2402 1768,2401 1828,2402"/>
                <TextEquiv>
                    <Unicode>Es sind zehn Zwiegespräche: Die Dirne und der Soldat,</Unicode>
                </TextEquiv>
            </TextLine>
            <TextLine id="r2l33" custom="readingOrder {index:32;}">
                <Coords points="528,2481 1829,2469 1799,2410 528,2429"/>
                <Baseline points="536,2468 600,2467 664,2467 728,2466 793,2466 857,2465 921,2465 985,2464 1050,2464 1114,2463 1178,2463 1242,2462 1307,2462 1371,2461 1435,2461 1499,2460 1564,2460 1628,2460 1692,2459 1756,2459 1821,2459"/>
                <TextEquiv>
                    <Unicode>der Soldat und das Stubenmädchen, das Stubenmädchen und</Unicode>
                </TextEquiv>
            </TextLine>
            <TextLine id="r2l34" custom="readingOrder {index:33;}">
                <Coords points="532,2534 1800,2536 1834,2470 532,2487"/>
                <Baseline points="540,2529 604,2528 668,2527 732,2526 797,2525 861,2524 925,2524 990,2523 1054,2523 1118,2523 1183,2522 1247,2522 1311,2522 1375,2522 1440,2521 1504,2521 1568,2521 1633,2520 1697,2520 1761,2519 1826,2518"/>
                <TextEquiv>
                    <Unicode>der junge Herr, der junge Herr und die junge Frau, die junge</Unicode>
                </TextEquiv>
            </TextLine>
            <TextLine id="r2l35" custom="readingOrder {index:34;}">
                <Coords points="535,2600 1816,2598 1830,2534 534,2537"/>
                <Baseline points="543,2587 607,2586 671,2585 735,2585 799,2584 863,2583 927,2583 991,2582 1055,2582 1119,2581 1183,2581 1247,2580 1311,2580 1375,2579 1439,2579 1503,2578 1567,2578 1631,2577 1695,2577 1759,2576 1823,2576"/>
                <TextEquiv>
                    <Unicode>Frau und der Ehemann, der. Gatte und das süße Mädel, das</Unicode>
                </TextEquiv>
            </TextLine>
            <TextLine id="r2l36" custom="readingOrder {index:35;}">
                <Coords points="538,2662 1690,2661 1824,2651 1824,2600 538,2605"/>
                <Baseline points="547,2644 610,2644 674,2644 737,2643 801,2643 864,2643 928,2642 991,2641 1055,2641 1118,2640 1182,2640 1245,2639 1309,2638 1372,2638 1436,2637 1499,2637 1563,2637 1626,2636 1690,2636 1753,2636 1817,2636"/>
                <TextEquiv>
                    <Unicode>süße Mädel une der Dichter, der Dichter und die Schauspielerin,</Unicode>
                </TextEquiv>
            </TextLine>
            <TextLine id="r2l37" custom="readingOrder {index:36;}">
                <Coords points="538,2715 1756,2702 1755,2651 538,2662"/>
                <Baseline points="546,2704 606,2703 666,2702 726,2702 786,2701 846,2701 906,2700 966,2700 1026,2700 1086,2699 1146,2699 1206,2698 1266,2698 1326,2697 1386,2697 1446,2696 1506,2696 1566,2695 1626,2694 1686,2693 1747,2692"/>
                <TextEquiv>
                    <Unicode>die Schauspielerin und der Graf, der Graf und die Dirne.</Unicode>
                </TextEquiv>
            </TextLine>
            <TextLine id="r2l38" custom="readingOrder {index:37;}">
                <Coords points="647,2781 1834,2759 1833,2713 1750,2704 646,2709"/>
                <Baseline points="655,2765 713,2763 772,2762 830,2761 889,2759 947,2758 1006,2757 1064,2757 1123,2757 1181,2756 1240,2756 1298,2756 1357,2755 1415,2755 1474,2755 1532,2755 1591,2754 1649,2754 1708,2753 1766,2752 1825,2751"/>
                <TextEquiv>
                    <Unicode>„Zehn kleine Komödien des Geschlechtstriebes, in deren</Unicode>
                </TextEquiv>
            </TextLine>
            <TextLine id="r2l39" custom="readingOrder {index:38;}">
                <Coords points="535,2845 1824,2826 1833,2778 534,2783"/>
                <Baseline points="542,2822 606,2821 670,2821 734,2820 798,2820 862,2819 926,2819 991,2818 1055,2817 1119,2817 1183,2816 1247,2815 1311,2815 1375,2814 1440,2814 1504,2813 1568,2813 1632,2812 1696,2811 1760,2811 1825,2810"/>
                <TextEquiv>
                    <Unicode>Höhepunkte der Dichter stets zu schweigen und die Interpunktion</Unicode>
                </TextEquiv>
            </TextLine>
            <TextLine id="r2l40" custom="readingOrder {index:39;}">
                <Coords points="532,2901 1811,2885 1829,2831 531,2848"/>
                <Baseline points="539,2884 603,2882 667,2881 731,2880 795,2878 859,2878 923,2877 987,2876 1051,2876 1115,2875 1180,2875 1244,2874 1308,2874 1372,2873 1436,2873 1500,2872 1564,2872 1628,2871 1692,2870 1756,2869 1821,2868"/>
                <TextEquiv>
                    <Unicode>zu reden beginnt. Die Vorhänge der verschwiegensten Alkoven</Unicode>
                </TextEquiv>
            </TextLine>
            <TextLine id="r2l41" custom="readingOrder {index:40;}">
                <Coords points="531,2953 1832,2939 1831,2879 1729,2875 531,2906"/>
                <Baseline points="540,2940 604,2940 668,2939 732,2939 796,2938 860,2938 924,2937 989,2936 1053,2935 1117,2935 1181,2934 1245,2933 1309,2932 1373,2931 1438,2931 1502,2930 1566,2930 1630,2929 1694,2929 1758,2928 1823,2928"/>
                <TextEquiv>
                    <Unicode>öffnen sich, und die geheimsten Geheimnisse dürfen wir hören.</Unicode>
                </TextEquiv>
            </TextLine>
            <TextLine id="r2l42" custom="readingOrder {index:41;}">
                <Coords points="537,3003 1827,3000 1815,2945 537,2956"/>
                <Baseline points="545,2998 608,2997 672,2997 736,2996 799,2996 863,2995 927,2995 990,2994 1054,2994 1118,2993 1182,2993 1245,2992 1309,2992 1373,2991 1436,2991 1500,2990 1564,2989 1627,2989 1691,2988 1755,2987 1819,2986"/>
                <TextEquiv>
                    <Unicode>Die Liebe in ihrer konkreten Form ist das einzige zehnmal</Unicode>
                </TextEquiv>
            </TextLine>
            <TextLine id="r2l43" custom="readingOrder {index:42;}">
                <Coords points="543,3070 1829,3054 1829,3012 1687,2997 543,3010"/>
                <Baseline points="552,3058 615,3057 678,3056 742,3055 805,3055 869,3054 932,3053 996,3053 1059,3052 1123,3052 1186,3051 1249,3051 1313,3050 1376,3050 1440,3049 1503,3048 1567,3048 1630,3047 1694,3046 1757,3045 1821,3044"/>
                <TextEquiv>
                    <Unicode>varüerte Thema des Buches und trotz der außerordentlichen</Unicode>
                </TextEquiv>
            </TextLine>
            <TextLine id="r2l44" custom="readingOrder {index:43;}">
                <Coords points="531,3131 1778,3127 1826,3073 530,3071"/>
                <Baseline points="539,3115 603,3115 667,3115 731,3114 795,3114 859,3113 923,3113 987,3112 1051,3111 1115,3111 1179,3110 1243,3109 1307,3109 1371,3108 1435,3107 1499,3107 1563,3106 1627,3106 1691,3106 1755,3106 1819,3106"/>
                <TextEquiv>
                    <Unicode>Wahrhaftigkeit des Tones, in dem die Gespräche gehalten sind,</Unicode>
                </TextEquiv>
            </TextLine>
            <TextLine id="r2l45" custom="readingOrder {index:44;}">
                <Coords points="534,3184 1686,3188 1828,3170 1828,3130 534,3137"/>
                <Baseline points="542,3176 609,3175 676,3174 743,3173 811,3172 878,3172 945,3171 1013,3170 1080,3170 1147,3169 1215,3168 1282,3168 1349,3167 1417,3166 1484,3166 1551,3165 1619,3164 1686,3164 1753,3163 1821,3162"/>
                <TextEquiv>
                    <Unicode>fällt kaum ein unzartes Wort. Vielleicht noch nie sind die</Unicode>
                </TextEquiv>
            </TextLine>
            <TextLine id="r2l46" custom="readingOrder {index:45;}">
                <Coords points="544,3260 1830,3229 1829,3182 1746,3169 543,3193"/>
                <Baseline points="551,3235 614,3234 678,3233 741,3231 805,3231 868,3230 932,3229 995,3228 1059,3227 1122,3227 1186,3226 1249,3225 1313,3225 1376,3224 1440,3223 1503,3223 1567,3223 1630,3222 1694,3222 1757,3221 1821,3221"/>
                <TextEquiv>
                    <Unicode>femininen Listen sicherer beobachtet und diskreter nachgezeichnel</Unicode>
                </TextEquiv>
            </TextLine>
            <TextLine id="r2l47" custom="readingOrder {index:46;}">
                <Coords points="531,3296 1832,3292 1831,3230 531,3252"/>
                <Baseline points="539,3291 603,3291 667,3291 731,3291 795,3291 860,3290 924,3289 988,3289 1052,3288 1116,3287 1181,3286 1245,3285 1309,3285 1373,3284 1437,3283 1502,3282 1566,3282 1630,3281 1694,3281 1758,3280 1823,3280"/>
                <TextEquiv>
                    <Unicode>worden. Ein Chirurg der Seele zeigt uns ihre verborgensten</Unicode>
                </TextEquiv>
            </TextLine>
            <TextLine id="r2l48" custom="readingOrder {index:47;}">
                <Coords points="546,3359 1811,3356 1843,3292 545,3299"/>
                <Baseline points="554,3349 618,3349 682,3349 746,3349 810,3349 874,3348 938,3347 1002,3347 1066,3346 1130,3345 1194,3344 1258,3343 1322,3342 1386,3342 1450,3341 1514,3340 1578,3339 1642,3339 1706,3339 1770,3339 1835,3339"/>
                <TextEquiv>
                    <Unicode>Verrichtungen und dringt ein in Gebiete, die bisher der Kunst</Unicode>
                </TextEquiv>
            </TextLine>
            <TextLine id="r2l49" custom="readingOrder {index:48;}">
                <Coords points="544,3427 1843,3417 1842,3363 1714,3344 543,3360"/>
                <Baseline points="552,3410 616,3410 680,3409 744,3409 808,3408 872,3407 936,3407 1001,3406 1065,3405 1129,3404 1193,3404 1257,3403 1321,3402 1385,3401 1450,3400 1514,3400 1578,3399 1642,3398 1706,3398 1770,3397 1835,3397"/>
                <TextEquiv>
                    <Unicode>terra incognita waren“, urteilen die die M. N. N. Und die</Unicode>
                </TextEquiv>
            </TextLine>
            <TextLine id="r2l50" custom="readingOrder {index:49;}">
                <Coords points="535,3476 1844,3472 1817,3412 534,3422"/>
                <Baseline points="543,3469 607,3468 672,3467 736,3467 801,3466 866,3466 930,3465 995,3464 1059,3463 1124,3463 1189,3462 1253,3461 1318,3461 1382,3460 1447,3459 1511,3459 1576,3458 1641,3457 1705,3457 1770,3456 1835,3455"/>
                <TextEquiv>
                    <Unicode>Neue Deutsche Rundschau, Berlin schrieb: „Das Buch enthält</Unicode>
                </TextEquiv>
            </TextLine>
            <TextLine id="r2l51" custom="readingOrder {index:50;}">
                <Coords points="537,3540 1760,3533 1839,3524 1839,3480 536,3480"/>
                <Baseline points="545,3529 609,3528 673,3528 737,3527 802,3526 866,3526 930,3525 995,3524 1059,3523 1123,3522 1188,3521 1252,3520 1316,3520 1380,3519 1445,3518 1509,3517 1573,3516 1638,3516 1702,3515 1766,3515 1831,3514"/>
                <TextEquiv>
                    <Unicode>Szenen. Jede zwischen einer Frau und einem Mann. Jedes¬</Unicode>
                </TextEquiv>
            </TextLine>
            <TextLine id="r2l52" custom="readingOrder {index:51;}">
                <Coords points="535,3599 1798,3598 1845,3582 1844,3521 534,3544"/>
                <Baseline points="543,3588 607,3587 672,3586 736,3586 801,3585 866,3584 930,3583 995,3582 1060,3581 1124,3580 1189,3579 1254,3579 1318,3578 1383,3577 1448,3577 1512,3576 1577,3576 1642,3575 1706,3575 1771,3574 1836,3574"/>
                <TextEquiv>
                    <Unicode>mal mitten drin eine Zeile von Gedankenstrichen. — Ein</Unicode>
                </TextEquiv>
            </TextLine>
            <TextLine id="r2l53" custom="readingOrder {index:52;}">
                <Coords points="545,3655 1828,3652 1845,3586 544,3604"/>
                <Baseline points="553,3645 617,3644 681,3644 745,3643 809,3643 874,3642 938,3641 1002,3641 1066,3640 1130,3639 1195,3638 1259,3638 1323,3637 1387,3637 1451,3636 1516,3635 1580,3635 1644,3634 1708,3634 1772,3633 1837,3632"/>
                <TextEquiv>
                    <Unicode>wundervolles Buch. Sein Wert liegt in den Lebensaspekten</Unicode>
                </TextEquiv>
            </TextLine>
            <TextLine id="r2l54" custom="readingOrder {index:53;}">
                <Coords points="547,3721 1838,3701 1837,3651 1702,3641 546,3665"/>
                <Baseline points="555,3705 618,3704 682,3703 746,3703 809,3702 873,3701 937,3700 1000,3700 1064,3699 1128,3698 1192,3697 1255,3697 1319,3696 1383,3695 1446,3694 1510,3694 1574,3693 1637,3693 1701,3692 1765,3691 1829,3691"/>
                <TextEquiv>
                    <Unicode>und in der komischen Gestaltung. Die komische Kraft ist ein</Unicode>
                </TextEquiv>
            </TextLine>
            <TextLine id="r2l55" custom="readingOrder {index:54;}">
                <Coords points="543,3777 1837,3765 1836,3710 1580,3695 542,3718"/>
                <Baseline points="551,3765 614,3764 678,3764 742,3763 806,3762 870,3761 934,3761 998,3760 1062,3759 1126,3758 1190,3757 1253,3756 1317,3755 1381,3754 1445,3753 1509,3753 1573,3752 1637,3751 1701,3751 1765,3751 1829,3750"/>
                <TextEquiv>
                    <Unicode>neuer Zug an Schnitzler. Er hat eine Schauspielerin auf</Unicode>
                </TextEquiv>
            </TextLine>
            <TextLine id="r2l56" custom="readingOrder {index:55;}">
                <Coords points="547,3838 1836,3822 1819,3763 807,3773 764,3806 546,3778"/>
                <Baseline points="555,3825 618,3824 682,3823 745,3822 809,3821 873,3820 936,3819 1000,3818 1063,3817 1127,3816 1191,3815 1254,3814 1318,3813 1381,3812 1445,3811 1509,3810 1572,3810 1636,3809 1699,3809 1763,3809 1827,3810"/>
                <TextEquiv>
                    <Unicode>zwei . . . gestellt, deren Wesen in dunklen Situationen er¬</Unicode>
                </TextEquiv>
            </TextLine>
            <TextLine id="r2l57" custom="readingOrder {index:56;}">
                <Coords points="547,3902 1846,3893 1845,3822 546,3837"/>
                <Baseline points="555,3881 619,3881 683,3881 747,3880 811,3879 875,3878 939,3877 1003,3876 1067,3875 1131,3874 1196,3873 1260,3872 1324,3871 1388,3870 1452,3869 1516,3869 1580,3868 1644,3868 1708,3869 1772,3869 1837,3870"/>
                <TextEquiv>
                    <Unicode>schütternd wirkt. Er gibt einen kostbaren Poeten, der sich</Unicode>
                </TextEquiv>
            </TextLine>
            <TextLine id="r2l58" custom="readingOrder {index:57;}">
                <Coords points="544,3959 1840,3935 1839,3895 1651,3875 544,3902"/>
                <Baseline points="553,3944 616,3942 680,3940 744,3939 808,3937 872,3936 936,3935 1000,3934 1064,3933 1128,3932 1192,3931 1255,3930 1319,3930 1383,3929 1447,3929 1511,3928 1575,3928 1639,3927 1703,3927 1767,3927 1831,3927"/>
                <TextEquiv>
                    <Unicode>pfeudonym Biebitz nennt und das süße Mädel als Unterlage</Unicode>
                </TextEquiv>
            </TextLine>
            <TextLine id="r2l59" custom="readingOrder {index:58;}">
                <Coords points="537,4022 1526,4027 1850,3994 1850,3937 536,3966"/>
                <Baseline points="545,4000 609,3999 674,3999 739,3998 804,3997 869,3997 934,3996 999,3995 1064,3994 1129,3993 1194,3992 1258,3991 1323,3990 1388,3989 1453,3989 1518,3988 1583,3987 1648,3987 1713,3987 1778,3986 1843,3986"/>
                <TextEquiv>
                    <Unicode>für Betrachtungen ansieht. Man schreit beim Lesen. — Es</Unicode>
                </TextEquiv>
            </TextLine>
            <TextEquiv>
                <Unicode>2
K K.
4
WEEEIETE
HEEHZE
Fur den Liebesbrie
ARARaaRaReRan
SARRRAE
And're beten zur Madonna,
And're auch zu Paul und Peter;
Ich jedoch ich will nur beten,
Nur zu Dir, du schöne Sonne.
Gib mir Küsse, gib mir Wonne,
Sei mir gütig, sei mir gnädig,
Schönste Sonne unter den Mädchen,
Schönstes Mädchen unter der Sonne!
Heine.
HI
HI
Titeratur
ARRERRRRREHRRN
RRRRRR RREN
4e von Arthur Schnitler, B. Harz Verlag,
„Reigen; Berlin-Wien, ist nicht neu, wie Sie meinen,
lieber Freund.
Reigen ist geschrieben im Winter 1896-97. Daß er bis¬
her kaum bekannt war, lag daran, daß das Buch, wenn ich
nicht irre, verboten war. Vor kurzem führte das Berliner
kleine Thealer die Szenen auf. Sensation! Und ich gehe wohl
nicht fehl, wenn ich vermute, daß auch Sie durch den Bericht
des Berl. Tagebl. darauf gesteßen sind. Nicht wahr?
Es sind zehn Zwiegespräche: Die Dirne und der Soldat,
der Soldat und das Stubenmädchen, das Stubenmädchen und
der junge Herr, der junge Herr und die junge Frau, die junge
Frau und der Ehemann, der. Gatte und das süße Mädel, das
süße Mädel une der Dichter, der Dichter und die Schauspielerin,
die Schauspielerin und der Graf, der Graf und die Dirne.
„Zehn kleine Komödien des Geschlechtstriebes, in deren
Höhepunkte der Dichter stets zu schweigen und die Interpunktion
zu reden beginnt. Die Vorhänge der verschwiegensten Alkoven
öffnen sich, und die geheimsten Geheimnisse dürfen wir hören.
Die Liebe in ihrer konkreten Form ist das einzige zehnmal
varüerte Thema des Buches und trotz der außerordentlichen
Wahrhaftigkeit des Tones, in dem die Gespräche gehalten sind,
fällt kaum ein unzartes Wort. Vielleicht noch nie sind die
femininen Listen sicherer beobachtet und diskreter nachgezeichnel
worden. Ein Chirurg der Seele zeigt uns ihre verborgensten
Verrichtungen und dringt ein in Gebiete, die bisher der Kunst
terra incognita waren“, urteilen die die M. N. N. Und die
Neue Deutsche Rundschau, Berlin schrieb: „Das Buch enthält
Szenen. Jede zwischen einer Frau und einem Mann. Jedes¬
mal mitten drin eine Zeile von Gedankenstrichen. — Ein
wundervolles Buch. Sein Wert liegt in den Lebensaspekten
und in der komischen Gestaltung. Die komische Kraft ist ein
neuer Zug an Schnitzler. Er hat eine Schauspielerin auf
zwei . . . gestellt, deren Wesen in dunklen Situationen er¬
schütternd wirkt. Er gibt einen kostbaren Poeten, der sich
pfeudonym Biebitz nennt und das süße Mädel als Unterlage
für Betrachtungen ansieht. Man schreit beim Lesen. — Es</Unicode>
            </TextEquiv>
        </TextRegion>
        <TextRegion orientation="0.0" id="r3" custom="readingOrder {index:2;}">
            <Coords points="1858,428 1858,4006 3171,4006 3171,428"/>
            <TextLine id="r3l1" custom="readingOrder {index:0;}">
                <Coords points="1851,469 3116,477 3165,470 3165,403 1851,421"/>
                <Baseline points="1860,461 1924,462 1989,462 2054,463 2119,464 2184,464 2248,464 2313,464 2378,464 2443,464 2508,463 2572,463 2637,463 2702,462 2767,461 2832,461 2896,460 2961,459 3026,459 3091,458 3156,457"/>
                <TextEquiv>
                    <Unicode>ist ein kleines Dekameron unserer Tage.“ — Bühne und Welt</Unicode>
                </TextEquiv>
            </TextLine>
            <TextLine id="r3l2" custom="readingOrder {index:1;}">
                <Coords points="1866,535 3160,519 3160,481 2986,467 1866,476"/>
                <Baseline points="1875,521 1938,522 2002,522 2066,523 2130,523 2194,523 2258,523 2322,523 2386,523 2450,522 2514,522 2577,522 2641,521 2705,521 2769,520 2833,520 2897,519 2961,519 3025,518 3089,518 3153,517"/>
                <TextEquiv>
                    <Unicode>sagt: „Arthur Schnitzler hat in seinem Reigen das gewagteste</Unicode>
                </TextEquiv>
            </TextLine>
            <TextLine id="r3l3" custom="readingOrder {index:2;}">
                <Coords points="1855,592 3116,596 3157,542 1854,538"/>
                <Baseline points="1863,579 1927,580 1991,580 2055,581 2120,581 2184,581 2248,581 2312,581 2377,581 2441,581 2505,581 2569,580 2634,580 2698,579 2762,579 2826,578 2891,578 2955,578 3019,577 3083,577 3148,576"/>
                <TextEquiv>
                    <Unicode>Buch unserer heutigen deutschen Literatur und dennoch eine</Unicode>
                </TextEquiv>
            </TextLine>
            <TextLine id="r3l4" custom="readingOrder {index:3;}">
                <Coords points="1859,647 3155,653 3145,590 2847,622 1859,595"/>
                <Baseline points="1867,636 1931,637 1995,639 2059,640 2123,640 2187,641 2251,641 2315,642 2379,642 2443,641 2507,641 2571,641 2635,640 2699,640 2763,639 2827,638 2891,637 2955,637 3019,636 3083,635 3147,634"/>
                <TextEquiv>
                    <Unicode>der keuschesten Dichtungen geschaffen, deren ein blutvoller</Unicode>
                </TextEquiv>
            </TextLine>
            <TextLine id="r3l5" custom="readingOrder {index:4;}">
                <Coords points="1858,704 1899,717 1965,703 2053,716 2079,706 2139,721 2248,705 2248,653 2077,651 2025,664 1951,644 1899,657 1858,645"/>
                <Baseline points="1866,696 1892,697 1919,697 1946,697 1972,698 1999,698 2026,698 2053,698 2079,699 2106,699 2133,699 2159,698 2186,698 2213,698 2240,697"/>
                <TextEquiv>
                    <Unicode>Künstler fähig ist.“</Unicode>
                </TextEquiv>
            </TextLine>
            <TextLine id="r3l6" custom="readingOrder {index:5;}">
                <Coords points="1965,770 3084,769 3163,756 3163,706 1965,708"/>
                <Baseline points="1973,757 2032,757 2091,758 2150,758 2209,758 2268,758 2327,758 2386,758 2445,758 2504,757 2564,757 2623,757 2682,756 2741,756 2800,755 2859,755 2918,754 2977,754 3036,753 3095,753 3155,752"/>
                <TextEquiv>
                    <Unicode>Ich setze diese Besprechungen hierher, weil Treffenderes</Unicode>
                </TextEquiv>
            </TextLine>
            <TextLine id="r3l7" custom="readingOrder {index:6;}">
                <Coords points="1859,820 3168,813 3168,774 3054,762 1859,769"/>
                <Baseline points="1868,815 1932,816 1997,817 2061,817 2126,818 2191,818 2255,818 2320,818 2384,817 2449,817 2514,816 2578,816 2643,815 2707,815 2772,814 2836,813 2901,812 2966,812 3030,811 3095,810 3160,810"/>
                <TextEquiv>
                    <Unicode>ich auch nicht sagen könnte. Sind Sie nicht zufrieden, dann</Unicode>
                </TextEquiv>
            </TextLine>
            <TextLine id="r3l8" custom="readingOrder {index:7;}">
                <Coords points="1865,891 3070,888 3162,878 3162,816 2868,850 2805,818 2730,849 1865,832"/>
                <Baseline points="1873,873 1937,874 2001,874 2065,874 2129,874 2193,875 2257,875 2321,875 2385,874 2449,874 2514,874 2578,874 2642,873 2706,873 2770,872 2834,872 2898,871 2962,870 3026,869 3090,868 3155,867"/>
                <TextEquiv>
                    <Unicode>lesen Sie bitte das Bächlein selbst. Dann wissen Sie noch viel</Unicode>
                </TextEquiv>
            </TextLine>
            <TextLine id="r3l9" custom="readingOrder {index:8;}">
                <Coords points="1863,941 3151,942 3168,884 1863,889"/>
                <Baseline points="1871,933 1935,934 1999,934 2064,934 2128,934 2193,934 2257,934 2322,934 2386,933 2451,933 2515,933 2579,933 2644,932 2708,932 2773,931 2837,931 2902,930 2966,929 3031,928 3095,927 3160,926"/>
                <TextEquiv>
                    <Unicode>besser, was daran ist und für einen hohen Genuß werden Sie</Unicode>
                </TextEquiv>
            </TextLine>
            <TextLine id="r3l10" custom="readingOrder {index:9;}">
                <Coords points="1850,991 3155,998 3145,939 2342,974 1850,942"/>
                <Baseline points="1858,992 1922,992 1987,993 2051,993 2116,993 2180,993 2245,993 2309,993 2374,993 2438,992 2503,992 2567,991 2632,990 2696,990 2761,989 2825,988 2890,987 2954,986 3019,986 3083,985 3148,984"/>
                <TextEquiv>
                    <Unicode>mir gewißlich danken. Wie Sie es lesen sollen? Bitte: rot¬</Unicode>
                </TextEquiv>
            </TextLine>
            <TextLine id="r3l11" custom="readingOrder {index:10;}">
                <Coords points="1861,1058 3103,1063 3162,1053 3162,1004 1861,1019"/>
                <Baseline points="1870,1050 1934,1051 1998,1052 2062,1052 2126,1052 2191,1052 2255,1052 2319,1052 2383,1052 2447,1051 2512,1051 2576,1050 2640,1049 2704,1048 2768,1048 2833,1047 2897,1046 2961,1046 3025,1045 3089,1045 3154,1044"/>
                <TextEquiv>
                    <Unicode>verhängte Ampel, auf dem Divan liegend in den Wogen</Unicode>
                </TextEquiv>
            </TextLine>
            <TextLine id="r3l12" custom="readingOrder {index:11;}">
                <Coords points="1859,1112 3110,1137 3163,1126 3163,1051 1859,1072"/>
                <Baseline points="1867,1110 1931,1110 1995,1110 2060,1110 2124,1110 2189,1110 2253,1110 2317,1110 2382,1110 2446,1109 2511,1109 2575,1109 2639,1109 2704,1108 2768,1108 2833,1107 2897,1107 2961,1106 3026,1105 3090,1105 3155,1104"/>
                <TextEquiv>
                    <Unicode>weicher, tausend und eine Nacht bunter Kissen, süffiger Likör,</Unicode>
                </TextEquiv>
            </TextLine>
            <TextLine id="r3l13" custom="readingOrder {index:12;}">
                <Coords points="1851,1178 1941,1202 2019,1178 2183,1198 2246,1162 2283,1183 2490,1189 2548,1174 2548,1122 1851,1134"/>
                <Baseline points="1860,1169 1894,1170 1928,1170 1962,1171 1996,1171 2030,1171 2064,1171 2098,1171 2132,1171 2166,1170 2200,1170 2234,1170 2268,1170 2302,1169 2336,1169 2370,1169 2404,1169 2438,1169 2472,1169 2506,1169 2540,1169"/>
                <TextEquiv>
                    <Unicode>köstliche Zigarette. Und nachher</Unicode>
                </TextEquiv>
            </TextLine>
            <TextLine id="r3l14" custom="readingOrder {index:13;}">
                <Coords points="1931,1290 3022,1289 3165,1275 3165,1228 1931,1236"/>
                <Baseline points="1940,1278 2000,1278 2061,1277 2122,1277 2183,1277 2244,1276 2305,1276 2365,1276 2426,1275 2487,1275 2548,1274 2609,1273 2670,1273 2731,1272 2791,1272 2852,1271 2913,1271 2974,1270 3035,1270 3096,1269 3157,1269"/>
                <TextEquiv>
                    <Unicode>nticipando, von A. W. M. Fender. Der Verfasser war</Unicode>
                </TextEquiv>
            </TextLine>
            <TextLine id="r3l15" custom="readingOrder {index:14;}">
                <Coords points="1853,1324 3167,1341 3156,1273 2053,1298 1853,1232"/>
                <Baseline points="1861,1320 1925,1325 1990,1328 2055,1330 2120,1332 2185,1334 2250,1334 2315,1334 2380,1334 2445,1334 2510,1333 2574,1332 2639,1331 2704,1330 2769,1329 2834,1329 2899,1328 2964,1328 3029,1328 3094,1329 3159,1330"/>
                <TextEquiv>
                    <Unicode>24 Mitglied des Soldatenrats an der Unterweser und fiel durch</Unicode>
                </TextEquiv>
            </TextLine>
            <TextLine id="r3l16" custom="readingOrder {index:15;}">
                <Coords points="1859,1399 3165,1397 3164,1343 3049,1338 1859,1347"/>
                <Baseline points="1868,1395 1932,1395 1996,1395 2061,1394 2125,1394 2190,1393 2254,1393 2319,1393 2383,1392 2448,1391 2512,1391 2576,1390 2641,1390 2705,1389 2770,1389 2834,1388 2899,1388 2963,1387 3028,1386 3092,1386 3157,1385"/>
                <TextEquiv>
                    <Unicode>Beschränktheit noch mehr auf als durch die lange Länge seines</Unicode>
                </TextEquiv>
            </TextLine>
            <TextLine id="r3l17" custom="readingOrder {index:16;}">
                <Coords points="1862,1464 3172,1458 3171,1396 1861,1408"/>
                <Baseline points="1870,1454 1934,1454 1999,1453 2064,1452 2128,1452 2193,1451 2258,1451 2322,1450 2387,1449 2452,1449 2517,1448 2581,1448 2646,1447 2711,1446 2775,1446 2840,1445 2905,1445 2969,1444 3034,1443 3099,1443 3164,1442"/>
                <TextEquiv>
                    <Unicode>Körpers. Das Heftchen enthält Sprüche von Dichtern und</Unicode>
                </TextEquiv>
            </TextLine>
            <TextLine id="r3l18" custom="readingOrder {index:17;}">
                <Coords points="1862,1522 2999,1525 3166,1511 3166,1459 1862,1463"/>
                <Baseline points="1870,1512 1934,1512 1998,1511 2063,1511 2127,1511 2192,1510 2256,1510 2320,1509 2385,1509 2449,1508 2514,1508 2578,1507 2642,1507 2707,1506 2771,1505 2836,1505 2900,1504 2964,1503 3029,1503 3093,1502 3158,1501"/>
                <TextEquiv>
                    <Unicode>Denkern. Das eigen Hirngeschwitzte ist ungenießbar, Wenn</Unicode>
                </TextEquiv>
            </TextLine>
            <TextLine id="r3l19" custom="readingOrder {index:18;}">
                <Coords points="1860,1583 3161,1578 3151,1514 1860,1539"/>
                <Baseline points="1868,1571 1932,1570 1996,1570 2060,1570 2125,1570 2189,1569 2253,1569 2317,1568 2382,1568 2446,1567 2510,1567 2574,1566 2639,1566 2703,1565 2767,1564 2831,1563 2896,1563 2960,1562 3024,1561 3088,1560 3153,1559"/>
                <TextEquiv>
                    <Unicode>nicht einer mich danach fragte, hätte ich das Machwerk nie</Unicode>
                </TextEquiv>
            </TextLine>
            <TextLine id="r3l20" custom="readingOrder {index:19;}">
                <Coords points="1864,1651 3152,1643 3163,1584 1864,1589"/>
                <Baseline points="1873,1630 1937,1630 2001,1629 2065,1628 2129,1627 2193,1627 2257,1626 2321,1626 2385,1626 2449,1625 2514,1625 2578,1625 2642,1624 2706,1624 2770,1623 2834,1622 2898,1621 2962,1621 3026,1619 3090,1618 3155,1617"/>
                <TextEquiv>
                    <Unicode>erwähnt. Ein Buchstabe schon ist eigentlich dafür zu viel. Vor</Unicode>
                </TextEquiv>
            </TextLine>
            <TextLine id="r3l21" custom="readingOrder {index:20;}">
                <Coords points="1860,1697 3164,1693 3134,1629 1859,1651"/>
                <Baseline points="1867,1689 1931,1689 1995,1688 2060,1688 2124,1688 2189,1687 2253,1687 2317,1686 2382,1685 2446,1684 2511,1684 2575,1683 2639,1682 2704,1682 2768,1681 2833,1680 2897,1680 2961,1679 3026,1678 3090,1678 3155,1678"/>
                <TextEquiv>
                    <Unicode>der Revelution verbeten gewesen. Einmal eine schätzenswerte</Unicode>
                </TextEquiv>
            </TextLine>
            <TextLine id="r3l22" custom="readingOrder {index:21;}">
                <Coords points="1863,1759 3165,1752 3132,1689 1862,1693"/>
                <Baseline points="1870,1749 1934,1748 1998,1748 2062,1747 2127,1746 2191,1746 2255,1745 2320,1745 2384,1744 2448,1743 2513,1743 2577,1742 2641,1742 2705,1741 2770,1741 2834,1740 2898,1740 2963,1739 3027,1738 3091,1737 3156,1736"/>
                <TextEquiv>
                    <Unicode>Tat der Zensur. Sie verdient deswegen größtes Lob. Hätte</Unicode>
                </TextEquiv>
            </TextLine>
            <TextLine id="r3l23" custom="readingOrder {index:22;}">
                <Coords points="1872,1840 2437,1803 2601,1823 2600,1751 2566,1747 2503,1770 2460,1750 2053,1776 1954,1749 1871,1762"/>
                <Baseline points="1880,1811 1915,1809 1951,1808 1986,1807 2022,1806 2058,1806 2093,1805 2129,1804 2165,1804 2200,1803 2236,1803 2272,1802 2307,1802 2343,1802 2379,1802 2414,1801 2450,1801 2486,1801 2521,1801 2557,1801 2593,1802"/>
                <TextEquiv>
                    <Unicode>sie hier nur weiter wirken können.</Unicode>
                </TextEquiv>
            </TextLine>
            <TextLine id="r3l24" custom="readingOrder {index:23;}">
                <Coords points="1974,2033 2153,2021 2369,2051 2570,2021 2660,2046 2658,1940 1973,1938"/>
                <Baseline points="1983,2026 2016,2023 2049,2021 2083,2018 2116,2017 2150,2016 2183,2014 2216,2014 2250,2013 2283,2013 2317,2013 2350,2013 2383,2013 2417,2013 2450,2013 2484,2014 2517,2014 2550,2014 2584,2014 2617,2014 2651,2013"/>
                <TextEquiv>
                    <Unicode>Zur Besprechung</Unicode>
                </TextEquiv>
            </TextLine>
            <TextLine id="r3l25" custom="readingOrder {index:24;}">
                <Coords points="2200,2146 2595,2151 2759,2113 3076,2148 3075,2057 2940,2027 2476,2064 2269,2032 2200,2065"/>
                <Baseline points="2209,2120 2251,2122 2294,2123 2337,2123 2380,2123 2423,2123 2466,2123 2509,2122 2552,2121 2595,2120 2638,2120 2680,2118 2723,2118 2766,2117 2809,2116 2852,2116 2895,2116 2938,2116 2981,2117 3024,2118 3067,2120"/>
                <TextEquiv>
                    <Unicode>eingegangene Bücher</Unicode>
                </TextEquiv>
            </TextLine>
            <TextLine id="r3l26" custom="readingOrder {index:25;}">
                <Coords points="2585,2214 2777,2217 2813,2200 2887,2224 2910,2206 3092,2214 3113,2204 3113,2145 2585,2151"/>
                <Baseline points="2593,2200 2618,2199 2644,2199 2669,2199 2695,2198 2721,2198 2746,2198 2772,2197 2797,2197 2823,2197 2849,2197 2874,2197 2900,2197 2925,2197 2951,2197 2977,2197 3002,2197 3028,2197 3053,2197 3079,2197 3105,2197"/>
                <TextEquiv>
                    <Unicode>KARESEREREEEREERRRNRRSNRENN</Unicode>
                </TextEquiv>
            </TextLine>
            <TextLine id="r3l27" custom="readingOrder {index:26;}">
                <Coords points="1953,2216 2449,2213 2448,2157 2396,2145 2372,2165 2089,2150 1953,2166"/>
                <Baseline points="1962,2206 1987,2206 2012,2205 2037,2205 2062,2205 2087,2204 2112,2204 2138,2204 2163,2203 2188,2203 2213,2203 2238,2202 2263,2202 2289,2202 2314,2201 2339,2201 2364,2201 2389,2201 2414,2202 2440,2202"/>
                <TextEquiv>
                    <Unicode>ANERREEEERHERRRT RSnauREN</Unicode>
                </TextEquiv>
            </TextLine>
            <TextLine id="r3l28" custom="readingOrder {index:27;}">
                <Coords points="2563,2272 2758,2270 2794,2290 2928,2270 3170,2281 3170,2233 3022,2210 2858,2235 2720,2210 2563,2224"/>
                <Baseline points="2571,2264 2600,2264 2630,2265 2659,2265 2689,2265 2718,2266 2748,2266 2777,2266 2807,2266 2836,2266 2866,2266 2896,2266 2925,2266 2955,2265 2984,2265 3014,2265 3043,2265 3073,2265 3102,2264 3132,2264 3162,2264"/>
                <TextEquiv>
                    <Unicode>44 52 Märchen des Jahres¬</Unicode>
                </TextEquiv>
            </TextLine>
            <TextLine id="r3l29" custom="readingOrder {index:28;}">
                <Coords points="1881,2342 3166,2331 3166,2279 3111,2271 2648,2296 2429,2224 1882,2233"/>
                <Baseline points="1889,2330 1952,2325 2015,2320 2079,2316 2142,2314 2206,2312 2269,2312 2333,2312 2396,2314 2460,2315 2523,2317 2586,2319 2650,2321 2713,2323 2777,2325 2840,2326 2904,2327 2967,2327 3031,2326 3094,2325 3158,2322"/>
                <TextEquiv>
                    <Unicode>„Jung-Frühling ; ringes aus Jung=Früh¬</Unicode>
                </TextEquiv>
            </TextLine>
            <TextLine id="r3l30" custom="readingOrder {index:29;}">
                <Coords points="1881,2401 3179,2384 3157,2332 1881,2343"/>
                <Baseline points="1890,2394 1954,2392 2018,2391 2082,2389 2146,2388 2210,2388 2274,2387 2338,2386 2402,2386 2466,2386 2530,2386 2594,2385 2658,2385 2722,2385 2786,2385 2850,2385 2914,2384 2978,2384 3042,2383 3106,2382 3171,2381"/>
                <TextEquiv>
                    <Unicode>lings Schicksal von Otto Lehmann=Rußbüldt. Verlag Neues</Unicode>
                </TextEquiv>
            </TextLine>
            <TextLine id="r3l31" custom="readingOrder {index:30;}">
                <Coords points="1876,2458 3120,2465 3173,2447 3173,2397 1876,2412"/>
                <Baseline points="1884,2450 1948,2450 2012,2449 2076,2449 2140,2448 2204,2448 2268,2447 2332,2447 2396,2447 2460,2446 2525,2446 2589,2446 2653,2445 2717,2445 2781,2445 2845,2445 2909,2444 2973,2444 3037,2443 3101,2443 3166,2443"/>
                <TextEquiv>
                    <Unicode>Vaterland, E. Berger &amp; Co., Berlin W 62, Kurfürstenstr. 125.</Unicode>
                </TextEquiv>
            </TextLine>
            <TextLine id="r3l32" custom="readingOrder {index:31;}">
                <Coords points="1887,2527 2113,2542 2283,2508 2382,2543 2502,2507 2723,2511 2739,2470 1886,2464"/>
                <Baseline points="1895,2514 1936,2512 1978,2511 2020,2509 2062,2509 2104,2508 2145,2507 2187,2507 2229,2507 2271,2506 2313,2506 2354,2506 2396,2506 2438,2506 2480,2506 2522,2506 2563,2506 2605,2506 2647,2505 2689,2504 2731,2503"/>
                <TextEquiv>
                    <Unicode>Preis geheftet Mk. 6.50, geb. Mk. 8.50.</Unicode>
                </TextEquiv>
            </TextLine>
            <TextLine id="r3l33" custom="readingOrder {index:32;}">
                <Coords points="2041,2839 2470,2872 2556,2842 2662,2866 3011,2845 3011,2771 2340,2796 2041,2774"/>
                <Baseline points="2049,2841 2096,2841 2144,2841 2192,2841 2239,2842 2287,2842 2335,2842 2382,2842 2430,2842 2478,2842 2526,2842 2573,2842 2621,2841 2669,2841 2716,2841 2764,2841 2812,2841 2859,2841 2907,2841 2955,2841 3003,2841"/>
                <TextEquiv>
                    <Unicode>Alle 14 Tage erscheint der</Unicode>
                </TextEquiv>
            </TextLine>
            <TextLine id="r3l34" custom="readingOrder {index:33;}">
                <Coords points="2089,3033 2393,3042 2417,3024 2471,3048 2526,3025 2638,3062 2742,3032 2741,2994 2568,3000 2491,2952 2434,2992 2374,2999 2326,2981 2168,3000 2088,2985"/>
                <Baseline points="2097,3029 2128,3026 2160,3023 2192,3021 2224,3021 2256,3019 2287,3019 2319,3018 2351,3019 2383,3019 2415,3019 2446,3019 2478,3020 2510,3020 2542,3020 2574,3020 2605,3020 2637,3020 2669,3019 2701,3018 2733,3016"/>
                <TextEquiv>
                    <Unicode>Kordbeutsche</Unicode>
                </TextEquiv>
            </TextLine>
            <TextLine id="r3l35" custom="readingOrder {index:34;}">
                <Coords points="2044,3058 2054,3059 2059,3063 2074,3056 2083,3059 2090,3056 2093,3060 2105,3059 2109,3017 2097,3016 2083,2998 2068,2985 2051,2986"/>
                <Baseline points="2054,3041 2098,3045"/>
                <TextEquiv>
                    <Unicode>9</Unicode>
                </TextEquiv>
            </TextLine>
            <TextLine id="r3l36" custom="readingOrder {index:35;}">
                <Coords points="2284,3212 2360,3232 2395,3203 2663,3200 2790,3222 2845,3195 2876,3203 2876,3138 2705,3148 2622,3100 2535,3163 2348,3174 2283,3150"/>
                <Baseline points="2291,3193 2319,3194 2348,3195 2377,3195 2406,3195 2435,3196 2464,3195 2492,3195 2521,3195 2550,3194 2579,3194 2608,3193 2637,3192 2666,3192 2694,3191 2723,3191 2752,3191 2781,3191 2810,3191 2839,3191 2868,3191"/>
                <TextEquiv>
                    <Unicode>Heiratsmatt</Unicode>
                </TextEquiv>
            </TextLine>
            <TextLine id="r3l37" custom="readingOrder {index:36;}">
                <Coords points="2049,3283 3015,3282 2941,3224 2885,3245 2829,3220 2049,3250"/>
                <Baseline points="2058,3277 2105,3276 2153,3276 2200,3275 2248,3275 2295,3274 2343,3274 2390,3273 2438,3273 2485,3272 2533,3272 2580,3272 2628,3272 2675,3272 2723,3272 2770,3272 2818,3272 2865,3273 2913,3273 2960,3274 3008,3274"/>
                <TextEquiv>
                    <Unicode>mit interessanten Artikeln über Liebe, Ehe,</Unicode>
                </TextEquiv>
            </TextLine>
            <TextLine id="r3l38" custom="readingOrder {index:37;}">
                <Coords points="2298,3323 2991,3333 3010,3284 2297,3284"/>
                <Baseline points="2305,3323 2339,3323 2374,3323 2409,3323 2444,3322 2479,3322 2514,3322 2549,3322 2584,3322 2619,3322 2654,3321 2688,3321 2723,3321 2758,3321 2793,3321 2828,3321 2863,3321 2898,3321 2933,3322 2968,3322 3003,3322"/>
                <TextEquiv>
                    <Unicode>Verbreitungsgebiet: Hannover,</Unicode>
                </TextEquiv>
            </TextLine>
            <TextLine id="r3l39" custom="readingOrder {index:38;}">
                <Coords points="2059,3333 2119,3338 2203,3325 2245,3342 2266,3331 2299,3332 2299,3297 2281,3290 2265,3295 2248,3282 2222,3279 2195,3299 2143,3283 2122,3297 2106,3283 2058,3285"/>
                <Baseline points="2066,3326 2091,3324 2116,3324 2141,3323 2166,3324 2191,3324 2216,3324 2241,3324 2266,3324 2291,3323"/>
                <TextEquiv>
                    <Unicode>Mode usw.</Unicode>
                </TextEquiv>
            </TextLine>
            <TextLine id="r3l40" custom="readingOrder {index:39;}">
                <Coords points="2052,3388 3012,3371 2950,3323 2559,3327 2520,3358 2471,3325 2226,3351 2052,3331"/>
                <Baseline points="2060,3372 2107,3373 2154,3373 2201,3373 2248,3373 2296,3373 2343,3373 2390,3373 2437,3372 2484,3372 2532,3371 2579,3371 2626,3370 2673,3370 2720,3370 2768,3369 2815,3369 2862,3369 2909,3369 2956,3370 3004,3370"/>
                <TextEquiv>
                    <Unicode>Bremen, Oldenburg, Ostfriesland, Braun¬</Unicode>
                </TextEquiv>
            </TextLine>
            <TextLine id="r3l41" custom="readingOrder {index:40;}">
                <Coords points="2123,3437 2821,3443 2926,3431 2939,3399 2840,3372 2122,3383"/>
                <Baseline points="2131,3423 2171,3423 2211,3423 2251,3422 2291,3422 2331,3422 2371,3421 2411,3421 2451,3420 2491,3420 2531,3420 2571,3420 2611,3419 2651,3419 2691,3419 2731,3419 2771,3418 2811,3418 2851,3418 2891,3418 2931,3418"/>
                <TextEquiv>
                    <Unicode>schweig, Hamburg, Schleswig-Holstein,</Unicode>
                </TextEquiv>
            </TextLine>
            <TextLine id="r3l42" custom="readingOrder {index:41;}">
                <Coords points="2342,3487 2550,3474 2592,3487 2612,3474 2649,3493 2670,3475 2716,3477 2716,3428 2610,3441 2547,3424 2505,3437 2466,3425 2420,3435 2342,3425"/>
                <Baseline points="2351,3467 2376,3468 2401,3468 2427,3468 2452,3469 2478,3469 2503,3469 2529,3469 2554,3469 2579,3469 2605,3469 2630,3468 2656,3468 2681,3467 2707,3466"/>
                <TextEquiv>
                    <Unicode>Mecklenburg usw.</Unicode>
                </TextEquiv>
            </TextLine>
            <TextLine id="r3l43" custom="readingOrder {index:42;}">
                <Coords points="2059,3547 2722,3552 2775,3540 2775,3504 2676,3486 2238,3504 2203,3486 2059,3505"/>
                <Baseline points="2067,3542 2102,3541 2137,3540 2172,3539 2207,3539 2242,3538 2277,3538 2312,3537 2347,3537 2382,3537 2417,3537 2452,3537 2487,3537 2522,3537 2557,3537 2592,3537 2627,3537 2662,3537 2697,3537 2732,3537 2767,3537"/>
                <TextEquiv>
                    <Unicode>Preis der Einzelnummer 30 Pfg.</Unicode>
                </TextEquiv>
            </TextLine>
            <TextLine id="r3l44" custom="readingOrder {index:43;}">
                <Coords points="2500,3594 2632,3594 2651,3612 2738,3619 2874,3585 3020,3605 3020,3542 2961,3542 2934,3521 2851,3543 2792,3528 2719,3553 2669,3535 2568,3553 2500,3542"/>
                <Baseline points="2508,3585 2533,3585 2558,3585 2583,3585 2608,3586 2634,3585 2659,3585 2684,3585 2709,3585 2734,3585 2760,3584 2785,3584 2810,3584 2835,3584 2860,3583 2886,3583 2911,3584 2936,3584 2961,3584 2986,3584 3012,3585"/>
                <TextEquiv>
                    <Unicode>Vierteljährlich 1,50 Mk.</Unicode>
                </TextEquiv>
            </TextLine>
            <TextLine id="r3l45" custom="readingOrder {index:44;}">
                <Coords points="2059,3682 3002,3666 3002,3618 2966,3603 2762,3632 2689,3603 2059,3611"/>
                <Baseline points="2067,3659 2113,3658 2159,3657 2206,3657 2252,3656 2299,3656 2345,3655 2391,3655 2438,3655 2484,3655 2531,3655 2577,3654 2623,3654 2670,3654 2716,3654 2763,3654 2809,3654 2855,3654 2902,3654 2948,3653 2995,3653"/>
                <TextEquiv>
                    <Unicode>Es empfiehlt sich sofort Anzeige aufzugeben.</Unicode>
                </TextEquiv>
            </TextLine>
            <TextLine id="r3l46" custom="readingOrder {index:45;}">
                <Coords points="2309,3722 2399,3732 2467,3717 2542,3748 2650,3720 2743,3726 2743,3674 2709,3668 2559,3678 2533,3665 2465,3680 2395,3664 2309,3669"/>
                <Baseline points="2317,3714 2343,3714 2369,3713 2395,3713 2421,3713 2447,3713 2473,3713 2499,3713 2526,3714 2552,3714 2578,3714 2604,3714 2630,3714 2656,3713 2682,3713 2708,3712 2735,3711"/>
                <TextEquiv>
                    <Unicode>Bombenerfolg sicher.</Unicode>
                </TextEquiv>
            </TextLine>
            <TextLine id="r3l47" custom="readingOrder {index:46;}">
                <Coords points="2692,3782 2768,3788 2780,3780 2809,3785 2822,3779 2841,3792 2854,3782 2888,3791 2889,3735 2842,3730 2824,3743 2781,3746 2767,3738 2755,3746 2730,3728 2710,3736 2692,3733"/>
                <Baseline points="2700,3777 2725,3778 2751,3778 2777,3777 2802,3777 2828,3777 2854,3778 2880,3780"/>
                <TextEquiv>
                    <Unicode>Bremen,</Unicode>
                </TextEquiv>
            </TextLine>
            <TextLine id="r3l48" custom="readingOrder {index:47;}">
                <Coords points="2065,3819 2141,3847 2341,3811 2987,3850 2988,3790 2928,3772 2772,3798 2504,3743 2353,3774 2163,3745 2066,3767"/>
                <Baseline points="2073,3817 2118,3816 2163,3815 2209,3815 2254,3814 2299,3814 2345,3815 2390,3816 2435,3816 2481,3817 2526,3818 2571,3819 2617,3820 2662,3820 2707,3821 2753,3822 2798,3822 2843,3822 2889,3822 2934,3821 2980,3820"/>
                <TextEquiv>
                    <Unicode>Ahrens &amp; CO., Gr. Waagestraße 4/5.</Unicode>
                </TextEquiv>
            </TextLine>
            <TextLine id="r3l49" custom="readingOrder {index:48;}">
                <Coords points="2724,3990 2767,3983 2809,3995 2908,3985 2942,3998 2994,3992 2993,3921 2969,3928 2897,3916 2866,3929 2857,3921 2811,3927 2778,3908 2723,3917"/>
                <Baseline points="2732,3981 2757,3982 2782,3983 2807,3983 2833,3983 2858,3982 2883,3981 2909,3980 2934,3979 2959,3979 2985,3980"/>
                <TextEquiv>
                    <Unicode>nrumnenherenencg</Unicode>
                </TextEquiv>
            </TextLine>
            <TextLine id="r3l50" custom="readingOrder {index:49;}">
                <Coords points="1996,4007 2057,3991 2094,4003 2187,3993 2254,4006 2253,3931 2186,3933 2178,3925 2157,3937 2114,3918 2085,3938 1995,3939"/>
                <Baseline points="2004,3991 2030,3990 2057,3990 2084,3989 2111,3988 2137,3987 2164,3986 2191,3986 2218,3986 2245,3986"/>
                <TextEquiv>
                    <Unicode>Wr ntnter ahul</Unicode>
                </TextEquiv>
            </TextLine>
            <TextEquiv>
                <Unicode>ist ein kleines Dekameron unserer Tage.“ — Bühne und Welt
sagt: „Arthur Schnitzler hat in seinem Reigen das gewagteste
Buch unserer heutigen deutschen Literatur und dennoch eine
der keuschesten Dichtungen geschaffen, deren ein blutvoller
Künstler fähig ist.“
Ich setze diese Besprechungen hierher, weil Treffenderes
ich auch nicht sagen könnte. Sind Sie nicht zufrieden, dann
lesen Sie bitte das Bächlein selbst. Dann wissen Sie noch viel
besser, was daran ist und für einen hohen Genuß werden Sie
mir gewißlich danken. Wie Sie es lesen sollen? Bitte: rot¬
verhängte Ampel, auf dem Divan liegend in den Wogen
weicher, tausend und eine Nacht bunter Kissen, süffiger Likör,
köstliche Zigarette. Und nachher
nticipando, von A. W. M. Fender. Der Verfasser war
24 Mitglied des Soldatenrats an der Unterweser und fiel durch
Beschränktheit noch mehr auf als durch die lange Länge seines
Körpers. Das Heftchen enthält Sprüche von Dichtern und
Denkern. Das eigen Hirngeschwitzte ist ungenießbar, Wenn
nicht einer mich danach fragte, hätte ich das Machwerk nie
erwähnt. Ein Buchstabe schon ist eigentlich dafür zu viel. Vor
der Revelution verbeten gewesen. Einmal eine schätzenswerte
Tat der Zensur. Sie verdient deswegen größtes Lob. Hätte
sie hier nur weiter wirken können.
Zur Besprechung
eingegangene Bücher
KARESEREREEEREERRRNRRSNRENN
ANERREEEERHERRRT RSnauREN
44 52 Märchen des Jahres¬
„Jung-Frühling ; ringes aus Jung=Früh¬
lings Schicksal von Otto Lehmann=Rußbüldt. Verlag Neues
Vaterland, E. Berger &amp; Co., Berlin W 62, Kurfürstenstr. 125.
Preis geheftet Mk. 6.50, geb. Mk. 8.50.
Alle 14 Tage erscheint der
Kordbeutsche
9
Heiratsmatt
mit interessanten Artikeln über Liebe, Ehe,
Verbreitungsgebiet: Hannover,
Mode usw.
Bremen, Oldenburg, Ostfriesland, Braun¬
schweig, Hamburg, Schleswig-Holstein,
Mecklenburg usw.
Preis der Einzelnummer 30 Pfg.
Vierteljährlich 1,50 Mk.
Es empfiehlt sich sofort Anzeige aufzugeben.
Bombenerfolg sicher.
Bremen,
Ahrens &amp; CO., Gr. Waagestraße 4/5.
nrumnenherenencg
Wr ntnter ahul</Unicode>
            </TextEquiv>
        </TextRegion>
    </Page>
</PcGts>
