3484 4224
866 140 1273 236 box 17/1
168 146 690 250 11. Reigen
751 919 1171 1007 Telephon 12801.
371 1014 1543 1095 Alex. Weigl’s Unternehmen für Zeitungs-Ausschnitte
1316 1080 1499 1153 Ausschnitt
623 1089 1284 1219 „OBSERVEP“
1377 1137 1618 1235 Nr. 70
251 1214 1669 1288 I. österr. behördl. conc. Bureau für Zeitungsberichte u. Personalnachrichten
510 1266 1400 1354 Wien, I., Concondiaplatz 4.
189 1310 1664 1417 #en in Berlin, Budapest, Chicago, Genf, London, Newyork, Paris. Rom,
617 1385 1293 1448 Stockbolm, Kristiania, St. Petersburg.
245 1504 732 1594 Ausschnitt aus:
932 1534 1546 1635 Rambalge Tremihia
246 1644 708 1769 vom: 2/2/7 03
415 1882 1308 1993 Reigen betttelt sich eine Serie von zehn Dialogen,
349 1946 1304 2031 welche im vorigen Jahre von Arthur Schnitzler, dem
368 1977 1309 2066 bekannten Wiener Dramatiker geschrieben und soeben im
373 2009 1305 2100 Wiener Verlage in einem geschmackvoll ausgestatteten
370 2044 1309 2135 Bande herausgegeben sind. Schnitzter hat sich seit der Nleder¬
376 2075 1308 2174 schrift dieser Dialoge ernsteren Probiemen zugewandt und
375 2109 1325 2202 namentlich mit seinen Dramen große Ersolge gehabt.
372 2146 1318 2242 Diese Dialoge, die künstlerisch genommen nur den Wer:
389 2179 1319 2274 von Studien haben, mögen einem großen Teil des Lese¬
382 2209 1328 2306 publikums als pikante Lektüre sehr willkommen sein. Es
388 2248 1323 2338 ist nicht zu leugnen, daß diese Momentbilder, die die leicht¬
395 2283 1325 2371 fertige und ehebrecherische Liebe recht anschaulich und ver¬
384 2314 1336 2408 lockend schildern, Bilder der Wirklichkeit sind, aber der
388 2348 1345 2444 sarkastische, häufig spöttische Ton der Wiedergabe grenzt
399 2386 1339 2473 nahe an Frivolität. Wir sehen nicht ein, was der Autor
393 2415 1331 2510 damit bezweckt. Der Schaden, den solche „vorurteilslose“
233 2456 314 2521 Für
408 2449 1350 2545 Schilderung bei jugendlichen Lesern hervorruft, welchen
1446 2493 1615 2556 inclusive
407 2494 1353 2577 die Uebertretung des sechsten Gebotes als etwas ganz
326 2511 377 2553 10
1464 2542 1576 2591 Porto.
410 2520 1348 2611 Selbstverständliches dargestellt wird, wiegt doch wohl
329 2550 381 2593 20
410 2551 1353 2645 schwerer, als die künstlerische Befriedigung des Antors.
1447 2574 1586 2627 Zahlbar
411 2588 1348 2682 In unserm Zeitalter der sozialen Fürsorge hätte ein
1446 2618 1625 2681 im Voraus
314 2625 384 2680 1000
420 2618 1361 2717 Schriftsteller wie Schnitzler besser getan, seine Studien
419 2654 1350 2748 ruhig im Pulte liegen zu lassen, anstatt die große Bibliothek
1353 2665 1642 2740 hnitte ist das
230 2708 391 2765 Abonnem
416 2703 1125 2785 der „pikanten Lektüre“ noch zu vermehren.
1054 2723 1230 2771 Tegienzt;
1312 2712 1638 2774 auch steht es den
226 2755 398 2823 Abonnent
597 2746 1510 2820 umgegenenen Themen zu ergänzen oder zu ändern.
348 2828 1637 2908 Der „OBSERVER“ veranstaltet täglich einen Auszug enthaltend die
234 2876 1626 2933 Inhaltsangabe aller wichtigen Mittheilungen der Wiener Morgen
231 2922 1640 2981 blätter (Tagesjournale ausser „Neue Freie Presse“ und Wiener Zeitung“)
236 2965 1633 3017 wodurch eine Uebersicht über das gesammte politische und wirthschaftliche
233 3002 1639 3066 Leben des In- und Auslandes in drastischer Kürze geboten wird. Diese Mit¬
232 3039 1231 3095 theilungen werden in Wien um 9 Uhr Früh verschickt.
570 3100 1305 3203 Pnospecte gnatis und fnanco.
1753 1635 1809 1719 F
2256 122 2683 206 Telephon 12801.
1892 213 3059 281 Alex. Weigl’s Unternehmen für Zeitungs-Ausschnitte
2823 278 3013 349 Ausschnitt
2140 289 2797 417 „OBSERYER“
2898 336 3135 430 Nr. 24
1765 413 3174 471 I. östu#r behördl. conc. Bureau für Zeitungsberichte u. Personalnachrichten
2043 470 2929 555 Wien I. Concondiaplatz 4.
1772 535 3171 620 Vertretungen in Berlin. Budapest, Chicago, Genf, London, Newyork, Paris, Rom,
2133 587 2819 653 Stockhelm. Klistiania, St. Petersburg.
1765 705 3052 800 Ausschnitt ans: Tagesbete aus Mähren u. Behiesin
2663 774 2760 839 Cn
2004 821 2076 909 7
1763 846 2011 925 vom:
2052 842 2363 962 1140
2193 1199 2599 1306 Wiener Bücher.
1902 1291 2964 1378 Vor Jahr und Tag ist bei uns viel geredet und ge¬
1827 1346 2965 1435 schrieben worden, wie sehr dem Schaffen der jungen öster¬
1828 1405 2972 1493 reichischen Dichter ein heimisches Verlagsunternehmen nottue.
1819 1445 2970 1521 Man hat sich weiß Gott was von diesem Verlage versprochen.
1820 1503 2962 1584 Man ist mit Namen, Ziffern und schönen Vergleichen ge¬
1815 1553 2968 1625 kommen: Was wäre dieser ohne S. Fischer, jener ohne
1828 1591 2959 1682 Schuster & Loeffler oder Albert Langen? Ein Geschäft ließe
1823 1640 2959 1734 ssich schließlich auch dabei machen. Man müsse die Sache
2980 1674 3145 1733 inclusive
1804 1703 2955 1776 nur richtig anpacken. Schmach und Schande sei es aber,
2987 1730 3112 1778 Porto.
1802 1759 2960 1843 daß die österreichischen Moderien in Berlin oder Leipzig
2979 1768 3122 1818 Zahlbar
1802 1789 2133 1861 verlegen nüssen.
2982 1808 3165 1858 im Voraus.
1903 1829 2956 1924 Insbesondere Hermann Bahr, der ja auf keinen seiner
2974 1856 3173 1923 e ist das
2979 1913 3171 1968 cht es den
1772 1886 2954 1978 A Titel so stolz ist wie auf den selbst verliehenen eines „Agen¬
1762 1946 1811 2001 A
2976 1953 3056 2008 ern.
1820 1944 2965 2029 ten in Literatur", vertrat mit dem ihm eigenen Feuereifer
1816 1994 2955 2074 den Plan eines österreichischen Verlagsunternehmens, be¬
2967 2016 3163 2089 altend die
1818 2042 2949 2125 stimmt, ausschließlich unsere modernen Dichter zu lancieren.
1769 2066 1810 2114 Ir
2978 2079 3161 2129 orgen¬
1765 2112 1803 2158 b
1812 2097 2961 2184 So etwas wäre einfach eine Frage der Kultur. Und Kultur
2994 2118 3142 2167 Zeitung“
2978 2157 3162 2204 schaftliche
1775 2154 2957 2246 w nach Österreich einzuführen — das stand ja auf dem Pro¬
2975 2194 3163 2252 Diese Mit¬
1765 2188 2270 2261 L gramme Bahrs obenan.
1891 2243 2957 2328 Lange wollte die Sache nicht klappen. Klappte schließ¬
1799 2282 2948 2379 lich doch: der „Wiener Verlag“ kam zu stande und erhielt
1805 2339 2957 2434 allerorten gut gemeinie Glückwünsche auf seinen Weg. Dieser
1804 2389 2952 2471 „Wiener Verlag“ hat sich nun zweifelsohne nicht geringe
1809 2443 2954 2524 Verdienste um die Belebung unserer Literaturinteressen er¬
1803 2487 2950 2571 worben; namentlich zu jener Zeit, als er, getreu dem Ge¬
1793 2545 2953 2633 danken, welcher ihm das Leben gegeben auch österreichische
1804 2586 2951 2674 Autoren verlegte. Später ereignete sich allerlei, das mit Lite¬
1803 2642 2941 2733 ratur blutwenig oder gar nichts gemein hatte. Und lange
1801 2685 2935 2775 Zeit lauteten die Berichte aus Wien recht — „flau“ ....
1801 2742 2950 2825 Senfationsnummern wurden gebracht. Mußten wohl gebracht
1794 2789 2945 2871 werden. Franzosen, Ilaliener, Danen, Spanier, Russen, Nor¬
1790 2829 2940 2924 weger, Schweden. Engländer, Polen erschienen in einem Ver¬
1789 2875 2747 2960 lage, der sich stolz „Wiener“ Verlag hieß ...
1876 2926 2936 3018 Heute hat sich die Situation geändert, wie es scheint,
1790 2980 2932 3058 gebessert. Der „Wiener Verlag“ ist in andere Hände über¬
1790 3034 2932 3119 gegangen und die neuen Leute werden nunmehr den gewiß
1787 3088 2931 3167 nicht leichten Beweis zu liefern haben, wie man bei einem
1833 3137 2927 3205 hier notwendigerweise ganz respektablen — Fonds von
1780 3173 2841 3260 Idealismus doch noch auf seine Kosten kommen könne.
1868 3229 2923 3310 Nach dem, was in dem „vernewerten“ „Wiener Verlag“
1783 3269 2921 3349 Disher erschienen ist, darf man über diesen Punkt beruhi¬
1776 3321 2917 3407 gender Zuversicht sein. Da ist zunächst ein Schnitzler.
1788 3380 2926 3456 „Reigen — zehn Dialoge. Es ist dies jenes Buch, welches
1776 3425 2917 3499 der Tichter im Winier 1896/1897 geschrieben, jedoch damals
1775 3469 2910 3558 nur für seine engeren Freunde bestimmt hat. Hätte Artur
1779 3519 2920 3595 Schnitzler das Buch vor sechs Jahren in die Hände des deut¬
1784 3571 2912 3646 schen Lesepublikums gelegt, er wäre unausbleiblich als ein
1763 3614 2911 3701 gar schamloser Pornograph ausgeschrien worden. Heute, nach
1772 3684 2909 3749 „Frau Berta Garlan“ und dem „Schleier der Beatrice",
1770 3719 2921 3807 wird man das Buch hoffentlich schon mit anderen Augen
1762 3771 2909 3851 ansehen. (übrigens seien solche, die auf Autoritäten schwören,
1772 3816 2909 3886 erinnert, daß von allen Urteilen über den Schnitzlerschen
1770 3864 2910 3948 „Reigen“ dasjenige des urdeutschen und urgesunden Michael
1762 3914 2490 3986 Georg Conrad das begeisiertste war.)
1856 3959 2897 4042 Von Artur Schnitzler zu Raoul Auernheimer
1760 3993 2896 4090 ist ein übergang nicht schwer gefunden. Wienerische Grazie,
1760 4059 2900 4137 ein elegant tänzelnd geistreicher Dialog, geschmackvolles
1851 4106 1890 4164 5
