3532 4192
1074 166 1479 251 box 18/3
363 163 882 256 11. Reigen
433 422 1565 527 J. Fr. Münchenenheater. Artur Schnitzlers „Reigen“,
378 466 1013 555 jene im Buch so hübsche
1013 496 1574 564 Dialoge vom Reigen des Ervs.
382 516 1569 610 die in Berlin bei gewissen Kren##ung erregt haben, kam, wie
385 561 1571 655 unser Korrespondent aus Münchee###tgietzt auch am dortigen
1653 596 1736 658 27
383 596 1567 698 Schauspielhaus zur Erstaufführung undene ohne Skandal.
372 641 1565 728 Für das gegenwärtige München eine fast erstattsache. Es
1662 675 1712 736 —
380 689 1568 793 wurde nach der zweiten Hälfte sogar lebhaft geklatscht. De##ung
367 721 1557 820 in der Inszenierung von Hermine Körner vergröberte diese g#
373 761 1563 868 für die Bühne gestalteten Dialoge, und manches wurde mißverständlich
370 808 876 874 ins bewußt Groteske verzerrt
479 857 921 917 mahmd.
587 1019 1829 1126 Tyeter=Rundschau.] Aus München wird uns ge¬ 25JAf 97
448 1096 1583 1165 meldet: Wer nach den Berliner Vorgängen bei Schnitlers
455 1154 1596 1198 „Reigen“ einen Theaterskandal erwartet hatte, sah sich getauscht,
462 1177 1597 1230 denn die Aufführung im Münchener Schauspielhaus
458 1211 1602 1265 verlief harmlos=gemütlich. Bis etwa zur Hälfte der Bilder blieb
460 1254 1596 1305 das Publikum abwartend ungewiß, ob man sich amüsiert zeigen
463 1291 1598 1347 dürfe oder ob es sich doch gehöre, ein bißchen moralisch schokiert zu
468 1327 1588 1394 sein. Dann gab es nach einigen Bildern deren heiter travestie¬
465 1379 1596 1423 render Grundton nicht übel herauskam, lebhaften, ja stürmischen
467 1419 1599 1460 Beifall. Angenehm fiel im Rahmen der kaltblütigen Stilisierung
459 1457 1593 1505 die Fülle von Ideen auf, die es ermöglichte, die ungezählten
469 1489 1597 1549 Betten, Divane, Chaiselongues usw. immer wieder anders reizvoll
470 1538 1551 1591 zu placieren. Die Aufführung wird volle Häuser machen.
478 1572 1600 1626 soll aber auch hohe Zeit sein, denn man munkelt immer wieder,
470 1609 1596 1673 daß Frau Körner nur durch einen „Reigen“ davor bewahrt blei¬
475 1647 997 1696 ben könne, abtanzen zu müssen.
530 1667 1612 1735 Man meldet uns aus Dresden: An der Staatsober
464 1727 1606 1774 erlehte die dreiaktige Oper „Ikdar“, Dichtung von Guido Glück,
468 1766 1597 1815 Musik von Mraczek, ihre Uraufführung. Ildar ist die
475 1805 1614 1855 Göttin der Liebe und Schönheit in einem phantastischen Reich, in
484 1843 1605 1892 dem sich die Tragödie eines jungen Bildhauers, der die schönste
469 1879 1612 1939 Frau eines Gewaltherrschers liebt, abspielt. Die Musik bewegt sich
483 1913 1606 1965 in durchaus modernem Rahmen; sie ist tonmalerisch und stimmung¬
488 1963 1605 2006 childernd nur zu gleichförmig. Der Komponist erweist sich wenig
484 2006 1603 2044 erfinderisch; manchen Gesuchtheiten stehen jedoch mu kalische
487 2036 1608 2088 Schönheiten gegenüber. Die Aufführung zeigte die T reidner
483 2078 1605 2140 Staatsoper auf künstlerischer Höhe. Der Komponist wurde wirder¬
1468 2109 1582 2160 R. N.
481 2119 685 2177 holt gerufen.
529 2149 1614 2202 Die Bearbeitung von Offenbachs Buffo=Oper „Die Ban¬
476 2193 1613 2240 diten“ durch Dr. Paul Grüder und Kurt Soldan wurde bei
474 2232 1603 2280 der ersten Wiedergabe im Elberfelder Stadttheater mit
482 2264 1612 2320 Recht als Uraufführung bezeichnet. Musik und Text haben
478 2309 1603 2363 bei wirksamster Wahrung des parodistisch=grotesken Charakters eine
481 2352 1605 2401 weitgehende Neufassung erhalten, die voraussichtlich mit dem gleichen
476 2389 1608 2444 großen Erfolge wie hier über viele Bühnen gehen wird. Die als
477 2426 1608 2503 Spielleiter der Oper und Kavellmeister bewährten Verantwortlichen
976 2863 1105 2919 Kan.
780 2875 1787 2956 Arthur Schnitzlers „Reigen“, jene im Buch so
664 2920 1790 2992 chübsch zugespißten D deLiehe, die in Ber¬
675 2984 1780 3029 lin bei gewissen Kreisen starke Empörung erregt haben,
683 3021 1780 3074 kam auch im Münchener Schauspielhaus wie uns
690 3067 1777 3113 unser dortiger Dr. J. F.=Korrespondent drahtlich meldet,
681 3097 1778 3147 zur Erstaufführung und konnte ohne Skandal zu Ende ge¬
690 3132 1779 3186 führt werden. Das ist für das gegenwärtige München
1335 3169 1693 3228 Allerdings wurde
692 3172 1337 3232 sogar besonders erstaunlich.
685 3211 1786 3258 der Inszenierung der Frau Hermine Körner das Ganze sehr
692 3259 1783 3321 vergrößert und manches Feine ganz fälschlich ins bewußt
692 3293 1020 3362 Groteske verzerrt.
776 3304 1781 3387 Intendant Gustav Hartung verpflichtete die Damen
679 3371 1778 3424 Rosa M ännig und Dora Steidl aus der Schauspiel¬
688 3411 1805 3458 schule des Deutschen Theaters für das Landestbeater
681 3450 1031 3519 in Harmstadt.
1106 3535 1330 3639 JSJAN 1921
1075 3752 1366 3885 Manheit“
2134 1140 2814 1232 „Reigen“ in München.
2098 1195 2912 1275 Im Münchner Schausptelhaus hat soeben
2033 1274 2905 1340 die Premiere des „Reigen“ stattgefunden. Die
2035 1314 2905 1385 „Münchner Neuesten Nachrichten“ äußern sich
2035 1375 2199 1440 darüber:
2113 1401 2917 1485 Es ziemt sich nicht, diesen Reigen auf der
2032 1468 2912 1528 Bühne zu exekutieren. Nicht nur weil die Form,
2040 1510 2911 1580 sondern auch weil der Stoff der zehn Dialo##
2041 1557 2911 1628 ihr widerstrebt. Sie sind erot'sche Noveletten mit
2034 1616 2853 1683 immer dem gleichen Oöhepunkt, der in einer
2034 1658 2749 1739 der Bähne nicht sinnfällig in machend
2364 1795 2918 1904 Wite Kerung Wi
2499 1909 2836 2008 26. 1. 192
2135 2036 3026 2102 lung besteht. Diese Handlung erzwingt — neun¬
2145 2091 3027 2158 mal an einem Abend! — Verdunkelung, das
2135 2135 3011 2216 heißt: Wegwischung, Zerstörung und somit
2131 2191 2719 2256 Kompromittierung der Bühne.
2215 2238 2667 2303 Wer „die zehn
2835 2233 3029 2309 enilletone
2139 2286 3034 2365 Schnitzlers liest, ist wohl auch heute nuch an¬
2143 2343 3024 2403 geregt von der guten Beobachtung, die einige
2146 2385 3019 2450 Menschen und ihr Milieu in immer der gleichen
2146 2435 3014 2494 diskreten Situation witzig entschleiert. Schnitzler
2146 2482 3010 2544 hat sich aber in diesen zehn Puppenspielen darauf
2137 2534 3007 2595 beschränkt, das dialogische Vor= und Nachspiel
2141 2584 3013 2649 einer für den britten reiz= und sinnlosen Funk¬
2134 2629 3009 2695 tion niederzuschreiben. Dies ist, zu lesen, amü¬
2144 2681 3010 2746 sant, weil witzige Menschenkenntnis im Spiel
2132 2731 3014 2795 ist. Zu sehen aber, was nicht verkörpert werden
2126 2784 2999 2837 kann, immer wieder ins Dunkef zu starren,
2131 2826 3015 2887 immer wieder nach voraufgegangenen Zwinkern
2130 2874 3012 2950 der Augen sie schamvoll zu schljeßen, ist lang¬
2123 2920 2262 2979 weilig.
2199 2954 2996 3033 Und so geschah es im Schauspielhaus, daß
2129 3015 3008 3091 das Premierenpublikum zwak dankbar jedes
2134 3062 3007 3132 Witzchen, und jede spielerische Munterkeit be¬
2123 3117 2998 3184 grüßte, aber ziemlich eingeschüchtert dasaß. Es
2124 3164 3005 3225 wurde „nett“ gespielt., Mitgaußerer Politur, die
2127 3219 3004 3274 manchmal gut anzusehen war, aber meist den
2124 3253 3011 3344 Mangel an menschlicher Zeichnung der Gestalter,
2126 3301 2644 3377 nicht zu verdecken vermochte.
