3392 4352
147 3325 416 3475 Wiener
169 3523 434 3616 n hätte heute
216 3599 439 3660 uständigen
178 3644 426 3711 f der Bühne
195 3690 442 3759 der Wiener
135 3736 433 3805 Viener Bürger¬
127 3778 434 3862 ich. Er hat mit
116 3834 436 3902 Bühne verholfen
119 3885 441 3962 Folgen, die fast
123 3935 429 3994 evölkerung, die
127 3976 442 4043 jährend der Be¬
135 4023 439 4092 lichkeitsantrages
145 4074 443 4136 hat, gezeitigt.
976 116 1394 206 box 17/6
288 114 789 224 11. Reigen
2496 1032 2669 1104 Seite 3
1507 1034 1882 1121 12. Februar 1921
760 1047 1140 1123 Reichspost
1620 1134 2753 1193 wenn sie mit lautem Geschrei unter der Maske des
437 1148 1570 1208 christlichsozialen Gemeinderätinnen, die ihr zurufen: „Pfui
1621 1194 2752 1243 Freiheits= und Kulturkampfes für diese Auf¬
441 1196 1582 1265 Teufel, das will eine Lehrerin sein, schämen Sie sich, den
1623 1234 2739 1280 führungen austreten. Denn es ist niemals erwiesen worden,
445 1253 1287 1304 Schmutz für das Dirnentum zu verteidigen“
1620 1263 2749 1316 daß die Lehren der Demokratie unvereinbar seien mit denen
534 1277 1578 1346 GR. Kunschak weist darauf hin, daß es bezeichnend
1617 1299 2751 1351 des guten Geschmackes, und daß der Begriff der Freiheit gleich¬
458 1333 1574 1389 ei, daß die Aufführung eines Schaustückes, das Sau¬
1617 1344 2754 1400 bedeutend sei mit der Hemmungslosigkeit des Lüsternheits¬
1618 1383 2752 1432 dranges der Menge, mag er auch durch ein Werk erregt
461 1374 1583 1429 tück genannt werden könne, zu Weiterungen zwischen den
1624 1422 2751 1468 werden, dem der Kunsteinnige künstlerischen Wert nicht ab¬
448 1423 1572 1474 Parteien Anlaß geben kann. Nicht nur die Bevölkerung
1618 1458 2745 1505 sprechen wird. Aber das Muckertum nach links
454 1464 1580 1516 Wiens, sondern auch die Bevölkerung anderer Städte und
1623 1505 2747 1545 st allemal das Schlimmste gewesen. Man
449 1505 1575 1559 auch die Bevölkerung des Deutschen Reiches habe die
1628 1543 2747 1588 ann dem Dichter Artur Schnitzler den Vorwurf nicht ersparen,
452 1554 1576 1602 Aufführung des „Reigen“ abgelehnt. Wenn schon der
1621 1579 2740 1622 daß er es diesmal war, der es entfesselt hat. Er hat in den
446 1597 1574 1652 Friedensvertrag den Anschluß Oesterreichs an das Deutsche
1618 1618 2752 1665 neunziger Jahren den richtigen Geschmack gehabt, diese Szenen¬
444 1633 1579 1693 Reich untersage, so sei doch nicht verboten, daß sich Oester¬
1616 1646 2741 1695 reihe nicht der Oeffentlichkeit, sondern nur einem Freundes¬
1624 1687 2747 1737 reise zur Leltüre zu übergeben. Es ist unbekeant, was ihn da¬
448 1682 1573 1740 reich in sittlicher und kultureller Beziehung an das Deutsche
1624 1726 2507 1784 zu veranlaßt hat, diese Aufführungen zu gestätten.
442 1730 753 1806 Reich anschließe.
748 1750 1294 1832 Landeshauptmann Reumann
1720 1763 2752 1830 Das Blatt legt Schnitzler schließlich nahe, daß er
1620 1816 2753 1878 aus eigenem Antrieb den „Reigen“ vom Theater wieder
457 1802 1578 1874 bringt in seiner Erwiderung den wenig geschmackvollen
450 1867 1583 1914 Hinweis auf Vorfälle, die sich vor zwei Jahrzehnten beim
1621 1876 2744 1944 zurückzöge. Wir fürchten, es wird mit dieser Anregung
461 1909 1583 1961 Wimberger abgespielt haben sollen und führt dann zu seiner
1625 1922 1974 1988 kein Glück haben.
449 1955 1578 2003 Rechtfertigung an, daß der Zensurbeirat gegen die Auf¬
1708 1954 2745 2027 Das Abendblatt des sozialdemokratischen Haupt¬
456 1998 1573 2063 führung nichts eingewendet habe. Er versteigt sich schließlich
1625 2016 2751 2080 organs bezeichnet die amtliche Verlautbarung, daß die
453 2044 837 2107 zu der Behauptung:
1624 2065 2750 2126 Aufführung des „Reigen“ durch die oberste Behörde der
630 2076 1574 2162 „Kein Skandal der Welt wird mich dazu bringen,
1623 2117 2759 2182 Republik untersagt worden sei, als „freche Regierungs¬
540 2130 1493 2195 daß ich die Aufführungen des „Reigen“ verbiete“.
1626 2167 2755 2224 kundgebung“. — Das sind die Methoden, nach denen
537 2191 1583 2239 Nach einer selbstverständlich seinen Zwecken genehmen
1629 2213 2759 2289 die geeichten Hüter der Verfassung die Republik
449 2233 1586 2288 Auslegung der verfassungsrechtlichen Stellung des Verbotes
1624 2269 1891 2346 schützen ...
462 2286 1579 2335 erklärt zum Schlusse der Landeshauptmann: „Ich werde von
451 2324 1582 2371 dem mir zustehenden Rechte um kein Jota abweichen“. Gegen
1627 2329 2755 2418 Die Regierung und der Landeshauptmann
460 2371 1579 2419 Schluß der Rede des Landeshauptmannes, die zum großen
457 2411 1588 2459 Teile von Gegenrufen der christlichsozialen Gemeinderäte
2049 2400 2328 2476 von Wien.
454 2454 1583 2504 begleitet war, steigern sich die Gegenrufe immer mehr. Die
1775 2444 2604 2534 Eine Anklage beim Verfassungsgerichtshof.
461 2496 1591 2554 Sozialdemokraten rufen: Nieder mit der Regierung! Abzug
1713 2511 2762 2586 Ueber die durch die Haltung des Landeshauptmannes
453 2539 586 2617 Glanz!
1626 2564 2558 2618 Reumann geschaffene Rechtslage erfahren wir:
543 2583 1583 2639 GR. Kunschak erklärte in seinen erwidernden Aus¬
1634 2595 2760 2666 Die Artikel 10 bis 13 und 15 des Bundesverfassungs¬
466 2628 1593 2689 führungen: Der Herr Landeshauptmann hat als stärkstes
1619 2660 2753 2723 gesetzes, welche für später die Kompetenzen regeln, stehen
467 2672 1592 2731 Argument zum Schutze der Ehre der Gemeinde Wien es
1624 2704 2760 2762 noch nicht in Kraft, so daß nach § 42 des Uebergangs¬
465 2716 1585 2767 nicht gegen seinen Geschmack gefunden, zu verweisen auf
1628 2749 2763 2814 gesetzes die bisherige Kompetenzauf¬
466 2766 1583 2817 einen Fall, der sich vor einem Vierteljahrhundert in Wien
1621 2797 2754 2872 teilung inzwischen aufrecht bleibt
462 2810 1583 2863 ereignet hat und in dem er einen Mann genannt hat, über
461 2853 1589 2900 dessen Leib schon seit fünfzehn Jahren der Rasen liegt. Der
1632 2851 2754 2916 und die Angelegenheiten der Theaterpolizei und
447 2888 1593 2943 Herr Landeshauptmann hat es mit seinem Geschmacke ver¬
1623 2890 2764 2965 damit auch der Theatergensur Bundessache sind;
455 2937 1592 2987 einbar gesunden, dies Argument zu gebrauchen, obwohl er
2268 2937 2760 3004 den Landeshaupt¬
1630 2952 2264 3011 sie werden derzeit von
460 2979 1596 3033 wissen mußte, daß der Mann, der das erste Mal dieses
1623 2982 2764 3061 männern als mittelbare Bundesverwaltung durch¬
457 3028 1588 3077 Argument gegen den verstorbenen Abgeordneten Gre¬
1636 3036 2759 3111 geführt. Nach dem Bundesverfassungs¬
458 3065 1589 3122 gorig gebrauchte, vor dem Gerichte in Wien als Ver¬
1631 3078 2765 3150 gesetze (Art. 104) ist auf diesem Gebiete der Landes¬
468 3104 1597 3158 eumder #t mehrmonatlicher Kerkerstrafe
1641 3138 2756 3197 hauptinann an die Weisungen der Bundesregierung
471 3150 1585 3204 bestraft wurde. (Lebhafte Pfui=Rufe und Rufe: So ein
1637 3179 2759 3241 sowie der Bundesministerien gehunden. Befolgt er eine
467 3197 1593 3243 Landeshauntmaen, Leichenschändung!) Ich habe dieser Fest¬
2575 3228 2767 3291 von der
2422 3226 2577 3289 er
2192 3232 2424 3294 so kann
1640 3241 2157 3303 olche Anordnung nicht,
464 3241 1585 3293 stellung nichts hinzuzufügen und überlasse es dem He.rn
471 3282 1585 3330 Landeshauntmann, sich selbst darüber ein Urteil zu bilden,
1627 3274 2762 3343 Bundesregierung beim Verfassungsgerichtshofe belangt
474 3329 1594 3375 wie ein Mann sich erniedrigt, der in solcher
2329 3321 2767 3399 in diesem Falle
2206 3327 2329 3400 hat
1635 3323 2195 3395 werden. Die Regierung
479 3365 1593 3416 Stellung von so niedrigen Mitteln Ge¬
2646 3375 2763 3433 sie
1629 3377 2639 3444 keinen anderen rechtmäßigen Weg, aber
467 3404 1594 3477 brauch macht. (Lebhafter Beifall und Händeklatschen
1634 3408 2773 3476 wird sricht zögern können, ihn gegen
469 3451 967 3503 bei den Christlichsozialen.)
1633 3462 2766 3526 Landeshauptmann Reumannzu beschreiten.
543 3502 1587 3548 Der Antrag des Abg. Kunschak wird sodann von der
1642 3515 2763 3579 Die moralische Verantwortung für die trotz des Verbotes
474 3529 1586 3593 Mehrheit abgelehnt, der Antrag Speiser mit ge¬
1634 3570 2760 3629 der Regierung erfolgte Fortsetzung der in der Bevölkerung
471 3589 1594 3635 nügender Mehrheit der geschäftsordnungsmäßigen Behand¬
1641 3603 2767 3668 mit so großem Unwillen ausgenommenen Theaterauf¬
466 3624 1588 3700 lung zugewiesen. Der Schmutz des Dirnentums hat auch im
1631 3654 2770 3721 führung wird ausschließlich Landeshauptmann Reumann
468 3675 1272 3746 Wiener Landtag seine Beschützer gefunden!
1635 3702 2771 3770 belasten. Sein Vorgehen ist Verfassungsbruch.
715 3706 1332 3801 Die Stimmen der Presse.
573 3773 1603 3843 Die Wiener Kritik hat ziemlich einmütig gegen das
478 3828 1606 3890 Schnitzlersche Stück Stellung genommen. Selbst ganz
467 3883 1600 3941 linksstehende Publizisten fanden, das sei denn doch zu
480 3921 1609 3979 starker Tabak. Jetzt, da aus den akademischen Protesten
478 3976 1611 4042 Ernst gemacht werden soll, regt sich aber wieder die
472 4022 1608 4080 Solidarität der literarischen Clique: Anstößig ist dieser
480 4072 1598 4125 geile „Reigen“ um das Geweine, aber unternommen werden
