3444 4448
1009 113 1437 234 box 17/3
311 120 850 238 11. Reigen
515 670 1848 769 Sie, Marcel, ich steige nicht über sechsunddreißig Leitern, ehe
1876 667 3203 776 nichts gemein hatte und Marcei begann zu fürchten, er werde
529 756 1845 819 ich sage, was ich denke. Sie gefallen mir, und ich gefalle Ihnen.
1879 760 3189 831 sich im Ernst in seine Geliedte verlieben. Da er nicht wußte,
524 810 1850 888 Es ist keine Liebe, aber vielleicht ist es der Keim dazu. Nun
1876 822 3189 886 daß auch sie ihn zu lieben besorgte, sah er jeden Mlorgen nach,
532 874 1842 949 also, ich gehe nicht; ich bleibe, und ich werde bleiben, so lange
1876 871 3195 947 in welchem Zustand die Blumen waren, deren Tod den Bruch
530 925 1830 1005 die Blumen, die Sie mir gegeben haben, nicht welken.“ „Ach!“
1878 931 3198 1005 ihres Bundes herbeiführen sollte; und es wurde ihm schwer,
521 991 1840 1070 rief Marcel aus, „die sind in zwei Tagen welk! Hätte ich
1883 989 3176 1055 sich ihre jeden Morgen neue Frische zu erklären. Aber schließ¬
528 1045 1620 1119 das gewußt, so hätte ich Immertellen genommen!“
1874 1048 3190 1120 lich fand er den Schlüssel zu dem Geheimnis: als er eines
1876 1105 3186 1178 Nachis erwachte, sah er Musette nicht neben sich. Er stand
623 1106 1841 1176 Seit vierzehn Tagen wohnten Musette und Marcel zu¬
1875 1159 3194 1251 auf, lief in das Zimmer und sah die Geliebte, die allnächtlich
531 1164 1841 1248 sammen und führten, obgleich sie off ohne Geld waren, das
1876 1222 3179 1308 seinen Schlummer dazu benußte, die Blumen zu begießen,
532 1233 1852 1305 reizendste Leben von der Welt. Musette empfand für den
1875 1275 2372 1374 damit sie nicht starben.
537 1290 1849 1360 Känstler eine Zärtlichkeit, die mit ihren früheren Leidenschaften
527 1399 3192 1529 Sese
1295 1589 2431 1840 Dodebrief.
1104 1893 2617 2025 Ileue Linien in neuer Richtung.
620 2020 3200 2103 Die große Umwandlung der Modelinie gärt weiter, und angeschnittenen Kimonoärmeln heran. Da sein Rock sehr eng
527 2101 1846 2186 wenn sich auch die Richtung zu klären beginnt, so könnte man
1865 2102 3195 2158 ist, erscheint die junge Dame richtiggehend ellipsenförmig, aber
524 2152 1834 2228 im Augenblick jedoch von einer doppelzüngigen Mode reden,
1876 2161 3192 2226 keineswegs schlank. Sie entledigt sich der langen Jacke und
524 2216 1834 2287 denn alle großen Häuser arbeiten mit gleicher Liehe enge und
1873 2219 3196 2292 trägt ein Kleidchen in absolut gerader enger Form. Um der
524 2275 1837 2344 weite Kleider. Feststehend scheint bishei nur die Taillenlinie
1876 2279 3192 2348 neuen Mode ein wenig Rechnung zu tragen, hat man getöntes
513 2339 1836 2412 zu sein, die sich als ganz wenig unterhalb der natürlichen Linie
1865 2342 3184 2418 Band aufgesetzt und in der Hüfthöhe in kleinen Tüten abstehend
527 2400 1837 2465 überall deutlich erkennbar macht. Auch die Art der Behandlung
1871 2402 3181 2469 garniert. (Siehe Abbildung). Handelt es sich um Toiletten
528 2450 1837 2513 von Rock und Taille scheint geklärt, denn auf jeden Fall ist
1876 2458 3189 2537 aus Taft, weichem Brokat oder gar aus Tüs, se beliebt man
518 2503 1841 2575 der Rock der garnierte Teil des Kleides, während die Taille
1874 2512 3193 2574 selbstverständlich Raffungen, daneben bleiben die schon seit
523 2558 1846 2641 schlicht und schmucklos bleidt. Der Rock verdient die ganz
1872 2573 3191 2656 Jahren beliebten Paillettekleider oder solche mit Perlfransen
527 2630 1839 2689 ungeteilte Aufmerksamkeit des Modeschöpfers, denn die Gar¬
1873 2628 3183 2707 in der ganzen Länge des Rockes höchste Eleganz. Die
516 2685 1832 2751 nierungsmöglichkeiten sind unerschöpflich. Wir sehen täglich
1868 2685 3187 2751 einseitige Raffung oder die einseitige Verbreiterung des Rockes,
522 2743 1829 2813 Neuheiten, die bald den geraden Rock, meist aber die ver¬
1871 2747 3187 2811 der sich wohlverstanden nach unten immer wieder verjüngt, ist
514 2804 1837 2876 breiterte Hüfte zeigen. Interessant ist die Behandlung des
1876 2803 3185 2869 sehr beliebt. An Jacken und Mänteln sieht man abstehende
525 2864 1835 2933 Rückens. Abgesehen von einigen Modellen für Gesellschafts¬
1868 2867 3187 2942 Taschen, eingesetzte Pelzteile und abstehende Abnäher. Letztere
522 2914 1832 2993 kleider, die den ausgesprochen gerafften Rücken zeigen, geht
1872 2921 3188 2997 sahen wir an einem Jackenkleid rund um die Hüftlinie in
516 2979 1835 3051 man in der Betonung der schlanken Rückenlinie bis zum
1871 2979 3190 3048 regelmäßigen Abständen verteilt. Die Volantmode ist noch nicht
527 3035 1830 3095 Außersten. Mögen die Hüften breit ausladen oder die Paniers
1866 3037 3182 3110 überwunden, sondern sie wird gerade durch die Vorliebe für
522 3094 1838 3176 sogar noch vorn herumgehen — der Rücken bleibt in Rock
1869 3097 2620 3165 Spitzen noch mehr gepflegt werden.
522 3155 1835 3227 und Taille einheitlich schlicht. Ein neues Genre ist der soge¬
1954 3125 3181 3228 Wenn nun also auch zwischen gerader Linie und Krinoline
524 3210 1827 3285 nannte Schneiderrücken, der für gutgewachsene Gestalten geradezu
1865 3207 3188 3290 in ihren Andeutungen und Ausführungen im wahren Sinne
520 3272 1836 3332 von vollendeter Eleganz und Grazie sein kann. Eine einzige
1872 3263 3185 3355 des Wortes zunächst noch ein Kampf besteht, so kann man
520 3327 1836 3396 Stoffbahn fließt eng und gerade herunter, häufig ist auch noch
1868 3330 3174 3396 doch dazu neigen, daß die Krinoline in diesem Kampf siegen
516 3384 1835 3450 der hohe Stehkragen angeschnitten. In der Taillenlinie ist die
1867 3392 3173 3456 wird. Aber an einem längeren Sieg, an eine durchgreifende
515 3442 1834 3518 Bahn leicht an den Seiten festgehalten und bildet so die
1868 3449 3181 3519 Gestaltung dieser platz= und materialraubenden Modelaune in
522 3501 1831 3580 natärlichste und einfachste Betonung des Körpers. Es kommt
1861 3509 3180 3565 unserer heutigen Zeit, in welcher der größte Teil der gebildeten
515 3560 1822 3632 aber auch häufig vor, daß an solchem Kleide das Vorderteil
1859 3564 3185 3636 Frau die Eleganz nicht als Lebensinhalt betrachten kann und
1861 3626 3174 3699 in der man auch, ob man will oder nicht, mit dem be¬
518 3620 1827 3702 gleichfalls flach ist und nur die Seiten durch eingesetzte Teile
521 3679 1821 3751 mehr oder weniger breit ausladen. Es geschieht auch nicht
1866 3681 3176 3753 ängstigenden Raummangel unserer leider Gottes „modernsten
504 3737 1830 3819 selten, daß schürzenartige breite Spitzenteile, Paniers, Raffungen
1857 3738 3180 3816 Verkehrsverhältnisse“ rechnen muß, scheint doch sehr zweifelhaft.
520 3800 1823 3887 usw. die ganze Vorderseite einschließlich der Hüftpartien breit
1870 3798 3173 3867 Als angedeutete Veränderung einer Linie im vernünftigen
515 3846 904 3936 und voll machen.
1872 3857 3178 3943 Rahmen wird sie vielleicht Fuß fassen, schon der Abwechslung
607 3885 1829 3982 Eine kleidsame Art der Rückengarnierung ist auch
1865 3918 3066 3980 halber; mehr aber wird das moderne Leben nicht gestatten.
518 3970 1844 4030 der kleine Dolmann oder das lose bis zur Taille überhängende
1961 3963 3169 4038 So breit darf sich heutigen Tages auch die schönste und
507 4029 1833 4103 Blusenteil. Hat man in einer Kollektion soeben ein bauschig
1866 4033 3172 4128 tüchtigste Frau nicht mehr machen, mag sie sonst ihren Platz
508 4095 1828 4168 drapie#tee Kleid gesehen welches im wahrsten Sinnc des TLurtes
2279 4087 2336 4158 11#
1879 4091 2149 4170 ungi 1
