3392 4448
728 8 1032 64 S
316 25 628 64 Sher
728 51 1050 99 Halbjährlich K 48“
308 51 636 101 halbjährlich K 47
2449 61 3186 108 und kostet die sechsmal gespaltene Petitzeile
310 92 1040 152 Vierteljährl. K 23 50, Bierteljährl. K 24
2452 105 3162 143 erstemal K 3·60, jedes folgendemal K3·50.
1135 94 1797 187 Dr. Fellurt 4
1894 81 2414 181 Schrabtatt.
495 150 927 235 Einzlne Nummern 2 K.
1256 157 2309 219 Eysam für Sie nationalen und wirtschaltlichen Interesser
2516 182 3213 243 Manuskripte werden nicht zurückgestellt.
1569 220 1983 286 des deutechen Weides.
318 331 1131 407 Nr. 7.Postsparkassen=Konto 7.657
2454 341 2804 409 Telephon=Nr. 59
1229 335 2261 414 Donnerstag den 17. Februar 1921
2859 339 3223 422 51. Jahrg.
292 453 1231 525 Die hentige Rummer ist 10 Seiten stark.
1287 447 2251 528 nisse der roten Herren Wiens eingegriffen hatten,
2304 458 3240 527 schlußfreunde, gelbe unsere deutschen Volksver¬
1297 520 2241 577 um uns vor weiterer Verarmung und Verteuerung
2303 519 3055 578 räter und Habsburgerknechte anzeigen.
1291 564 2251 627 aller Bedürfnisse zu schützen, um die Beseitigung
2388 561 3034 619 Nein, nichts von alldem!
289 568 1230 667 Dentschösterreichs „Reigen“.
1282 612 2234 670 des schwindelhaften Valuta= und Börsenhandels,
2383 605 3247 685 Es hatte sich um Artur Schnitzlers
1290 659 2231 716 die unbedingt notwendige Hebung unserer Kronen¬
2296 657 2813 732 „Reigen“ gehandelt!
380 646 1236 726 Am 11. Februar gab es inunserem Na¬
1290 708 2238 773 valuta oder um die Erfüllung des Ententegebotes
2376 692 3244 773 Die Zensur hatte diese echt semitische Mache
283 715 1234 794 tionalrate einen großen Skandal. (Di Sozial¬
1297 757 2233 821 herbeizuführen, Wien vor der Uebervölkerung zu
2296 759 3234 816 vor 25 Jahren schon verboten. Sie war übrigens
283 769 1235 837 demokraten taten sehr erbost wegen eines
1294 810 2237 863 chützen, wodurch auch unser Difizit verringert
2290 815 3246 877 von Schnitzler gar nicht für das Buch noch für
279 813 1241 876 durch unseren Bundesminister für Iceres Doktor
1292 860 2238 912 würde, da ja die Regierung im laufenden Budget¬
2289 857 3241 930 die Bühne geschrieben worden. Bis zum Um¬
285 868 1233 936 Glanz angeblich herbeigeführten Averfassungs¬
1285 904 2238 965 jahre auf jeden in Deutschösterreich Angemeldeten
2301 911 3232 959 turze wurde ein heftiger Kampf echt markt¬
274 909 1232 977 widrigen Eingriffes der Bundesregterung in die
1289 957 2230 1015 und mit Lebensmittelkarten Anrayonierten schon
2294 959 3240 1023 schreierisch für und gegen die Freigabe des
280 965 1235 1032 Befugnisse des Landeshauptmannes von Wien,
1283 1004 2236 1056 über 4000 Kronen wegen des schlechten Standes
2293 1006 3246 1064 „Reigen“ geführt. Zuerst erschien das Stück
280 1020 1225 1073 rekte Bürgermeisters Jakob Reumann. Der sozial¬
1286 1054 2230 1113 unserer Krone am Weltmarlte daraufzahlen muß?
2284 1056 3245 1120 in handschriftlichen Abzügen an literarische
273 1064 1222 1120 demokratische Abgeordnete Dr. Leuthner be¬
1286 1101 2230 1153 Nein, die Ostjuden bleiben trotz der christlich¬
2289 1105 3239 1161 Freunde von erotischen Kuriosas. Es wurde be¬
282 1115 1231 1178 schuldigte die Regierung des Verfassungsbruches.
1285 1153 2237 1211 sozialen Versprechungen vor den Wahlen im
2289 1163 3236 1233 schlagnahmt. Hermann Bahr machte sich zum
273 1164 1225 1229 der Parteilichkeit, nannte den Minister Dr. Glanz
1290 1203 2171 1260 Oktober 1920 im internationalen Wien,
2289 1204 2744 1271 Anwalte des „Reigen“
2185 1206 2231 1265 es
276 1216 1229 1271 einen Bedienten der christlichsozialen Partei mit
1282 1251 2232 1310 können weiter Fremde zu uns einströmen aus
2381 1260 3249 1317 Das Stück besteht aus zehn Dialogen rund
277 1266 1222 1327 geradezu ekelhaften und lakaienmäßigen Formen,
1276 1303 2224 1360 aller Herren Welt und uns den Flecktyphus
2287 1313 3240 1372 um die gesellschaftliche Paarung entar#e### Trieb¬
281 1313 1221 1373 der trotz seiner inneren Unfähigkeit und seiner
1285 1347 2241 1414 frisch aus der Krim nuch Baden und Wien
2277 1364 3222 1420 menschen und beginnt mit einer Dirne und
277 1360 1234 1439 geringen Leistungen von den Ehristlichsozialen
1282 1400 2230 1469 bringen. Nein, das regt unsere roten und schwarzen
2281 1409 3239 1465 einem Soldaten und endet mit derselben Dirne
275 1415 1067 1468 auf den Ministerposten entsendet wurde.
1282 1442 1885 1516 Herren Nationalräte nicht auf.
2277 1457 3255 1513 und einem Grafen. Die Gedaukenstriche des
363 1452 1234 1508 Nach der Verteidigungsrede des Bundes¬
1365 1504 2231 1561 Oder war es die sehr heikle Schulfrage,
2280 1507 3240 1563 Buches werden durch Verdunklungen der Bühne
268 1508 1233 1573 ministers Dr. Glanz stürmten mehrere
1274 1550 2232 1599 die vielleicht in Wien antichristlichsozial be¬
2284 1562 3237 1624 ersetzt. Die ganze Sache ist kurz gesagt eine
277 1556 1230 1618 sozialdemokratische Abgeordnete schreiend gegen
1290 1607 2235 1666 handelt worden war und nun repariert werden
2289 1602 3226 1661 Schweinerei und wurde jetzt in den Kammer¬
274 1609 1234 1673 dessen Platz, schlugen drohend heftig auf den
1288 1648 1409 1716 ollte?
2281 1654 3249 1727 spielen in Wien aufgeführt, nachdem sich sogar
272 1653 1225 1719 Ministertisch; einige Besonnenere stellten sich
1366 1693 2222 1766 Oder handelte es sich um die wahnsinnige
2279 1705 3237 1753 unser Bundesminister für soziale Für¬
276 1704 1230 1765 schützend vor denselben. Inzwischen balgten sich
1279 1750 2222 1803 Verteuerung der Monopolartikel der
2281 1754 3238 1811 sorge Resch soweit herabgelassen hatte, die
262 1756 1223 1821 die Roten mit den Schwarzen wüst mitten im
1282 1795 2231 1853 Post, Bahn, des Telephon jund Tele¬
2284 1799 3232 1861 Generalprobe zu wohltätigen Zwecken für sein
274 1803 1223 1864 Saale. Der Sozialdemokrat Sever
1276 1849 2233 1900 graphen, weshalb die Schwarzen und die
2268 1853 3229 1907 Wohlfahrtswerk „Das Kind“ auszunützen. Es
270 1846 1217 1924 bekam hiebei einen gehörigen Faustschlag ins
1284 1899 2043 1960 Roten zum Balgen gekommen waren?
2272 1901 3233 1956 kamen aber bloß 30 Personen. Jetzt aber drängen
270 1902 1230 1966 Gesicht. Das Handgemenge dauerte mehrere
2280 1948 3225 2006 sich die arierfremden Schieber zu diesem Stücke,
272 1951 1221 2005 Minuten. Präsident des Nationalrates Doktor
1371 1946 2225 2020 Oder verlangten die Christlichsozialen das
2271 2000 3245 2055 das ihnen und ihrer Kokotten Sinne so recht
262 1998 1214 2059 Weißkirchner sprach sodaun sein tiefstes Be¬
1277 1997 2217 2062 Standrecht und den Galgen für alle
264 2046 1219 2114 dauern über diese Vorgänge aus. Der ehemalige
1280 2055 2229 2129 Preistreiber, Wucherer und Schieber
2268 2097 3233 2151 ein paar Hundert Kronen für einen Sitz zur
259 2103 1215 2162 Volksschullehrer und abgetretene Präsident unserer
1276 2106 1790 2159 in Wien und Konkurrenz?
2279 2144 3229 2201 Verfügung haben. Jedenfalls wittern sie in diesem
264 2143 1222 2205 jämmerlichen R.publik, der sozialdemokratische
1363 2137 2216 2212 Oder hatten die Christlichsozialen die Ab¬
2275 2196 3234 2258 Stücke die Auflösung von Zucht und Ordnung,
269 2200 1214 2260 Parteiobmann, Abgeordneter Seitz beendete
1290 2205 2211 2255 chaffung der Arbeitslosenunter¬
2273 2244 3226 2293 von der allein sie ja leben und emporkommen
270 2247 1217 2315 diese „dringliche Anfrage“ mit einer Rede,
1279 2254 2227 2305 stützung in Wien verlangt, weil sich bei den
2272 2291 3241 2348 können. Beweis: Am 11. d. M. starb in Wien,
264 2294 1227 2351 in der er von oben herab Dr. Glanz als einen
1274 2300 2215 2349 letzten Schneefällen keine Arbeiter zum Schnee¬
2264 2342 3227 2392 Landstraße der größte Revolutionsgewinner, ein
263 2352 1216 2406 vielleicht ausgezeichneten Literaturkenner und
1264 2350 2223 2413 schaufeln vorfanden und die 1000 Wehrmänner
2275 2391 3248 2447 gewisser „Brück“, dessen Vermögen auf vier
265 2393 1223 2453 Aestheten, aber als einen unfähigen Innenminister
1275 2403 2003 2479 gleich 80 K extra pro Tag kosteten?
2275 2441 3234 2507 Milliarden geschätzt wird, und der die Menschen
265 2440 1216 2501 bezeichnete, der Regierung drohte, falls sie den
1365 2446 2215 2522 Oder verlangten die Roten, daß die
2268 2492 3238 2549 auf der Straße durch Tausender für sich
264 2491 1225 2549 Widerstand Wiens gegen Verfassungsbrüche etwa
1287 2501 2220 2557 chwarzen Minister nicht mehr, so wie
2281 2540 3226 2601 gewann, und am selben Tage im Lainzer Ver¬
264 2543 1213 2600 mit bewaffneter Gewalt brechen wollte, Gefahr
1279 2555 2214 2612 sie es auch seinerzeit taten, in den teuren
2279 2581 3231 2649 orgungshaus die ehemalige Komtesse Blanka
263 2588 1219 2657 laufen würde, daß dieser Gewalt wieder mit
1279 2604 2213 2663 Autos herumfahren dürfen, weil ein
2270 2630 3219 2698 Wilczek im Alter von 29 Juhren an Hirnhaut¬
259 2640 1208 2704 Gewalt begegnet wird, und die alte christlich¬
1265 2651 2221 2721 Minister im Bettelstaate Oesterreich sich es zur
2271 2689 3225 2768 entzündung. So hat der Umsturz oben zu unten
265 2691 1219 2756 soziale Taktik aufzeigte, immer in kleinen Fragen
1280 2702 2223 2760 Ihre anrechnen sollte, zu Fuß zu gehen, wo nur
2272 2733 2718 2812 gekehrt und umgekehrt.
261 2742 1223 2803 zunächst kleine, verfassungswidrige Vorentschei¬
1278 2744 2209 2817 die jüdischen Revolutionsgewinner mit ihren
261 2788 1222 2850 dungen zu treffen, um sich dann bei wichtigen
2364 2765 3207 2860 Aber dennoch glaube ich nicht, daß unsere,
1274 2793 2215 2882 teuren Püppchen im Auto massenhaft herum¬
265 2838 1213 2898 Anlässen auf ein Präjudiz berufen zu können.
2264 2839 3223 2900 immer mehr das jüdische Element als eine un¬
1278 2851 1553 2916 fahren können.
2266 2887 3218 2959 serem deutschen Volke fremde Rasse erkennende
351 2886 1218 2953 Biele unserer Leser werden sich fragen: War
1359 2885 2208 2959 Oder witterten die Roten irgend eine Re¬
2265 2943 3227 3003 Arbeiterschaft sich dazu hergeben wird, mit
251 2943 1211 3011 dieser Tumult nicht vielleicht wegen des kürzlich
1269 2944 2207 3012 aktion, einen Abbau ihrer Parteigarde,
2275 2991 3223 3069 Gewalt gegen das Regierungsverbot bezüglich
259 2997 1208 3055 von unferem Bundesfinanzminister Dr. Grimm
1271 2997 2216 3054 der neuen Wehrmacht oder deren Ersatz
2259 3042 3195 3100 der weiteren Aufführung von Schnitzlers „Reigen“
260 3045 1209 3103 im Nationalrate aufgezeigten Abganges von
1269 3046 2215 3101 durch eine Miliz, oder eine Rückkehr des
2265 3086 3222 3145 vorzugehen. Selbst nicht in dem internationalen,
265 3099 1206 3148 42 Milliarden im Staatshaushalte
1267 3097 2213 3153 sich auf die christlichsoziale Partei
2262 3136 2891 3202 verjudeten, überfrembeten Wien.
255 3143 1213 3202 für das neue Budgetjahr 1920/21
1268 3148 2203 3207 stützenden Exkaisers Karl des Letzten,
264 3182 1212 3245 entstanden, wobei Dr. Grimm unsere staats¬
1270 3207 2203 3278 wie die Staatswehr meint zu Pfingsten, aber
2359 3180 3216 3249 Aber ob unsere Regierung diese Schweinerei
261 3241 1215 3307 finanzielle Lage als unhaltbar geworden fest¬
1271 3243 1672 3309 ohne Jahresangabe?
2253 3243 3224 3299 lieber gleich der bayrischen erst gar nicht hätte
262 3293 1218 3345 stellen mußte? Warfen sich wegen dieses Riesen¬
1364 3278 2208 3349 Oder war gar der Kampf zwischen Roten
2255 3292 3220 3359 zur Aufführung kommen lassen sollen, ist eine
256 3342 1205 3407 defizites die Roten und die Schwarzen Be¬
1269 3341 2206 3394 und Schwarzen entbrannt wegen des in der
2264 3342 2527 3409 andere Frage.
263 3391 1212 3474 schimpfungen an den Kopf und schlugen auf¬
1274 3386 2212 3443 Großdeutschen Partei verlangten Gesetzes
2349 3363 3207 3455 So streiten und raufen sich Deutschöster¬
262 3434 536 3497 einander los?
1265 3437 2214 3500 über die sofortige Volksbefragung,
2257 3443 3207 3498 reichs Volksvertreter roter und schwarzer Partei¬
351 3463 1209 3550 Oder handelte es sich um die in Wien
1263 3486 2200 3551 um festzustellen, wer von uns für den Anschluß,
2263 3492 3219 3546 farbe um Nichtigkeiten, statt unseren Staat vom
245 3545 1204 3592 brennend gewordene Ostjudenfrage, wegen
1266 3537 2202 3603 wer gegen den Anschluß an Deutschland ist?
2258 3543 3211 3605 Untergange, seine Staatsbürger vor Hunger,
250 3584 1215 3647 welcher die Christlichsozialen in die Machtbefug¬
1256 3587 2210 3662 Grüne Zettel in der Wahlurne sollen die An¬
2254 3592 3211 3659 Not und Elend, Krankheit und frühen Tod zu
3211 58 3273 105 5
3213 99 3276 146 Bei
