3392 4352
273 124 345 223 1 1
459 135 786 228 Reigen
976 127 1388 216 box 17/6
2598 488 2965 569 Wien, Samstag
2050 512 2246 603 Seite 4
2132 601 3117 673 An Stelle des Statthalters ift nun nach den Verfassungs¬
2008 647 3117 732 gesetzen der Landeshauptmann von Wien getreten. Ich werde
2012 689 3118 775 als Landeshauptmann von dem mit zustehenden Rechte um
2015 743 3118 821 kein Jotaabweichen. (Lebhafte Zustimmung bei den
2017 781 3119 873 Sozialdemokraten.) Das ist die Entscheidung und nun soll Herr
2016 857 2492 926 Glanz das Gesetz verletzen.
2137 858 3125 956 Die Auseinandersetzung war auch im Landtag sehr
2019 929 3125 1011 lebhaft. Gegen Schluß der Rede des Landeshauptmannes ge¬
2031 975 3129 1055 rieten die Christlichsozialen immer mehr in Wut. Die Sozial¬
2023 1023 3128 1105 demolraten rosen dem Bürgermeister am Schlusse seiner Rede
2023 1086 3134 1156 lebhafte Beifallsbezeigungen zu. Es werden Rufe laut: Nieder
2038 1122 3132 1202 mit der Regierung! Abzug Glanz! Bundesminister Glanz soll
2035 1173 3129 1255 in sein Ministerium als Praktikant eintreten und erst die Gesetze
2039 1249 2176 1300 lernen!
2158 1249 3143 1346 Der Antrag Speiser wurde mit ausreichender Mehrheit
2035 1322 3004 1402 der geschäftsordnungsmäßigen Behandlung zugewiesen.
2329 1393 2849 1500 Der weitere Verlauf.
2163 1468 3144 1558 Ger „Reigen“ ist Freitag abend in den Kammerspielen
2042 1522 3158 1601 aufgeführt worden und die Aufführung verlief, wie alle bis¬
2047 1568 3153 1658 herigen, ohne jeben Zwischenfall. Die Sache steht so, daß
2043 1619 3154 1703 Herr Glanz die weitere Aufführung wohl „untersagt“ hat,
2058 1666 3155 1744 diese Untersagung aber nur durch den Landes¬
2051 1713 3150 1796 hauptmann wirksam werden könnte. Denn
2062 1758 3152 1836 die Polizeidirektion als politische Behörde erster Instanz unter¬
2053 1807 3166 1889 steht natürlich nur dem Landeshauptmann (Statthalter):
2058 1851 3163 1934 ihr direkte Weisungen zu geben ist der Minister
2063 1904 3168 1988 des Innern nicht imstande, und wenn er sie
2065 1947 3166 2037 gäbe, so dürfte sie der Polizeipräsident, ohne sich einer schweren
2071 1994 3167 2078 Gesezesverletzung schuldig zu machen, nicht ausführen. Der
2071 2045 3175 2127 Landeshauptmann hat aber der zuständigen Magistrats¬
2065 2101 3176 2177 abteilung, die hier als Organ der Landesregierung sungiert,
2071 2141 3168 2221 den Auftrag erteilt, den Erlaß des Ministers an die Pollzei¬
2067 2187 3170 2273 direktion nicht weiterzugeben; dadurch ist er aber unaus¬
2071 2233 3175 2319 führbar geworden. Selbstverständlich hat auch dadurch
2069 2280 3182 2365 der Theaterdirektor keinen behördlichen Auftrag erhalten und
2069 2326 3180 2411 kann das Stück weiter aufführen. Der Herr Glanz hat nun die
2075 2386 3171 2454 Wahl, mit seinen Gesetzesverletzungen innezuhalten oder sie ##
2077 2436 3181 2509 steigern; die Untersagung, die er sich geleistet hat, wie jeden¬
2080 2496 2548 2571 falls keinen Ertrag haben.
2268 2567 3067 2680 tzung des Nationalrates.
2191 2650 3119 2723 16. Sitzung. Der Präsident eröffnet die Sitzung
2085 2719 2470 2792 ¼12 Uhr vormittags.
2192 2745 3198 2828 Vorerst wird eine dringliche Anfrage des Abgeordneten
2084 2796 3196 2878 Dr. Hampel verhandelt, die die Vermögensbeschlagnahme der
2084 2840 3190 2919 österreichischen Schutz= und Alpenvereine zur Sprache bringt, die die
2095 2893 3206 2983 jugoslavische Regierung vornimmt. Die Hütten, die dem Deutschen
2094 2942 3205 3024 und Oesterreichischen Alpenverein gehören, werden zwangs¬
2096 2988 3189 3065 weise verkauft, ebenso Schulgebäude, die dem Deutschen Schul¬
2100 3043 3207 3111 verein gehören, und Forderungen, die der Sädmark in Steier¬
2093 3084 3205 3157 mark zustehen, werden eingetrieben. Der Schaden, der den
2103 3136 3211 3209 deutschen Vereinen zugefügt wird, geht in die Hunderte Mil¬
2100 3178 3205 3254 lionen. Bundeskanzler Dr. Mayr teilte mit, er habe in
2100 3222 3214 3306 Belgrad Vorstellungen erheben lassen. Die slovenische Regierung
2114 3277 3213 3354 habe darauf die Einstellung des gerügten Vorgehens der Sequester
2107 3326 3219 3398 versprochen. Die Belgrader Verhandlungen über die Aufhebung
2110 3366 3214 3442 der Sequestration seien bisher nicht über die Grötterung des
2104 3420 3211 3498 Verhandlungsprogramms hinausgediehen und sind bis zum
2103 3492 2512 3549 20. d. vertagt worden.
2232 3521 3218 3594 In den Ausschuß wegen der Kriegsanleihe¬
2119 3555 3216 3640 übernahme wurden die Abgeordneten Allina, Gidersch,
2111 3616 2807 3692 Kollmann, Partik und Pauli entsendet.
2239 3629 3223 3737 Dann wurden die zwei Militärgesetze erledigt,
2111 3708 3226 3776 über die wir an anderer Stelle berichten. Dann wurde eine
2122 3750 3224 3824 Novelle zum Spielabgabegesetz beschlossen. Be¬
2122 3799 3217 3873 kanntlich sind damals von der Abgabe die Orte mit zwei¬
2120 3850 3220 3919 tausend Einwohnern ausgeschlossen worden. Diese Ausschließung
2123 3902 3222 3964 wird nun aufgehoben. Die Geldstrafen auf dieses Gesetz fließen
2135 3942 3222 4019 fortan der Gemeinde zu, die sie vorweg für die Zwecke der
2132 3984 3230 4067 Fürsorge für die Kriegsbeschädigten zu verwenden hat. Eine
2128 4045 3229 4107 Entschließung des Abgeordneten Hölzl, wonach die Regierung
2443 4088 3224 4133 das Errägnis aus der Spielabgabe möglichst
2188 4107 2336 4153 K
