3336 4320
232 96 326 202 1
407 108 725 216 Reigen
922 99 1311 200 box 18/1
1370 995 2145 1051 DAS KLEINE SCHAUSPIELHAUS
1040 1106 1343 1205 Gutachten
1040 1183 2456 1277 des Sachverständigen der Genossenschaft deutscher Bühnen-
1030 1236 1749 1318 Angehöriger, Herrn Emil Lind.
1076 1300 2457 1384 Arthur Schnitzler ist Dichter und Arzt. Diese Verbindung gibt seiner
1028 1367 2447 1430 Fantasie Fundameni und Richtung. Er ist der Spezialist für jene Mensch¬
1038 1411 2463 1491 lichkeiten, in denen Seelisches und Leibliches zusammenfließen, insbesondere
1035 1465 2454 1531 der psycho-physiologische Zustand der Erotik und der der letzten Stunden vor
1036 1515 2457 1590 dem Tode, nicht selten diese beiden menschlichen Stationen zusammen,
1034 1562 2457 1642 finden in seiner Gestaltungskraft Aufhellung und weisen damit für Tausende
1039 1611 2457 1685 den Weg zum Verständnis ihrer selbst. Eine negative Abart dieser Methode
1027 1656 2449 1733 ist die Satire. Doch hat sie denselben inneren (dem Dichter unwichtigen)
1023 1716 2448 1784 Zweck: durch geistige Klarheit zu heben, zu veredeln. Dem oberflächlichen
1037 1760 2458 1826 Beurteiler mag seine Psychologie spielerisch erscheinen, es ist aber nur
1029 1819 2459 1890 die geschlossene, facettierte und abgeklärte Form, die diesen Eindruck
1035 1863 2456 1925 erzeugt. In Wirklichkeit steckt ein tiefer sittlicher Ernst in allen seinen
1027 1900 1689 1964 Problemen und deren Behandlung.
1057 1958 2457 2042 Im „Reigen“, der aus der besten Zeit des Dichters stammt, finden sich
1031 2010 2456 2083 all diese Ingredienzien wieder. Nur wer absolut kein Organ für schwerlose
1035 2054 2456 2134 Grazie, für zierlichen Spott, für wehmütigen Humor, kurz, für kultivierte
1025 2105 2453 2183 Form besitzt, wer also in unsern entwickelten Zeiten ein abnormaler Mensch
1023 2157 2458 2234 ist, kann hier von Pornographie sprechen. Der normale Mensch muß sich
1038 2207 2453 2279 durch diese subtile Behandlung an sich heikler Dinge in eine Sphäre gehoben
1022 2252 2451 2327 fühlen, die alles Grobkernige vergeistigt und auf diesem Wege absorbiert.
1023 2301 2457 2378 Niemals kann ein offenes Aussprechen gewisser Lebenszustände durch einen
1027 2349 2452 2425 Dichter die schlechten Instinkte reizen, dies geschieht immer nur durch das halb
1027 2409 2451 2472 verhüllte, mit den Augen zwinkernde, schleimige Andeuten der Macher und Sudler.
1073 2452 2451 2529 Was aber noch an gefährlichem Reiz im Buch enthalten sein mag, hat die
1024 2487 2452 2565 Aufführung des „Reigen“ vollends entfernt. Es ist eine fast überdezente
1034 2548 2452 2620 Darstellung, bei der sowohl in der Sprache, wie auch in Mimik und Geste
1027 2601 2443 2677 jedes Unterstreichen vermieden ist. Die kurzen Unterbrechungen der Szenen
1030 2655 2453 2727 wirken wie gewöhnliche Zwischenakte; die Liebesszenen sind in vielen
1018 2695 2441 2774 anderen Stücken weit realistischer gespielt worden, ohne Anstoß zu erregen,
1026 2747 2447 2824 auch wenn sie in dichterisch leeren Werken vorkamen. Ja, man kann sagen,
1023 2792 2443 2871 daß zu Gunsten der Diskretion nicht nur auf grobsinnliche, sondern sogar
1017 2847 2454 2916 auf künstlerische Effekte verzichtet wurde. Auf Grund meiner mehr als
1017 2897 2437 2975 fünfundzwanzigjährigen Tätigkeit an den ersten Bühnen Deutschlands komme
1018 2947 2443 3010 ich nach bestem Wissen und Gewissen zum Schlusse, daß an dieser Auf¬
1025 2993 2441 3061 führung unmöglich „Anstoß“ nehmen kann, wer natürliche Dinge mit
1019 3037 2444 3122 geraden Augen ohne Pharisäerblick betrachtet. Wollte man den Maßstab
1024 3097 2448 3171 echter oder falscher Moralfexen an die Literatur legen, früßte ein großer
1024 3143 2452 3240 Teil der besten Dichtwerke und schließlich auch die Bibel vercoten werden.
1057 3184 1569 3265 Berlin, den 10. Mätz 1921.
1666 3212 1988 3279 gez. Emil Lind
1479 3249 2164 3314 Dramaturg und Regisseur am Lessingtheater.
1190 3294 2448 3359 Mitglied des Verwaltungsrates der Genossenschaft Deutscher Bühnenangehörigen.
1487 3332 2162 3405 Herausgeber der „Freien Deutschen Bühne“.
2911 3308 2959 3374 ju
