3392 4416
988 196 1406 287 box 17/6
285 211 796 308 11. Reigen
386 1591 566 1657 u
736 1706 1137 1804 Naturlaute.
516 1764 1185 1864 „Die Bögel singen in den Zweigen,
515 1835 1191 1911 Den Fröschen ist das Qnacken eigen.“
512 1889 1210 1967 Dem Vorstenvich ist Grunzen eigen!
515 1930 1303 2028 Was Juden Kunst, bezeugt der „Reigen“.
516 2024 1139 2107 Und die da auf den Rücken steigen,
512 2071 1141 2154 Dem ausgeraubten Volk, sie zeigen
506 2119 1207 2203 Dem Anstand wiehernd freche Feigen,
504 2185 1320 2246 „Schweig', Christenpack, du hast zu schweigen!“
504 2258 1111 2349 Tief, denen das Enteignen eigen,
499 2312 1143 2387 Vor den Enteignern sich verneigen.
498 2358 1267 2454 Ein Herz sind beide und — ein Reigen.
490 2409 1244 2499 „Jetzt gilt es, sich als Schwe zu zeigen.“
490 2486 1121 2588 Gemach, die ihr bei jedem Reigen
486 2554 1176 2638 Zu spielen meint die ersten Geigen!
487 2604 1280 2694 Das Bolk wird euch zum „Reigen“ geigen
476 2654 1222 2744 Und euch — den off'nen Saustall zeigen.
1253 2737 1393 2795 Ego.
1341 1766 1543 1944 0
1402 2206 1471 2271 +
1413 2355 1467 2397 —
2314 797 3136 881 Vieteet dor die Aesthetir des Herrn Heß
1976 828 3000 916 aufgeben will, und werden für den einen wie fü
3049 870 3124 929 den
1962 886 2768 968 anderen Fall unser Pulver trocken ssalten.
2712 862 2897 1073 0
2154 1038 2934 1148 Hus dem Kunstleben.
2200 1150 2460 1222 Der Kampf
2463 1157 2870 1247 um den „Rei##
2045 1202 2448 1270 Aus Wien wird uns
2450 1213 3119 1283 (geteldet: „Da bek sozialistische
1961 1236 2433 1303 Wiener Bürgermeister R
2685 1262 3117 1315 seiner Eigenschaft als
1969 1290 2453 1346 Landeshauptmann das „R#
2668 1311 3113 1355 des Innenministers nicht
1960 1326 2398 1385 durchführt, so daß die „Re
2578 1341 3124 1398 ührungen in den Kammerspielen
1966 1374 2340 1422 ungestörten Fortgang,
2510 1383 3119 1440 hat die Regierung beschlossen, bei
1968 1405 2288 1462 dem Verfassungse
2512 1419 3114 1460 age gegen Neumann einzu¬
1960 1443 3067 1511 bringen, Diszip##gegen die Insubordination
1962 1480 2456 1553 Wiener Landeshauptmanns
2490 1474 3075 1570 nzuschreiten, fehlt der Regier#
1953 1517 2147 1573 der Mut.
2038 1544 3117 1629 Aus Leipzig wird unskgeschrieben: Die von der Protest¬
1955 1594 3115 1667 versammlung gegen Sihnitzlers „Reigen“ angenommene
1957 1638 3122 1711 Resolution lautet in der Hauptsache: Die versammelten
1949 1677 3114 1746 deutschen Männer und Frauen verurteilen jeden Versuch, unter
1951 1717 3114 1787 dem Deckmantel der Literstur Dramen auf die Bühne zu
1966 1756 3107 1826 chmuggeln, die an sich schoßz aus undeutschem Geist heraus die
1957 1798 3115 1860 Spuren der Entartung zeigen, durch die Aufführung aber das
1962 1833 3103 1908 Schamgesühl unseres Volkes verletzen. In der szenischen Dar¬
1958 1870 3103 1946 stellung von Schnitzlers „Reigen“ sehen sie einen tief bedauer¬
1962 1911 3109 1973 ichen Mißgriff eines sonst um das Leipziger Theaterleben ver¬
1961 1952 3114 2015 dienten Bühnenleiters. Sie erwarten, daß dies anrüchige Stück
1956 1988 3110 2054 sofort von der Schaubühne verschwindet und daß die sogenannte
1960 2025 3105 2090 Schauspielhausgemeinde fortan ähnliche Schamlosigkeiten ver¬
1949 2064 2087 2115 hindert.
2025 2106 3111 2171 Aus Berlin schreibt man uns zu derselben An¬
1950 2146 2318 2199 gelegenheit: Die
2321 2151 2983 2212 tägliche Aufführung des Stückes
2980 2155 3101 2214 „Der
1959 2185 3096 2246 Reigen“ von Schnitzler in den Räumen der staatlichen Hoch¬
1955 2229 3098 2291 chule für Musik in Charlottenburg erregt in weiten Kreisen
1947 2265 3105 2325 großes Aergernis. Sie stellt eine Prostituierung der Frau
1943 2300 3106 2364 der in unerhörter Dreistigkeit gegen die einfachsten Gebote von
1944 2333 3110 2393 Anstand und guter Sitte. Es ist an der Zeit, daß die deutschen
1943 2375 3099 2434 Frauen, die noch auf Ehrbarkeit halten und das heranwachsende
1939 2413 3093 2477 Geschlecht in Reinheit erzogen wissen wollen, mit allem Nachbruck
1937 2450 3104 2523 Eindruck erheben gegen diese Schmach und Schande unserer Tage.
1941 2496 3093 2557 — Da alle Vorstellungen der ernst gerichteten Presse bisher
1950 2532 3090 2597 ruchtlos geblieben sind und das Berliner Beispiel wegen
1948 2563 3092 2633 seines großen geschäftlichen Erfolges bereits anregend auf andere
1939 2606 3089 2674 deutsche Städte wirkt (in Leipzig und München wurde der
1932 2648 3098 2711 „Reigen“ schon reihenweise aufgeführt; in Wien sogar zugunsten
1937 2685 3089 2749 des Kinderhilfswerks!) bleibt kein anderer Weg zur Ab¬
1939 2722 3093 2805 hilfe als der Anruf des Staatsanwaltes, den das be¬
1933 2757 2943 2822 stehende Strafgesetz (§ 183) zum Einschreiten verpflichtet.
2012 2797 3089 2864 Schnitzler selbst äußerte sich, wie wir erfahren, kürzlich
1943 2833 3090 2896 dahin: Ob der „Reigen“ auf die Bühne gehöre, darüber kann
1932 2883 3094 2942 man diskutieren; daß aber die Aufführung meines Werkes die
1933 2914 3097 2966 Sittlichkeit verletzt, das ist ein Standpunkt, über den
1929 2955 3098 3017 man ernsthaft gar nicht reden kann. Kein Mensch wird die
1942 2989 3088 3071 diskrete Inszenierung in den Kammerspielen leugnen können. Auch¬
1945 3027 3072 3083 n Berlin, München, Leipzig und Hamburg, wo der „Reigen“
1941 3068 3079 3130 gespielt wurde, haben die Regisseure und die Schauspieler volle
1932 3109 3085 3163 Diskretion gewahrt. In Wien wurde aus der Frage eine politische.
1929 3143 3088 3211 Nachdem ich mich aber einmal zur Aufführung entschlossen habe,
1932 3184 3091 3255 wird nichts gestrichen, keine Szene wird weggelassen und
1931 3224 3088 3280 von einer Zurückziehung des Stückes ist keine Rede. Gegen Regie¬
1933 3258 2796 3313 änderungen habe ich indessen nichts einzuwenden.
1997 3285 3086 3352 Wir schließen uns der obigen Auffassung aus Berlin an
1935 3328 3077 3413 und wünschen, daß der Staatsanwalt endlich ein Macht¬
1920 3367 2151 3435 wort spricht.
