3392 4256
3022 309 3308 398 Dienstag
2771 357 2886 436 *
265 358 380 448 *
2973 389 3342 471 6. Dezember
373 301 2725 458 Beilage zur Königsberger Volkszeitung
2539 555 3346 641 * Die Eröffnung der Wärmewirschafts-A
633 563 2469 640 spruch: „An jedem Ort, zu jeder Zeit, zur ersten Hilfe] fortschreitenden Teuerung, noch weiter erhöht wer¬
638 614 1541 677 sind wir bereit“ werden wir Arbeiter=Samariter auch
2495 611 3341 667 stellung verschoben. Die Preußische Kohlenwirischa
1568 621 1751 685 den sollen.
161 625 345 707 ples
638 658 1538 707 in Zukunst unsere schwere Pflicht erfüllen, trotz Staats¬
2497 664 3337 711 stelle teitt uns folgendes mit: Infolge von eingetrete
1622 643 2464 722 Die Lohnerhöhungen und die ganz außer¬
2486 690 3343 748 Transportschwierigkeiten kann die Erffönung der 2#
647 698 1385 753 kommissar und seinen gleichjesinnten Kreisen.
1567 701 2476 750 gewöhnlich zunehmende Verteuerung der Materia¬
163 696 454 775 r Sozialisten.
2494 739 3337 788 stellung „Die Wärme im Haushalt und Kleingewer
703 739 1548 788 Der Arbeiterschaft Köniesbergs rufen wir aber zu:
1568 747 2471 790 lien und aller sonstigen Gestehungskosten zwingen
155 751 629 824 en der sozialistischen Par¬
2491 772 3331 827 die für den 14. Dezember vorgesehen war, erst
647 776 1545 828 Seht euch die obige Verjügung an und lernt daraus,
1560 785 2469 830 die Druckereien, auf die bisherigen Druckpreise einen
162 807 627 857 olutionären Boden des
644 809 1544 864 welche Gefar für ener Leben besteht. Der letzte
2487 804 2853 883 17. d. Mis. erfolgen.
1564 826 2476 868 weiteren Aufschlag in Höhe von 40 Prozent ab
646 859 1544 905 Schutzwall für eure Gesundheit soll euch genommen
1564 861 1624 906 1.
1617 853 2470 911 Dezember zu legen. Die Druckereien geben sich
2580 855 3312 925 Der Per'onenzug 335 nach Insterburg
155 870 635 940 bekunden, gleichgültig, ob
644 896 1544 946 werden Stellt euch diesem entgeren und unterstützt
1568 895 2476 948 der Erwartung hin, daß alle Drucksachenverbraucher
2488 893 3345 969 Königsbeig 1128 abends) wird nach einer Beka
158 909 635 973 ngehören oder nicht, wer¬
643 917 1549 985 die Arbeiter=Samariter, wo und wann ihr könnt.
1564 942 2470 983 und namentlich auch alle Behörden die neue Preis¬
2493 960 3332 1021 machung der Ei enbahndirektion vom 15. Dezen
162 964 627 1014 nde religiöser Sozialisten
656 974 1539 1020 Neh#t teil an dem Ausbildungskursus der Arbeiter¬
1567 980 2470 1030 erhöhung als eine durch die außergewöhnlichen
2493 997 3144 1055 ab in Seligenfeld nicht mehr halten.
199 996 629 1063 und hierzu ihre Adresse
653 1015 1542 1065 Samariter. Meidet die „Roten Kreuiler“, die euch
1563 1006 2463 1079 wirtschaftlichen Verhältnisse zwingende Notwendig¬
167 1037 632 1104 zugeben. Daselbst liegen
642 1033 1548 1096 unter dem Deckmantel der christlichen Nächsen¬
2585 1030 3329 1101 Ein amen-Regenschirm ist am Sonnaben
1563 1043 2136 1122 keit betrachten und anerkennen.
168 1084 423 1143 escheine aus.
653 1093 1553 1135 liebe betören wollen. Der jetzt beginnende Kurus
2487 1069 3323 1138 unserer Buchhandlung stehen gelassen worden
1569 1105 2472 1189 Ueber Beschlagnahme von Waren durch die
647 1132 1550 1179 bietet allen Arbeitskollegen die Mögsichkeit, sich als
2487 1133 3056 1194 kann von dort abgeholt werden.
157 1130 318 1214 rbeit?
641 1170 1544 1220 Ar eiter amarter auszubilden. Auf keinem Arbeits¬
1966 1169 2097 1228 Polen
2589 1183 3344 1241 Ausgesetzles Kind. Schon wieder ist, dies
169 1182 628 1270 Kolonne Königsberg ersucht
650 1210 1545 1263 platz, wo klassenbewußte Arbeiter vorhanden sind, darf
1567 1199 2479 1274 bei der Fahri durch den Korridor (Durchgangsver¬
2500 1229 3336 1276 in Amalienau, ein ausgesetztes Kind gefunden u
165 1240 408 1310 ender Zeilen:
638 1248 1547 1297 ein „Roter Kreuz'er“ Sanitätsdienste verrichten. Denn
1566 1261 2481 1308 kehr) wurden verschiedentlich im Laufe des Som¬
2496 1265 3332 1315 den, dessen Herkunft bisher nicht zu ermitteln
640 1285 1546 1346 dieser steht im Banne der Arbeitgeber. Hinaus aus
2499 1309 3330 1358 wesen ist. Die polizeilichen Ermittlungen über
639 1317 1089 1382 den Roten Kreuziolonnen!
1565 1335 2471 1387 Falle wurde von der Bahnhofskommandantur in
2497 1346 3339 1396 Vorfall haben folgendes ergeben: Am 1. Dezen
171 1339 627 1419 Berlin, 29. Sepiember 1921.
694 1348 1544 1414 Anmeldun en zum Lehrkursus werden noch bis
1566 1376 2472 1426 Konitz eine Sendung von neun Kisten getragenes
2492 1389 3337 1441 gegen 10 Uhr abends fand eine Korinihendamm
653 1397 1545 1453 Donnerstag, 7 Uhr abends, in der Kant¬
1568 1415 2480 1464 Schuhwerk beschlagnahmt, die vom Landrat des
2489 1419 3328 1472 wohnende Dame im Hausflur ein Bündel, das
155 1416 623 1497 hrichten rimmt der Arbeiter¬
654 1442 1546 1506 schule entgegen enommen. Ausuaft wird; erteilt
1570 1452 2467 1504 Kreises Braunsberg zur Weitergabe an die minder¬
2496 1466 3344 1516 mittelbar hinter der Haustür niedergelegt wor
157 1477 625 1529 keren Umfang an und beab¬
640 1479 1191 1545 im Bureau, Koggenstraße 38, 2.
1576 1500 2479 1544 bemittelte Bevölkerung bestimmt war. Die Kreis¬
2494 1507 2587 1559 war.
2581 1505 3339 1560 Als ihr Hund das Bündel beschnuppe
156 1515 624 1564 Industrieorten Arbeiter¬
1124 1504 1513 1580 Die Kolonnenleilung.
1571 1539 2486 1587 behörde hatte hierfür bereits den Betrag von
2502 1547 3338 1608 fing darin ein kleines Kind an zu weinen. Sie a
165 1559 627 1604 chten, wie sie in Hamburg.
1130 1564 1505 1631 I. A.: Rud. Arend.
1566 1565 2469 1619 27 421 Mark an die Altlederverwertungsstelle
2501 1586 3291 1630 mierte den Hauswirt und andere Mieter.
203 1586 627 1643 bestehen. Dort sind die
1569 1617 2475 1661 Charlottenburg gezahlt und stellte begreiflicherweise
2502 1627 3333 1681 Kind, das nur etwa drei Wochen alt ist, wurde
170 1630 627 1691 ktral, haben sich jedoch bei
1574 1657 2471 1700 nach der Beschlagnahme Anträge bei den zustän¬
2500 1665 3342 1710 Schutzpolizei übergeben, die es in das Kinder
164 1672 631 1724 hr rege im Sanitätsdienst
725 1668 1472 1747 Zum Königsberger Bebauungsplan.
1567 1692 2487 1739 digen Stellen auf Rückerstattung dieses Betrages
2495 1705 3340 1748 überführte. Das kleine Wurm trug ein wei
155 1701 637 1765 n beteiligt. Da es nicht
695 1718 1546 1790 Uns wird von der Vereinigung deutscher Ar¬
2139 1728 2473 1787 Im Auftrage des
1586 1737 2149 1779 eitens der polnischen Regierung.
2505 1749 3336 1801 dünnes Leinenhemdchen, ein ebensolches Jäck
185 1753 630 1799 der Verein die Ausbildung
652 1753 1270 1829 chitekten „Die Arche“ geschrieben:
1575 1774 2472 1824 Oberpräsidenten der Provinz Ostpreußen hat sich
2505 1781 3347 1833 und war eingewickelt in eine ganze neue Schlast
158 1777 631 1850 eillegale Kampforgan sat on
1570 1819 2476 1863 dessen Berliner Vertreter beim Reichs= und Staats¬
699 1813 1559 1871 In letzter Zeit haben in dankenswerter Weise die
2504 1828 3355 1871 aus Flanellstoff, hellgrau, an den Enden mit bre
162 1828 629 1875 itte ich, in eine vers ärfte
1570 1855 2479 1901 ministerium des näheren mit dieser Angelegenheit
648 1852 1548 1904 Toarzzeitungen mehrfach darauf hingewiesen, daß
3239 1859 3356 1921 50
2503 1863 3174 1916 weiß=grau=weiß=braunen Streifen,
160 1869 634 1930 zutreten und das E gebnis
1566 1894 2475 1949 befaßt und den betreffenden Antrag mit zweckdien¬
648 1896 1557 1942 Königsberg eine Geländegestaltung besitzt, wie sie
2505 1891 3344 1952 durchlöcherte Gummiunterlage, zwei dünne ##
313 1904 598 1965 J. V.: gez. Kalle.
1569 1932 2478 1979 licher Begründung dem Staatskommissar vorgelegt,
644 1939 1555 1990 günstiger für die Ausgestaltung eines schönen Stadt¬
2501 1943 3328 1989 Leinenwindeln, eine alte Damastserviette und
167 1927 408 2003 berpräsidenten.
1566 1967 2481 2017 der neuerdings zur Regelung der Ansprüche aus
651 1974 1557 2024 bildes kaum gedacht werden kann, daß aber leider
2508 1974 3339 2034 dicke Windel, welche aus einer sogenannten Wa
201 1972 625 2046 Köniasbergs i. Pr. sind
1569 2002 2481 2055 Beschlagnahmungen von Waren durch die Polen
651 2005 1554 2060 das wirklich Erreichte weit hinter dem zu Erwarten¬
2495 2019 3320 2066 bettdecke gefertigt ist. Weiter befand sich bei
154 2033 628 2083 Verptäsident von Ostpreußn
1569 2051 2481 2098 bestellt worden ist. Der Berliner Vertreter des
648 2053 1551 2097 den zurückgeblieben ist. Die Gründe hierfür lassen
2502 2064 3341 2114 Kinde eine Mullbinde und ein neuer Gummisau
150 2064 638 2128 Der Herr Staatskommissar
1568 2087 2477 2140 Oberpräsidenten wird sich auch weiterhin für die
656 2094 1554 2142 sich in Kürze nicht erörtern. Es sei nur darauf hin¬
2500 2100 3342 2158 mit Aluminiumring und anderen Aluminiumte
166 2099 625 2157 gekommen sein, sonst müßte
1583 2125 2477 2186 Förderung der Angelegenheit im Sinne der An¬
649 2138 1555 2187 gewiesen, daß schon im Mittelalter das Vorhanden¬
2500 2145 3284 2198 (Zimmer 96 oder 60 des Polizeipräsidiums.)
163 2137 628 2204 t dreißig Jahren Arbeiter¬
1577 2155 1972 2231 tragsteller verwenden.
655 2173 1558 2222 sein der drei Städte Altstadt, Löbenicht und Kneip¬
155 2186 629 2235 Interesse der arbeiten¬
649 2210 1553 2260 hof offenbar einer großzügigen und einheitlichen
225 2226 631 2276 Diese wurden gegründet,
1620 2204 2477 2280 * Verhütung von Unglücksfällen beim Abbruch
2497 2242 3336 2291 Medizin wurde an einem der letzten Nachmit
654 2249 1552 2292 Behandlung des Bebauungsplanes und der öffent¬
153 2259 635 2320 itspatz der sanitäre Schutz
1580 2270 2474 2314 von Eisenkonstruktionen. Anläßlich eines Unglücks¬
2503 2281 3310 2336 aus dem Garderobenraum des Hygienischen
641 2282 1559 2330 lichen Bauanlagen im Wege gestanden hat. (So
141 2302 632 2352 Frar. Die „Roten Kreuzler“
1576 2304 2473 2356 falls, der sich beim Abbruch, einer großen Eisen¬
2504 2300 3343 2373 stituts ein kurzer mit Kanin gefütterter Sport
650 2320 1556 2377 hat z. B. Königsberg drei kleine Rathäuser gebaut,
1581 2348 2484 2403 konstruktion ereignet hat, hat der preußische Volks¬
2502 2356 3315 2411 und Kaninkragen, sowie grauem Ueberzug
649 2367 1558 2415 während Städte wie Danzig, Lübeck und andere
232 2345 627 2441 dord keitis iShehe in er
1571 2387 2474 2434 wohlfahrtsminister in einem Erlaß auf die Not¬
2512 2390 3304 2448 chwarzen Längsstreifen entwendet. — Aus
653 2408 1550 2472 ihre großartigen Rathausbauten geschaffen haben.)
169 2408 628 2478 ß anderes zu tun, als auf
1576 2420 2473 2472 wendigkeit besonderer Vorsichtsmaßregeln bei der¬
2491 2437 3333 2491 Vorzimmer eines auf dem Nachtigallensteig wohn
703 2444 1552 2500 Heute ist durch die Entfestigung wieder einmal
154 2447 633 2514 Dummen zu fahnden, die
1568 2465 2480 2509 artigen Abbrüchen hingewiesen. Die Demontage
2498 2478 3328 2529 den Zahnarztes wurden einem Patienten am 2.
646 2488 1561 2541 die Gelegenheit gegeben, bisher Versäumtes nach¬
166 2483 628 2556 nächsten Krieg vorubereiten
1576 2501 2476 2551 solcher statisch komplizierter Konstruktionen ist nicht
2496 2515 3353 2565 zember, etwa um 5 Uhr nachmittags, ein bra#
654 2528 1560 2577 zuholen. Erfreulicherweise scheint man zu der
160 2536 631 2584 ung der Arbeiter chaft mit¬
1576 2538 2474 2590 selten schwieriger als ihre Montage und stellt die
2505 2558 3353 2621 Ulster mit schwarzem Wollstoffutter, ein Spat
650 2562 1553 2617 Ueberzeugung gelangt zu sein, daß die Bebauung
172 2580 626 2628 aatskommissar ist wohl die
1570 2580 2476 2629 damit betrarten Unternehmer und Arbeiter vor
2498 2588 3293 2645 stock mit silberner Krücke, ein Paar lederne
649 2606 1558 2662 des für Königsberg so überaus wichtigen Stadt¬
163 2621 637 2666 n „Ro#en Kreuz“ und den
1578 2607 2481 2665 weitgehende Anforderungen an das statische Ver¬
2505 2639 3338 2687 handschuhe und ein Schlüsselbund im Werte von
644 2639 1555 2691 teiles am Kaiser=Wilhelmdamm nur von großen
149 2658 626 2714 enschaften nicht bekannt,
1583 2656 2481 2706 ständnis hinsichtlich der statischen Beziehungen der
2503 2672 3348 2745 sammen etwa 3000 Mark gestohlen. (Zimmer
647 2677 1550 2728 Gesichtspunkten aus angefaßt werden darf. indem
168 2684 624 2751 pflichtet werden, sogenannte
1576 2698 2473 2747 einzelnen Konstruktionsteile zueinander. Während
2497 2712 3078 2773 oder 60 des Polizeipräsidiums.)
648 2726 1560 2772 der kürzlich in der Presse veröffentlichte Entwurf
182 2730 632 2785 den Vorschri ten des „Roten
1573 2739 2474 2786 nun bei der Aufstellung von den Unternehmern
661 2759 1553 2808 für den „Handelshof“ offenbar nur als Grundlage
168 2774 624 2818 sbilden zu lassen, damit bei
1575 2781 2481 2825 stets besonders statisch geschulte Spezialingenieure
658 2805 1556 2852 für die Geldbeschaffung zum Bauvorhaben aufzu¬
166 2816 630 2867 isend Sanitä struppen vor¬
1572 2818 2481 2865 verwandt werden, sind beim Abbruch dagegen in
2707 2809 3201 2894 Königsberger Aufgebote
656 2844 1554 2890 fassen ist. Die endaültige Gestaltung des Bauwerkes
165 2852 632 2913 inbarung widerspricht
1569 2850 2478 2903 der Regel Unternehmer und Angestellte nicht ein¬
2554 2872 3286 2930 Schlossergeselle Otto Klein mit Charlotie
650 2875 1553 2930 würde ja wohl ohnehin nur auf dem Wege eines
163 2892 631 2945 ieden vertrag, nach
1568 2895 2480 2951 mal technisch geschult, viel weniger statisch besonders
2496 2909 3289 2967 Arbeiter Gustav Gerhardt mit Gertrud Zander.
649 2907 1561 2968 Wettbewerbes im Zusammenhange mit der Aus¬
161 2929 626 2984 ie sich für den Krieg vor¬
1572 2934 2481 2984 vorgebildet. Um die darin liegenden Gefahren zu
2500 2965 3336 3009 wirt Max Deblitz aus Grünlinde, Kreis Wehlau,
655 2949 1552 3016 bildung der gesamten Platzanlage gefunden werden
163 2970 637 3019 d. Hier möchte der Heir
1581 2975 2482 3027 beseitigen, ist es dringendes Gebot, daß die Ab¬
2504 2997 3341 3050 Martha Teichert, geb. Dannenberg. Schneiderme
656 3001 791 3049 können.
160 2997 640 3058 en ausführenden Organen
1569 3005 2475 3060 brüche derartiger Eisenkonstruktionen nur unter
2491 3037 3336 3085 Friedrich Radschuhn mit Frieda Niemezyk. Schlo
711 3037 1554 3092 Wir meinen aber bereits heute darauf hinweisen
173 3044 632 3090 die Organisationen, die seit
1574 3054 2483 3101 Aufsicht von Spezialfachleuten erfolgen. Der Volks¬
2495 3063 3342 3118 geselle Robert Brosch mit Helene Napps. Kaufm
167 3088 632 3134 ri densarbeit sind, bespitzeln
656 3085 1565 3136 zu müssen, daß auch die unserer Stadt Königsberg
1570 3094 2473 3135 wohlfahrtsminister ersucht deshalh, anzuordnen,
3109 3102 3335 3160 Regierungs=
2496 3117 3080 3163 Fritz Schlicht mit Lina Heinrich.
163 3111 624 3175 der Meinung, daß da noch
654 3121 1551 3176 in mehr oder weniger absehbarer Zeit bevorstehen¬
1577 3130 2483 3177 daß für große Eisenkonstruktionen kur solchen Un¬
2508 3148 3327 3206 ekretär Johannes Rudat in Insterburg mit Albertine K
157 3162 636 3217 sind, denen das Aufblühen.
654 3148 1551 3204 den weiteren großen Bauaufgaben, z. B. die Ge¬
1583 3169 2489 3217 ternehmern Abbruchscheine erteilt werden, die eine
653 3200 1564 3256 staltung des neuen Bahnhofsplatzes, unbedingt der
169 3193 628 3251 Ko onne ein Stachel im
1574 3205 2477 3256 gründliche Kenntnis derartiger Konstruktionen haben
2697 3201 3203 3273 Königsberger Sterbefälle
161 3231 637 3289 n Schwund der Tummen
647 3241 1561 3291 tätigen Mitarbeit der Architektenschaft bedürfen.
1570 3245 2485 3303 und einen sorgfältigen und sachverständigen Abbruch
2543 3258 3333 3333 Viehfüsierer Wilbelm Schmidtke aus Klaukin
159 3277 629 3330 r uns die Tätigkeit der Ar¬
648 3266 1559 3327 Die Wichtigkeit der Sache fordert es, so zeitig wie
1570 3287 1817 3343 gewährleisten.
2990 3303 3301 3367 Händler Richard
2490 3298 2897 3370 Kreis Fischhausen, 70
2882 3309 3005 3364 3.
189 3308 627 3372 so werden wir finden, daß
647 3316 1559 3363 nur irgend angängig, möglichst sofort, die maß¬
1637 3323 2479 3387 * Osspreußisch -literarischer Ver=in: Mittwoch,
2796 3347 3345 3404 Schieferdeckerwitwe Amalie Kri
650 3348 1559 3399 gebenden Stellen mit den notwendigen Vorarbeiten
151 3354 636 3406 weiterem besteht, als ihren
2495 3344 2800 3403 Neuwald, 27 J.
1582 3361 2491 3423 den 7. Dezember 1921, findet um ½8 Uhr in den
2503 3387 3337 3443 geb. Thimm, 75 J. Böttcherwitwe Auguste Dzir
650 3395 1553 3456 (Beschaffung von Unterlagen, Wettbewerbe usw.)
138 3379 635 3449 und =Schwestern auf dem
1568 3414 2481 3471 Räumen des Frauen lubs, Hohenzollernstraße 10. ein
3175 3424 3344 3476 Telegramn
2845 3425 3135 3483 Herta Ott, 2 J.
2501 3427 2855 3483 geb. Rubel, 79 J.
163 3432 631 3482 beienstehen. Ist das ein
653 3430 929 3496 zu beauftragen.
1563 3452 2481 3499 Leseabend statt. Es werden gelesen: Esther von Grill¬
3101 3459 3343 3514 Ingenieur A
2496 3466 3068 3527 steller Emil Neumann, 20 J.
172 3464 631 3528 wir Arbeiter=Samariter bei
1576 3493 2480 3552 pirzer, Teja von Sudermann. Nur durch Mitglieder
733 3477 1486 3560 Preiserhöhung für Buchdruckarbeiten.
2501 3494 3358 3553 Schidkor, 61 J. Klaviertechniker Eugen Hopp, 63
178 3513 631 3556 von den Drahtziehern der
1577 3526 2167 3592 eingeführte Gäste sind willkommen.
2498 3532 3302 3593 Schneidermeister Ernst Grunau, 24 J. Heizer
705 3529 1556 3596 Das Buchdruckgewerbe gibt den Drucksachen¬
169 3553 640 3599 elt werden, tatenlos dabei
2496 3567 3339 3643 Lipke, 42 J. Straßenbahnschaffner Hermann S
1671 3572 2295 3640 Der Ankauf von Gold für das Rei
652 3573 1558 3634 Verbrauchern durch Inserate bekannt, daß infolge
161 3589 623 3638 ieuler“ bei dem Oppauer
2338 3569 2483 3638 urch die
2673 3622 3312 3668 Administratorwitwe Anna Borchert,
2500 3627 2549 3669 66
1578 3603 2286 3672 Reichsbank und Post erfolit in der Woche
653 3630 1559 3675 der sprunghaften Verteuerung aller zum Lebens¬
2324 3624 2479 3677 n 5. De¬
2546 3622 2628 3673 J.
171 3621 636 3673 ir unseren Arbeitsbrüden,
2508 3659 3318 3706 Wedeke, 72 J. Landwiriswitwe Emma Durchholz,
1584 3665 2490 3714 zember bis 11. D'zember zum Preise von 720 Mark
643 3664 1555 3716 unterhalt notwendigen Bedarfsartikel den Gehilfen
154 3667 633 3717 et sind von den Söldlingen
2503 3691 3342 3757 Korallus, 58 J. Arbeiterin Frieda Dannehl, 32
1578 3697 2475 3750 für ein Zwanzigmarkstück, 360 Mark für ein Zehnmark¬
650 3705 1562 3752 und Hilfsarbeitern im Gewerbe ab 1. Dezember
159 3706 630 3753 behren, Selbstschutz, Arbeits¬
2507 3735 3302 3803 Des Eisenbahnassistenten Borchert S., 5 J.
1577 3738 2483 3805 stück. Für die ausländischen Goldmünzen werden ent¬
648 3741 1560 3789 weitere erhebliche Lohnerhöhungen zuerkannt wer¬
167 3743 637 3789 Todesstoß geben lassen und
2493 3763 3013 3835 Monteurs Sprinaers T., 4 J.
1581 3779 2012 3836 sprechende Preise, gezahlt.
650 3780 1559 3836 den mußten, die ab 19. Dezember, entsprechend der
148 3778 630 3839 en? Getren unserem Wa 1¬
2504 3867 3341 3930 gefüllten Gebauhrsaale der Stadthalle am Mor
648 3881 1560 3926 abspielten, so stilvoll hatte Theatermeister Weiske
1572 3873 2496 3928 nen wir im nächsten Bild noch besser kennen. Dort
2509 3912 3334 3964 seine getreue Gemeinde vollzählig um sich ver
645 3922 1560 3965 die Bühnenbilder arrangiert und so vollendet künst¬
1581 3920 2482 3971 findet er sich mit dem süßen Mädel im Chambre
145 3881 457 3986 d Wisfen
2510 3946 3347 3999 delte, gab wiederum beredtes Zeugnis von der
655 3961 1567 4007 lerisch war die Gesamtwirkung. Ein voller Erfolg,
1582 3957 2488 4003 separe zusammen. Hier doziert er nicht, hier lebt
140 3964 417 4044 Hauspielhaus.
2496 3984 3347 4039 liden Tüchtigkeit, mit der dieser schlichte Kün
651 4000 1557 4044 dank innigsten Zusammenwirkens aller Faktoren!
1578 3988 2481 4044 er der praktischen Liebe des gutsituierten Herrn, der
2502 4026 3345 4093 jede Aufgabe, die er sich stellt, meistert. Anso
162 4012 560 4085 thur Schnitzler.
650 4036 1568 4083 Schade nur, daß vom räuspernden und wispernden
1585 4037 2480 4084 die kleinen Mädchen um Evas willen mit guten
2510 4071 3335 4122 Spiel hat nichts Virtuosenhaftes an sich, und
663 4076 1566 4123 Publikum die Begleitmusik in den Zwischenakten
1578 4077 2481 4117 Bissen füttert. Kleineleuteelend offenbart das mun¬
160 4054 642 4132 eigen“ geht, ist mit Er¬
3232 4105 3347 4152 Leist
2494 4095 3247 4153 berührt wohltuend; es ist die gediegene
664 4113 1558 4167 bänig totgeschlegen werde Mag dem ader ienemt,
1581 4114 2487 4152 tere Gevlauder des süßen Mädel, dom Mizzi
157 4110 647 4174 pollgestapft. Ginicelt
