3436 4384
912 139 1336 246 box 17//1
226 150 374 247 11.
413 158 746 265 Reigen
1512 646 1798 745 . Ke wir
240 655 1442 767 Prraßen, Mrschmecker Ener den Besbachterieun. Bergtagen
171 705 1815 809 und England sind die seltene und bedeutende Kunst des Umgangs mit Menschen von der
1828 775 3071 866 den Einläufen in den Wiener Theaterkanzleien glaube ich, daß von
539 814 1790 898 und dem Beamten nach einem gewissen Schlüssel getheilt. Das
1821 843 3066 920 den 1 600000 Einwohnern der österreichischen Kaiserstadt, mit Aus¬
546 868 1798 959 Ehrenbankhaus erhält das größere Theil, der Lump von Beamte
1830 884 3069 964 nahme der Säuglinge, Greise (über achtzig), Wäscherinnen, Fiaker,
544 935 927 1004 ein kleineres Theil.
1821 935 3070 1012 Hausmeister und Wagenthürl=Aufmacher, Alles dichtet. Aber nur
221 921 479 1028 Nachbruck verboten
608 950 1810 1044 Diese Enthüllungen machten Aufsehen. Man erfuhr zum ersten
1827 983 3070 1059 Theaterstücke. Der Wiener lebt, stirbt und dichtet für's Theater.
539 1015 1813 1095 Mal, daß es gut ist, sich die Taschen zuzuhalten, wenn man hier
1831 1037 3077 1115 Prinzen des aiserlichen Hauses, Aristokraten, Beamte und Militärs
542 1064 1807 1145 ein großes Bankhaus betritt. Von den kleinen Dieben soll nicht
1833 1078 3072 1162 aller Rangklassen, Juristen, Aerzte, Geistliche, Börsianer, Commis
549 1112 1808 1196 weiter gesprochen werden. Sie wurden verurtheilt. Ueber das
167 1112 538 1195 uartband geht in
1826 1128 3078 1205 und Handwerker — Alle schreiben Theaterstücke. Ich bitte, das
550 1157 1805 1240 große Bankhaus hat das große Publikum das Verdikt gesprochen.
160 1176 530 1246 elblatt trägt nicht
1826 1182 3072 1258 buchstäblich zu nehmen. Eingeweihte wissen von einem liebens¬
555 1210 1811 1284 Man erfuhr aus der Verhandlung, daß Leute, durch deren Finger
158 1230 532 1297 nannt. Auch der
1833 1224 3076 1312 würdigen jungen Erzherzog, der einen Einakter fix und fertig in
563 1258 1812 1337 im Jahre Millionen laufen, Monatsbezüge erhalten, die denen eines
156 1263 543 1356 Fremplar trägt eine
1827 1268 3076 1354 der Lade hat. Dichtende Aristakraten vom Kleinadel aufwärts
559 1307 1820 1390 gut bezahlten Tagelöhners gleichkommen. Es war dem Beamten
175 1319 533 1395 des Buches. Denn
1828 1320 3077 1398 irren als verkannte Dichter von Kanzlei zu Kanzlei. Man möchte oft
549 1359 1819 1429 anheimgestellt, sein Einkommen zu erhöhen. Er hatte blos den
171 1373 542 1443 idmet. Es ist für
1843 1376 3077 1452 so einem unglücklichen Aristokraten einen lobenden Zeitungsaus¬
552 1400 1813 1479 Kunden die Uhr oder die Börse zu ziehen, oder ihn entsprecheno beim
198 1422 534 1484 Menschen, die in
1848 1413 3088 1506 schnitt in die Hand drücken. Mit der Zeit geben sie es auf und
558 1453 1813 1533 Ein= und Verkauf zu betrügen. Dann theilten sie. ... Ist es
219 1466 533 1533 Schriftsteller und
1828 1468 3083 1546 werden dann Besitzer des strengen kritischen Areopags, welcher
553 1502 1808 1583 nicht bedauerlich, daß der große Bankier und seine Beamten nicht
194 1523 536 1583 verpflichteten sich,
1833 1504 3076 1595 Premièren knickt. Doch Dichten verdirbt die besten Menschen. Graf
560 1556 1124 1635 auch die Anklagebank theilten?
182 1567 531 1631 imdokumente eines
1839 1568 3091 1647 Markus Bombelles, der charmanteste Kavalier Oesterreichs, war
622 1575 1827 1671 Worüber man zur Stunde sonst spricht? Von der Hitze! Sie
174 1613 538 1688 hohe Gönnerschaft
1836 1610 3079 1694 einige Jahre hindurch als Bühnenschriftsteller gefürchtet. Er hat
553 1648 1821 1723 ist so arg, daß selbst Leute von Geschmack es nicht für entehrend
162 1666 533 1733 rt. Man zeigt es
1832 1653 3084 1748 jetzt die Musen an den Nagel gehängt und wird überrascht sein, wie
562 1695 1823 1770 halten, vom Wetter zu sprechen. Und bei dieser Hitze spielten die
186 1717 534 1786 ius, und se erlangt
1848 1711 3078 1798 herzlich die Wiener Gesellschaft ihn heuer wieder begrüßen wird,
567 1744 1816 1820 Mitglieder der sogenannten Berliner Sezessionsbühne. Nahezu drei
179 1763 543 1830 blizität. Jawohl,
1834 1758 3090 1838 wenn er zum Herbst wieder einrückt — zum ersten Mal nach langer
561 1792 1820 1867 Wochen sagten sie uns, daß sie nichts zu sagen haben. Sie gaben
181 1810 542 1880 Und das Büchlein
1836 1832 2410 1912 Zeit, ohne Dolch im Gewande.
572 1841 1817 1914 Stücke, welche bisher nicht für bühnenfähig galten. Und die Auf¬
181 1860 541 1929 undern wahr, zum
1902 1826 3090 1934 Alles sinnet, schreibt und dichtet! Unser Bürgermeister macht
562 1884 1823 1971 führungen ergaben, daß sie auch weiter nicht für bühnenfähig gelten
180 1914 551 1975 Leben. Nicht eine
1846 1908 3086 1983 eine rühmliche Ausnahme. Es ist genug, daß im Magistrate eine
564 1943 1822 2011 werden. Zwei Jugendarbeiten Ibsens, zwei Sachen des verträumten
192 1955 544 2025 ind suche mir ver¬
1837 1953 3091 2035 beträchtliche Anzahl von gefährlichen Bühnenschriftstellern sitzt. Er
560 1986 1818 2063 Maeterlinks und fünf andere Novitäten. Es war kein Vergnügen,
201 2002 547 2074 Wozu hat er das
1849 1997 3098 2091 selbst will reine Hände halien. Das ist nicht leicht für einen Mann
564 2035 1826 2131 diesen Vorstellungen anzuwohnen. Im Hause roch es immer nach
203 2053 552 2123 Ehr' geschrieben.
1838 2061 3090 2130 von so prononcirter Farbe. Er muß so viel Hände drücken, die
574 2078 1829 2159 Schweiß und Freibillets. Immerhin ein ehrendes Zeichen für die
173 2103 538 2180 rf diese verluderten
1837 2097 3102 2180 abfärben. Am Tage umarmt er Gesinnungsgenossen und wenn es
575 2133 1827 2209 Theaterlust der Wiener. Die Berliner hofften nicht, bei solcher
172 2155 543 2227 nsehr beschränkten
1847 2145 3101 2235 finster ist, die politischen Gegner. Jetzt hat er sich den Magen ver¬
564 2182 1822 2266 Temperatur so viel Freibillets an den Mann zu bringen. Den an¬
188 2202 543 2271 soll es alsos Ist
1846 2203 3102 2277 dorben. Ich glaube an den Gesinnungsgenossen. Die Aerzte haben
570 2224 1835 2307 genehmsten Abend brachte uns das Drama „Der gnädige Herr“ von
162 2262 545 2318 so bezeichnend, wie
1846 2245 3100 2335 ihn nach Karlsbad geschickt. Inzwischen reißt man in Wien zum so
569 2283 1828 2363 Frau Elsbeth Mayer=Förster. Das Stück wurde nicht ernst ge¬
191 2296 546 2374 ersteht das. Denn
1846 2294 3102 2377 und so vielten Male in allen Straßen das Pflaster auf, watet durch
573 2327 1824 2407 nommen. Aber die Dichterin! Eine Menge Theaternotizen, die
175 2349 558 2419 ender Schriftsteller
1859 2343 3098 2424 Staubwolken und schimpft über den Bürgermeister. Die aufge¬
563 2375 1828 2451 vorher aus der Direktionskanzui in die Redaktionen flatterten,
178 2401 549 2466 schildern, mit einer
1855 2394 3097 2474 rissenen Straßen sind nachgerade eine Wiener Spezialität geworden,
565 2423 1827 2498 meldeten sie persönlich anwesend. Und nun wollte man die persönlich
172 2451 556 2516 is dem Wege gehen.
1852 2443 3090 2520 und jeder Stein, den sie ausheben, wird dem Dr. Lueger nachge¬
578 2473 1834 2548 Anwesende auch sehen. Nach dem zweiten Akte wurde applaudirt.
191 2499 549 2563 er so thun mußte,
1863 2493 3108 2570 schleudert. Erst wurde das Kanalnetz rekonstruirt. Dann gab es
575 2523 1833 2598 Die Dichterin erschien. Sie trug ein helles Foulardkleid, mit hübsch
168 2545 557 2613 Empfleben, die eine
1851 2529 3100 2622 Aenderungen in der Wasserleitung. Wieder nach eine Weile wurden
571 2575 1830 2648 gearbeitetem Spitzenüberwurf, etwas Schleppe. Die Corsage ent¬
180 2598 550 2661 nten bieten wollte,
1853 2584 3109 2672 die Telephonkabel in den Schoß der Erde versenkt. Dann beschloß
570 2628 1835 2705 sprach der Facon des Kleides. Meine Logennachbarin versicherte
178 2647 555 2712 Zweck unterscheiden,
1855 2633 3108 2716 der Bürgermeister, ein kommunales Gaswerk zu bauen. Zwei Jahre
580 2669 1829 2742 mich, daß das Kleid sehr chic gemacht sei. Die Dichterin fand somit
212 2699 560 2758 Das ist ihm nicht
1854 2686 3115 2764 lang wandelte man durch offene Straßen. Das mächtige neu¬
569 2721 1836 2793 bei den Damen Anerkennung. Die Männer fanden die Dichterin sehr
181 2723 551 2805 hnen geboten, eine
1850 2731 3112 2822 Röhrennetz wurde versenkt. Und jetzt werden die Straßen wieder
576 2766 1838 2839 niedlich, sehr hübsch. So bereiteten ihr Weib und Mann einen herz¬
160 2798 561 2862 Ein verbotenes Buch,
1852 2783 3111 2862 aufgerissen. Die alte Gasgesellschaft gräbt ihr Röhrennetz aus.
583 2815 1831 2890 lichen, persönlichen Erfolg. Um das Stück kümmerte man sich nicht
1850 2824 3112 2912 Kein Ackerfeld wird so fleißig umgegraben, als die Wiener Stadt.
178 2832 549 2907 us Beruf zustecken,
573 2871 1835 2937 weiter. Es war zu nichtssagend. Eine Marlitterei, mit realistischem
1856 2880 3114 2962 Der Straßenwitz lebt seit Jahren davon, die Volkssänger beziehen
171 2893 564 2956 n“ gelangt, die sich
588 2915 1840 2989 Aufguß. Das paßte ie Marzipan zu einer Fleischbrühe. Niemand
1864 2926 3120 3008 sämmtliche Coupletstrophen aus den Lueger=Minen. Und was die
147 2937 559 3011 ll.... Aber eine
572 2962 1833 3038 hat ihr das Stück übel genommen. Wenn man so hübsch ist, muß
1861 2971 3122 3057 kosten! Sämmtliche Minen Transvaals bergen nicht so viele
576 3011 1843 3094 man keine Theaterstücke schreiben können. Zu beanstanden wäre
169 3005 562 3104 hr der Prozeß eines
1861 3026 3115 3108 Millionen, als die Wiener Gruben gekostet haben. Aber nun leuchtet
578 3063 1836 3132 nur, daß man sie doch schreibt, wenn man sie nicht schreiben kann.
183 3086 559 3148 des Bankhauses de¬
1859 3072 3113 3158 hell und strahlend das kommunale Gaslicht, und der Bürgermeister
579 3110 1835 3188 Doch in dieser Beziehung steht Frau Elsbeth Mayer=Förster nicht
1862 3121 3124 3206 hat für das Stadtmuseum ein Oelgemälde bestellt, welches den
160 3125 568 3191 ten sie an der Börse.
586 3158 1838 3232 vereinzelt da. Ihr Gemahl geht ihr mit bösem Beispiel voran.
216 3181 559 3248 Man hätte nicht
1859 3165 3121 3253 Kampf des alten mit dem neuen Gaslicht allegorisirt. Guter Witz!
584 3206 1845 3278 Und was erst in Wien geschrieben wird. Zeitweilig tritt die
187 3222 561 3299 kamen aber kuriose
1856 3247 1995 3323 Was?
587 3253 1833 3326 Dichteritis hier epidemisch auf. Menschen, die sonst gesuno aus¬
1916 3256 3114 3343 Die absichtlichen Witze sind immer die besten. Die Direktion der
189 3276 563 3348 ößten Wiener Bank¬
589 3302 1847 3373 sehen, werden plötzlich von der galoppirenden Schreibesucht erfüllt.
169 3329 571 3391 ach freiem Ermessen
585 3310 3126 3434 Das Leiden soll unheilbar sein. Und es grassirt leider. Nach Staatsbahnen hat einen solchen gemacht. Ein Erzherzog wurde
184 3380 559 3462 wischen dem Banlier
