3336 4416
-5 2020 49 2088 921
606 241 1430 333 Freitag, 11. Februar 1921
2417 252 2882 352 71. Jahrgang.
-7 323 180 402 ate 1 10
295 328 1044 414 Srenenen ier dir renine entun 1 12
1114 325 2841 426 Serellen. 1 benerntene ie. Tenenen ine ier den Serenele. Tenen 1enie dun den Aerene velten
-13 399 2247 437 ation, Expedition und Ankündigungsbureau: . Schulerstraße 14, Telenbon 360¼. — Druckerei: I. Schulerstraße 14. 12 Uhr=Blan der „Wr Allg. Zeitung“
1555 506 1684 646 66
904 686 1528 801 Reigen
1616 713 1697 794 240
1910 693 2657 797 Rödlen.
379 698 913 813 Ser ))
150 777 1010 934 Ein Verfassungskonflikt.
1062 777 2881 939 Einstellung der weiteren „Reigen“=Aufführungen
136 908 1433 1030 durch das Staatsamt des Innern.
1565 937 2874 1029 Der desavouierte Durgermeister.
1150 1006 1955 1093 Der „Reichspost“ zufolge hat sich nun
1981 1007 2873 1095 müsse gegen den „Reigen“ Dedenken begen,
129 1020 1045 1120 Einstellung der Vorstellungen
1062 1069 1951 1140 die Regierung — das Blatt nennt lein be¬
1987 1085 2876 1130 weil die Zuschauer sich die Vorgünge wäh¬
356 1094 806 1184 von heute an.
1062 1121 1945 1184 stimmtes Staatsamt, aber der Sache nach
1980 1131 2878 1192 rend der Verdunielung der Bühne als sich
1058 1176 1944 1232 muß das Staatsamt für Inneres
1984 1178 2882 1246 abspielend denten müssen. In dieser Hinsicht
232 1165 1037 1240 10 Uhr. Von der Polizeidirek¬
1060 1222 1951 1278 gemeint sein — vor einigen Tagen neuer¬
1984 1229 2878 1286 wäre wohl etwa „Romeo und Julia“, noch
143 1222 1023 1293 tion erfahren wr soeben, daß im Lause der
1070 1271 1945 1324 lich an Bürgermeister Reumann
1979 1274 2787 1355 pornographischer als der „Reigen“...
136 1285 1033 1372 Vormittagsstunden durch das Bundes¬
1071 1312 1948 1373 mit dem Ersuchen gewendet, seine Erlaubnis
137 1342 1039 1421 ministerium für Inneres eine
2028 1322 2828 1428 Was wird nun. geschehen?
1063 1364 1949 1421 zurückzuziehen. Reumann hat dies ab¬
136 1399 1036 1464 Weisung an die Landesregierung ergehen
1062 1410 1945 1488 gelehnt und die in der Verwaltungs¬
2080 1390 2877 1474 Die Fraze ist nun, ob tatsächlch, wie
1070 1450 1503 1529 geschichte Oesterrrichs
1978 1457 2869 1514 der Rezierungserlaß vorschreibt, die Auf¬
134 1460 1028 1530 wird, die getroffene Entscheidung, die die Auf¬
1131 1484 1894 1566 einzig dastehende Tatsache
1989 1507 2872 1569 führungen des „Reigen“ mit dem heutigen
142 1511 1022 1578 führung des „Reigen“ gestattete, zu rea¬
1058 1531 1952 1609 ist nun die, daß die Regierung über den
1994 1557 2874 1607 Tage ihr Ende finden. Es ist nicht ausge¬
144 1568 1038 1649 sumieren und die Einstellung der
1064 1596 1938 1651 Kopf des Bürgermeisters hin¬
1986 1604 2875 1663 schlossen, daß der Büegermesster von Wien,
146 1627 1029 1705 „Reigen“= Aufführungen von
1063 1645 1944 1728 meg die Einstellung der „Reigen“.
1986 1654 2875 1702 dessen Zensurbeamte nach einer eigens für
1065 1692 1763 1767 slufführungen verfügte.
136 1674 910 1773 heute Abendab zu verfügen.
1986 1684 2877 1757 sie abgehallenen Generalprobe ihre Zustim¬
1979 1756 2873 1822 mung zur Aufführung des „Reigen“ ge¬
1059 1736 1926 1833 Was die „Arbeiter-Zeilung“
1984 1778 2867 1854 geben haben, eingreift und de Ver¬
1433 1817 1590 1898 sagt.
1996 1843 2862 1905 ügung der Regierung als ungesetzlich
230 1811 1038 1902 Das Verbot der „Reigen“=Auf¬
1977 1888 2860 1972 er.lürt. D reiter Bernau stünde dann sozu¬
1149 1869 1945 1952 Damit scheint der Fall eines Ver¬
136 1877 1033 1953 führungen, das von parteiossiziöser Seite seit
1978 1937 2568 2006 agen zwisch en zwei Erlässen.
1055 1942 1935 1993 verfassungskonstüts gegeben und es ist inter¬
135 1943 1032 1992 einigen Tagen ionsequent angelündigt wor¬
2078 1959 2872 2046 Das Verbot trifft natürlich das be¬
129 1988 1034 2052 den ist, ist nun doch zur Tatsache gewoorden.
1064 1989 1945 2051 essant, zu diesem Thema den heutigen
1988 2021 2868 2089 troffene Theoterunternehmon sehr schwer, da
1058 2049 1935 2102 „Reigen“=Artilel der „Arbeiter.
143 2036 1023 2090 Die Regierung der Republik Oesterreich hat
1983 2080 2877 2140 die sogenannten Vernau=Bühnen mit dem
1064 2082 1944 2141 Zeitung“ zu lesen, die übrigens von der
140 2080 1031 2144 den jedenfalls zweiselhaften Ruhm auf sich
1993 2127 2865 2186 „Reigen“ ein Zugstück gevonnen hatten,
1067 2128 1945 2209 Tatsache des Verbotes noch nichts weiß. Die
962 2136 1038 2186 der
138 2130 956 2193 gezogen, als einzige Behörde neben
1982 2179 2868 2224 das ihnen ermöglichen sollte, für die nächste
1066 2188 1689 2246 „Arbeiter=Zeitung“ führt aus:
131 2185 1022 2238 Münchner Polizei Schnitzlers „Reigen“ als
1676 2173 1960 2249 „ . dast
1992 2219 2875 2283 Zeit den derzet enormen Tagesetat, der bis
1056 2211 1950 2287 die Entscheidung über die Zulassung der
144 2229 1025 2297 die öffentliche Sittlichkeit und
1986 2269 2877 2354 geren 80.000 Kronen angeschwollen ist, zu
1066 2264 1944 2328 Aufführung eines Theaterstückes ausschließ¬
144 2266 1033 2342 Ruhe gefährdend zu erklären. Die
1982 2318 2122 2380 decken.
1058 2311 1957 2381 lich der politischen Landesbehörde zusteht.
134 2324 1023 2380 weiteren Vorstellungen des „Reigen“ in den
1061 2352 1947 2422 Der Minister des Innern kann nut
145 2362 1023 2427 Kammerspielen sind untersagt worden
2013 2372 2824 2475 Landeshaupimann Bürger¬
1056 2420 1950 2476 gegen ein Verbot der Landesbehörde
140 2417 1032 2469 und dieses Verbot hat außerdem eine admini¬
1070 2463 1953 2539 angerufen werden, keineswegs gegen ihre die
142 2467 1023 2538 strative Vorgeschichte sehr sonderbarer Art
2153 2448 2701 2540 meister Reumann
1786 2512 1948 2570 Ent¬
1064 2497 1745 2561 Aufführung zu lassede
139 2505 771 2585 und von politischer Bedeutung.
1977 2509 2874 2593 hatte die Frenndlichkeit, einen unserer Mit¬
235 2571 1026 2642 Entgegen den Medlungen aller anderen
1978 2582 2864 2668 arbeiter zu empfangon und äufert sich fol¬
1059 2609 1950 2659 Magistrat als politische Landesbehörde, in
139 2628 1022 2681 Wiener Blätter hatte bereits gestern abends
1984 2638 2266 2708 gendermaßen:
1064 2654 1947 2713 letzter Hinsicht der Wiener Bürger¬
136 2675 1030 2734 das offiziöse Parteiabendblatt der Christlich¬
2062 2652 2864 2750 „Ich habe bis zur Stunde keine
1058 2703 1944 2770 meister als Landeshauptmann ven
144 2722 1033 2789 sozialen, die „Wiener Stimmen“, zu melden
1984 2720 2881 2785 Meldung derüber erhalten, daß das
1064 2734 1944 2810 Wien als Bundesland. Die politisch:
139 2769 506 2851 gewußt, daß das
1978 2774 2872 2833 Bundesministerium des Innern
1058 2799 1944 2874 Landesbehörde hat mit dem Bescheid vom
1982 2826 2870 2896 die Aufführung das „Reign“ verboten
1066 2846 1943 2902 12. Jänner die Zulassung zur Auf¬
149 2825 1032 2930 Verbot des „Reigen“ auf dem
1064 2872 1949 2951 führung des „Reigen“ ausgesprochen.. Da.
507 2893 675 2971 Wege
1985 2918 2874 2980 wird #s Gache des Ri####iums sein, die
1057 2943 1951 3021 mit ist rechtlich die Sache erledigt
1982 2971 2871 3021 Rechtsgründe aneshten, be seiner
155 2945 1024 3028 ei. Im Verlaufe der Ausführungen dieses
1064 2992 1152 3053 und
1980 3016 2871 3078 Ansicht nach ein solches Verbot stützen.
137 3021 1025 3080 Blattes fand sich auch die bezeichnende Wen
1096 3009 1912 3095 der Minister des Innern hat
1981 3065 2864 3121 Ich worde jedenfalls, sobald ich von dem
138 3068 1030 3127 dung, die christliche Wiener Jugend würde
1197 3084 1851 3137 dabei gar nichts zu tun,
1975 3113 2869 3161 Verbot amtlich Konntnis erhalten werde,
147 3115 1030 3171 schon wissen, was sie gegen eine Fort¬
1054 3118 1948 3189 jedes wie immer geartete Eingreisen ist ihm
1977 3156 2871 3237 die Schritte degegen unternehmen,
144 3163 1027 3224 setzung der „Reigen“=Aufführungen zu tun
1058 3183 1946 3248 versatt.“ Die „Arbe etr=Zeitung“ berichtet
1978 3190 2532 3277 die mir geboten erscheinen.“
128 3224 1031 3269 habe. Also ein mehr als offenes Eingeständ.
1068 3231 1948 3283 auch über das Ersuchen der Regierung um
133 3264 1025 3321 nis, von welcher Seite vie sogenannten De¬
1067 3280 1942 3333 ein nachträgliches Verbot an den
2171 3259 2694 3364 Direklor Bernau
134 3307 1031 3372 monstrationen gegen den „Reigen“ in¬
1068 3326 1943 3383 Bürgermeistee und erzählt, daß es sich um ein
1978 3319 2872 3409 erklärte einem unserer Mitarbeiter, daß ihm
130 3360 890 3427 zeniert, respektive gefördert wurden.
1062 3373 1942 3432 Schreiben handle, das Bundesminister
1984 3395 2865 3452 von einer Einstellung der „Reigen“¬
1066 3422 1952 3483 Glanz an Reumann gerichtet habe. Die
231 3401 1033 3479 Die heutigen christlichsozialen Blätter
1982 3439 2874 3500 Aufführungen absolut nichts
1066 3469 1944 3522 „Arbeiter=Zeitung“ nennt den Inhalt dieses
146 3470 1021 3539 („Reichspost“ und „Deutsches Volksblatt“)
1978 3499 2869 3552 bekannt sei, vielmehr sprach er gestern
1069 3519 1943 3571 Schreibens ein „Ansinnen“ und erwidert
143 3516 1024 3583 berichten bereits von dem voll¬
1976 3532 2868 3597 mittogs beim Polizeipräsidenten Schober
1058 3566 1950 3624 sehr scharf auf dieses Schreiben, indem sie es
125 3561 1020 3636 zogenen Verbot. Besonders inter¬
1992 3589 2855 3647 vor, der ihm erklärt:, daß das Bundes¬
1063 3617 1946 3670 ablehnt, Herrn Dr. Glanz als Dolmetsch des
137 3606 1026 3684 essant sind die Mitteilungen der
1986 3620 2861 3697 ministerium für Inneres für die Einstellung
1071 3659 1942 3716 Wiener Velksempfindens auftreten zu sehen.
131 3656 1020 3726 „Reichspost“. Bekanntlich hat sich seiner¬
1976 3666 2555 3767 der „Reigen" Aufführungen
1066 3707 1952 3767 Ferner weist sie es zurück, daß sich Herr
140 3709 1031 3776 zeit die Polizei gegen eine Aufführungs¬
2196 3714 2652 3806 nicht kompetent
1058 3759 1958 3815 Dr. Glanz in jenem Schreiben auf de
140 3759 1032 3821 erlaubnis für den „Reigen“ ausgesprochen.
1983 3789 2872 3862 sei, sondern daß ein Verbot ausschließlich
1063 3805 1716 3878 Stimmen der Kritiker beruft.
133 3808 1024 3861 Bürgermeister Reumann, der als Lan¬
1987 3840 2857 3912 in den Machtbereich der Landesregie¬
1156 3850 1933 3922 Nach dem Zitat der „Arbeiter=Zeitung“
139 3856 1028 3911 deshauptmann von Wien jedoch heute die erste
1984 3888 2870 3949 rung, bezithungsweise des Landes¬
1071 3883 1943 3957 hat Bundesminister Glanz tatsächlich merk¬
145 3901 1037 3958 Wiener Zensurbehörde darstellt, hat auf den
1989 3922 2877 4001 hauptmannes Bürgermeister
1070 3947 1953 4006 würdige Gründe für das Verbot vorgebracht.
146 3954 1029 4028 Rekurs des Direktors Bernau hin die
1981 3989 2370 4056 Reumann falle.
1061 3996 1950 4055 Droll'g ist die Bemerkung des Ministers, man
137 3994 669 4070 Aufführung gestattet.
1055 4116 1950 4199 Die tschechische Kohlenförderung
2061 4096 2754 4222 Die Unterwerfung
245 4107 921 4219 Nur zwei Kronen!
1098 4187 1916 4257 Erhebliche Steigerung im Vor¬
237 4193 941 4263 Bei Reisen nach Tschechien.
1425 4233 1592 4272 fahre.
2302 4204 2510 4307 dnern
