3436 4352
255 126 398 202 11.
955 111 1371 205 box 18/3
453 133 769 229 Reigen
584 341 1285 461 Neus freie Presse, Wien
989 477 1228 586 3 1925
429 562 1379 653 Schnitzlers „Reigen“ in Kopenhagen.
405 637 1404 709 Ein Protest des Dichters gegen unbefugte
721 684 1079 758 Uebersetzungen.
531 741 1274 805 Telegramm unseres Korrespondenten.
992 787 1433 854 Kopenhagen, 9. Mai.
416 833 1468 888 Unter eigenartigen Umständen gelangte heute abend Artur
334 874 1460 937 Schnitzlers „Reigen“ im Kopenhagener Betty¬
335 920 1458 968 Nansen=Theater zur Erstaufführung. Der Theaterzensor
334 965 1465 1014 hatte ursprünglich die Aufführung untersagt, jedoch, nachdem die
328 1008 1456 1052 Theaterleitung sich zu einschneidenden Kürzungen bequemt hatte,
337 1044 1458 1104 die Erlaubnis zur Aufführung erteilt, wobei jedoch die Be¬
340 1080 1468 1135 dingung gestellt wurde, daß eine hervorragende literarische Per¬
333 1130 1466 1188 sönlichkeit bei der Erstaufführung einen einleitenden Vortrag
338 1175 1466 1218 halten solle. Den Dichter hat man bei den sehr wesentlichen
347 1215 1465 1265 Streichungen nicht zu Rate gezogen. Man ist sogar nicht einmal
339 1259 1462 1304 um seine Einwilligung eingekommen. Dies veranlaßte die
342 1294 1470 1352 Kopenhagener Mittagszeitung „Extrablaaded“ dazu, Schnitzler
340 1340 1464 1397 telegraphisch darüber zu befragen. Hierauf erhielt „Extra¬
335 1381 1460 1434 blaaded“ die Drahtantwort von Schnitzler, er sei von der
340 1419 1466 1477 Direktion des Betty=Nansen=Theaters nicht verständigt worden
339 1466 1474 1514 und protestiere auf das schärfste gegen jede
327 1510 1465 1566 von ihm nicht autorisierte Textänderung.
961 1660 1359 1763 Prager Tagblatt
963 1789 1315 1882 0. Mal 1925
475 1885 1397 1951 Um Schnitzlers „Reigen“ Kopenhagen, 9. Mai.
472 1946 1402 2000 Im Betty Nansen=Theater hatte heute Schnitzlers
471 1990 1388 2031 „Reigen“ zur dänischen Erstaufführung. Der Theater¬
476 2018 1392 2076 zensor hatte ursprünglich die Aufführung untersagk,
477 2056 1385 2107 später jedoch unter Vornahme einschneidender Kür¬
470 2091 1390 2146 zungen gestattet. Er stellte die Bedingung, daß eine
477 2133 1396 2191 hervorragende literarische Persönlichkeit bei der Erst¬
468 2176 1386 2227 aufführung einen Vortrag halten sollte, in dem daraus
471 2208 1401 2256 aufmerksam gemacht werde, daß die Tendenz des
471 2238 1390 2301 Stückes moralisierend und sittlich sei. Anfangs dachte
475 2293 1396 2332 man an Schnitzler selbst, dann aber bestimmte man
484 2326 1389 2377 den Literaten Dr. Paul Levin. Bei den sehr wesent¬
476 2368 1397 2407 lichen Streichungen des Stückes hatte man den
476 2401 1386 2450 Dichter nicht zu Rate gezogen. Dies veranlaßte die
1307 2435 1403 2485 dazu,
482 2439 1278 2484 Kopenhagener Mittagszeitung „Extrabladet“
481 2475 1388 2519 Schnitzler telegraphisch von der Verballhornung seiner
475 2512 1388 2560 Arbeit in Kenntnis zu setzen. Schnitzler erwiderte,
476 2549 1389 2599 daß er von der Direktion des Theaters nicht verstän¬
469 2586 1389 2641 digt worden sei und aufs schärfste gegen jede von
482 2615 1394 2674 ihm nicht autorisierte Textänderung protestiere. Trotz
478 2671 1392 2711 des veröffontlichten Protestes wurde heute abend der
480 2709 1399 2751 „Reigen“ bei erhöhten Preisen vor ausverkauftem
477 2738 1395 2785 Hause aufgeführt. Die Vorstellung war vorzüglich
486 2778 1398 2830 inszeniert, da die Streichungen jede Möglichkeit zum
486 2816 1397 2862 Anstoß nahmen, wurde das Stück mit starkem Bei¬
485 2846 1406 2919 fall ausgenommen. Die Kopenhagener Presse hat sich
486 2887 1266 2954 scharf gegen den Theaterzensor ausgesprachen.
623 3054 1260 3151 Berliner Börsenseitung
868 3121 1244 3219 12. Mai 1925
537 3250 1439 3310 Schnitzlers „Reigen“ in Kopenhagen. Unter
1312 3284 1440 3332 Schnitz¬
389 3287 1284 3356 eigenartigen Umständen gelängte am Sonnabend
791 3324 1441 3377 im Kopenhagener Betty¬
480 3340 730 3401 „Reigen'
403 3351 479 3400 ers
398 3360 1441 3431 Nansen=Theater zur Erstaufführung. Der Theater¬
395 3401 1446 3476 zensor hatte ursprünglich die Aufführung untersagt, jedoch,
401 3440 1444 3512 nachden die Theaterleitung sich zu einschneidenden Kürzun¬
405 3473 1449 3551 gen bequemt hatte, die Erlaubnis zur Aufführung erteilt,
404 3514 1445 3588 wobei jedoch die Bedingung gestellt wurde, daß eine hervor¬
399 3551 1442 3625 ragende Literarische Persönlichkeit bei der Erstaufführung
405 3589 1445 3658 einen einleitenden Vortrag halten solle. Den Dichter hat
406 3634 1445 3697 man bei dem sehr wesentlichen Streichungen nicht zu Rate
404 3666 1450 3744 gezogen. Man ist sogar nicht einmal um seine Einwilligung
408 3705 1454 3775 eingekommen. Dies veranlaßte die Kopenhagener Mittags¬
409 3743 1453 3814 zeitung „Extrablaaded“ dazu, Schnitzler telegraphisch
412 3780 1456 3849 darüber zu befragen. Hierauf erhielt „Extrablaaded“ die
414 3820 1460 3887 Drahtantwort von Schnitzler, er sei von der Direltion des
413 3859 1460 3924 Betty=Nansen=Theaters nicht verständigt worden und pro¬
419 3890 1460 3970 testiere auf das schärfste gegen jede von ihm nicht
403 3955 892 4026 autorisierte Textänderung.
2296 523 2738 624 Berliner Tageblatt
2309 676 2620 773 7 Mai 1925
2069 842 2291 934 Pastorale.
2652 892 2900 956 Kopenhagen.
2536 898 2652 954 4O
2124 927 2930 996 Für alle Dinge dieser geschauten Welt gibt es
2069 983 2936 1038 bekanntlich eine „Tages=“ und eine „Nachtansicht“
2077 1029 2935 1084 wie G. Th. Fechner, weiland Philosoph in Leipzig,
2067 1068 2932 1114 das bekannt hat. Auch das Kopenhagener „Kri¬
2062 1111 2933 1165 steligt Dagblad“ hat die Kehrseite des Tages
2070 1153 2931 1205 entdeckt und erscheint hinterwärts jetzt als un¬
2068 1196 2934 1246 christliches Nachtblatt. Es hat sich mit dem Eifer
2070 1238 2933 1286 lange unterdrückter Triebe auf das Kopen¬
2065 1284 2932 1328 hagener Nachtleben gestürzt, und jeden
2075 1323 2935 1392 Morgen findet der Leser eine Orgie in den
2066 1366 2935 1418 Spalten. Abend für Abend sendet das Blatt seine
2076 1408 2934 1460 pastoralen Mitarbeiter in die Nachtklubs und son¬
2077 1455 2936 1503 stigen grauenvollen Lust= und Lasterstätten, damit
2074 1495 2935 1552 sie die selbst gesehene, selbst erlebte, bar bezahlte
2076 1537 2933 1593 Unsittlichkeit in langspaltigen, detaillierten und
2077 1579 2932 1628 minutiösen Schilderungen enthüllen. Die Abon¬
2079 1631 2936 1674 nentenzahl hat sich erfreulich gehoben. Das Haupt¬
2066 1675 2929 1720 kontingent an Damen in diesen Nachtklubs stellen,
2071 1710 2938 1764 wie das Blatt herausgefunden hat, neben den offi¬
2080 1747 2931 1800 ziellen Nachtdamen und den Frauen der guten Ge¬
2070 1784 2931 1849 sellschaft, die — man denke! — mit ihren Ehe¬
2054 1834 2936 1905 männern dort hinzugehen pflegen, die Chor¬
2062 1934 2918 1985 damen der diversen Revuetheater dar, die
2064 1972 2919 2041 Kopenhagen besitzt. Und nun befaßte sich das
2055 2026 2908 2081 „Kristeligt Dagblad“ eingehend mit der Moral ge¬
2051 2064 2908 2124 nannter Chordamen und konstatierte auf Grund
2063 2104 2907 2163 ubtiler Forschungen, daß die Moral dieser Damen,
2055 2148 2911 2207 ob aus Not, ob aus Vergnügen, nicht immer un¬
2053 2194 2901 2251 antastbar sei. Das konnte der Leiter des größten
2049 2228 2901 2295 Revuêtheaters, der „Skala, nicht auf sich sitzen
2048 2273 2912 2323 lassen, er erklärte, daß besagte Chordamen weder
2052 2319 2909 2377 aus Not, noch aus Vergnügen, also überhaupt nicht
2050 2362 2899 2417 unmoralisch seien, erstens würden sie gut bezahlt,
2044 2399 2898 2456 am Theater nämlich, und zweitens seien es alle
2048 2442 2902 2507 fleißige, sinnige Bürgertöchter, es befärden sich so¬
2039 2489 2896 2547 gar — tableau — einige Pastorentöchter
2047 2533 2905 2590 darunter. Das war natürlich ein harter
2036 2567 2902 2625 Schlag für das „Kristeligt Dagblad“, und man
2040 2612 2893 2685 darf annehmen, daß es in Zukunft seinen eifernden
2037 2655 2624 2714 Wissensdrang etwas zügeln wird.
2094 2699 2892 2759 Man sollte überhaupt die Moral auf den Kopen¬
2045 2730 2895 2805 hagener Bühnen nicht so sehr bezweifeln. Wie die
2044 2789 2891 2840 neueste Revue mit dem Titel die „Rose lodert“
2079 2830 2891 2883 was durch eine große Anzahl schlanker, idyllisch¬
2034 2873 2888 2926 unbekleideter Beine überzeugend veranschaulicht
2037 2909 2885 2965 wird — harmlos und friedlich erheiternd als die
2030 2953 2891 3010 reinste Pastoralsinsonie erscheint, so wird nun auch
2028 2992 2896 3057 im Betty=Nansen=Theater Schnitzlers
2026 3040 2885 3099 „Reigen“ moralisiert vorgeführt werden. Erst
2036 3080 2889 3141 hatte der Zeusor die Allfführung glatt verboten,
2030 3122 2889 3186 doch die schimmernden Tränen Betty Nansens und
2032 3164 2889 3222 ihr bestrickendes Lächeln gewannen ihn dazu, sich
2027 3206 2889 3270 das Stück vorspielen zu lassen. Er war ergriffen,
2023 3247 2884 3304 vermochte sich indessen nicht sofort zu entscheiden,
2018 3294 2882 3352 sondern meinte, daß der Eindruck zunächst be¬
2019 3336 2876 3395 schlafen werden müsse. Er beschlief die Sache, er
2024 3378 2885 3428 schlief gut, und am nächsten Morgen gab er die
2020 3418 2890 3474 Aufführung des Stückes frei. Allerdings mit
2021 3463 2881 3525 einer Bedingung: es sollte vor jeder Vorstellung
2014 3500 2885 3560 ein Aufklrungsvortrag gehalten werden.
2003 3549 2785 3605 der die Moral des Stückes auseinandersetzt.
