3392 4224
966 126 1340 218 box 17
269 130 764 233 11. Reigen
271 1275 1206 1344 Kohle, also das Heizmaterial der na¬
272 1343 1198 1400 tionalen Industriebetriebe auch „national“ also
267 1385 1202 1470 ungarischen Ursprungs sei. Die Energie, mit der
416 1534 1091 1638 Jeuilleton.
267 1670 1197 1756 Ein neues Buch von Arthur Schnitzler.
377 1755 1213 1829 Vor einigen Tagen ist im Wiener Verlage ein
274 1807 1207 1869 neues Buch von Arthur Schnitzler erschienen. Es
285 1854 1207 1909 iennt sich „Reigen“, zehn Dialoge. Neu ist das Buch
277 1900 1204 1963 eigentlich nicht. Im Winter 1896/1897 ließ es der
283 1962 1208 2012 Verfasser als Manustript für seine Freunde drucken.
274 1997 1201 2066 Er schrieb damals in der Einleitung: „Ich glaube
273 2052 1209 2107 der Wert dieser Szenen liegt anderswo als darin, daß
278 2092 1203 2154 ihr Inhalt den gelienden Begriffen nach die Veröffent¬
279 2139 1208 2204 lichung zu verbieten scheint. Die geltenden Begriffe!
278 2190 1206 2256 Was wird alles in deutschen Landen, von Frankreich
288 2237 1201 2298 und England gar nicht zu reden, gedruckt, was diese
271 2287 1212 2350 Büchlein an Kühnheit und Freiheit übertrifft! Und
281 2338 1208 2402 andererseits wie turmhoch steht „Reigen“ über der
288 2393 1206 2450 ganzen erotischen Literatur der letzten zwei Jahr¬
284 2442 1208 2499 hunderte! Man kann höchstens die graziösen Poeten
284 2492 1203 2542 des achtzehnten Jahrhunderts zum Vergleich heran
287 2530 1218 2594 ziehen; die ersetzten aber meistens durch Lüsternheit
291 2573 1216 2638 und gesuchte Frivolität, was ihnen an schlagendem
281 2626 1209 2688 Witz abgieng. Und von psychologischer Menschen¬
288 2680 1208 2738 beobachtung sucht man in diesen Schaumschlägern der
287 2729 1207 2781 Zweideutigkeit vergebens eine Spur. Nein, Schnitzlen
289 2777 1218 2835 hat keinen Vorgänger. Sein Buch ist einzig in seiner
291 2819 1217 2877 Art, ja klassisch in seiner Art. Es ist voll Weisheit
294 2861 1213 2921 und Witz, voll Anmut und Schärfe. Jedes Indivi¬
281 2911 1235 2987 duum ist echt und wahr, mit äußerstem Reglismus
1809 1216 2156 1294 — —
1239 1257 2165 1337 werthe Vorkehrung zu Gunsten der heimischen
1231 1327 2173 1385 Arbeit trifft. Aber es fehlt an der organischen
1235 1375 2157 1446 Durchbildung, es mangelt an bindenden Gesetz¬
1238 1502 2159 1578 gezeichnet und doch ist jedes Individuum wieder ein
1239 1562 2165 1621 Typus, in seiner Weise gleichsam eine ideale Gestalt.
1238 1616 2164 1675 In diesen kurzen zehn Dialogen steht mehr über die
1245 1660 2159 1722 Physiologie und Psychologie der Liebe als in den tief¬
1236 1714 2161 1770 sinnigsten und vieldeutigsten Abhandlungen. Und wer
1235 1760 2162 1821 die Liebe erkennt, erkennt die Menschen, und wer die
1246 1808 2167 1862 Menschen kennt, sieht in den Mechanismus, der das
1239 1850 2159 1909 Leben heißt, oder die Welt. „Reigen“ nennt der
1241 1908 2155 1962 Dichter sein Buch. Es ist wie ein neckisches Gegen¬
1243 1961 2160 2005 stück zu den einst so beliebten Totentänzen. Eine
1237 2005 2159 2059 Reihe von Liebestänzen ist es. Paar dreht sich um
1239 2056 2172 2103 Paar und alles wirbelt um die große Flamme, an
1247 2098 2171 2155 er sich seit Anbeginn der Zeiten die Menschheit
1249 2148 2166 2204 väumt, die allen Entwicklungswegen leuchtet, die
1248 2189 2168 2248 Nächte erhellt und lockend immer wieder Opfer heran¬
1253 2240 2166 2300 ieht, die in ihr verbrennen. Altarfeuer und zehrender
1237 2283 2161 2344 Brand, Leuchtturm im Ozean des Lebens, wütende
1240 2334 2158 2396 Feuersbrunst, die keine Schonung kennt, Irrlicht und
1239 2388 2160 2441 Herdfeuer, das alles ist die Liebe. Man könnte sie den
1249 2429 2164 2492 Sinn und die Weisheit des Lebens nennen und man
1245 2478 2160 2539 irrt auch nicht, wenn man sie Narrheit und Unsinn
1256 2531 2160 2586 chilt. Alle, die sie segnen, haben Recht, und alle, die
1249 2584 2167 2633 hr fluchen, nicht minder. Sie ist die Quelle aller
1242 2613 2172 2679 Tragik, und dabei zugleich das Komischeste, was es
1242 2673 2158 2737 gibt. Sie ist göttlich und teuflisch, himmlisch und ge¬
1245 2730 2169 2776 mein, sie verkörpert das Tier im Menschen und sie
1241 2767 2170 2827 erhebt ihn über die Erde. Weit über die Erde hebt sie
1246 2818 2168 2874 den Menschen empor auf blauen, leuchtenden Flügeln,
1252 2863 2159 2926 eren Spitzen getaucht sind in Himmelsgluten und sie
1241 2917 2174 2992 stürzt ihn herab in Kot und SImutz. Unser ganzes
3011 1160 3122 1244 OOtft,
2358 1202 3127 1309 ##w gewinnt, sondern Alle ver¬
2209 1284 2344 1346 pielen.
2194 1488 3126 1571 Leben dreht sich um den einen Punkt, aus dem
2190 1564 3120 1623 der Menschheit und nicht nur der Frauen Weh und
2201 1611 3120 1667 ch, so tausendfach, nach Goethes Rezept zu kurieren
2192 1659 3128 1719 ist. Aber es schickt sich nicht, von diesem Punkte laut
2193 1709 3119 1759 zu reden. Schnitzler hat nun die Frechheit, das zu
2195 1753 3128 1802 tun. Und rrotzdem wird es gewiß eine Menge Leute
2191 1801 3127 1859 geben, nicht nur Dummköpfe und Tartüffes, die ihm
2201 1851 3121 1905 das Erscheinen dieses Buches im Handel bitter und
2194 1899 3120 1958 vielleicht nicht mit Unrecht verübeln werden. Denn
2197 1943 3126 2003 Eines ist sicher: Es ist keine Lektüre für unreife Men¬
2199 1993 3117 2053 schen, es ist ein Buch für sehr Erwachsene. Aber auch
2208 2044 3121 2096 etronius und Lucian sind nur Bücher für Reife.
2202 2095 3121 2154 „Reigen“ läuft allzusehr Gefahr, als pornographische
2194 2138 3118 2193 Lektüre mit dem gewissen Augenblinzeln verkauft,
2193 2187 3122 2244 und mit der gewissen Gier verschlungen zu werden.
2193 2239 3119 2297 Und es wäre jamn erschwe, wenn man Schnitzler mit
2193 2279 3128 2352 dem Schmutz einer gewissen Literatur in einen Topf
2193 2332 3119 2386 werfen würde. Das sind gewiß lauter Bedenken, die
2207 2381 3119 2440 iur Deutschen in deutschen Landen kommen können.
2207 2426 3129 2481 Der Franzose ist unbefangener, ja ich möchte sagen,
2208 2477 3125 2538 ünstlerischer. Er weiß den Künstler vom Schmutzfink
2199 2528 3119 2580 zu unterscheiden und er mißt solch ein keckes Prodult
2197 2572 3119 2637 übermütiger Laune nicht mit der strengen Elle der
2195 2620 3118 2673 Moral. Was aber wird der arme Schnitzler in deut¬
2197 2664 3124 2725 schen Landen über sein Buch noch zu hören bekommen!
2306 2713 3122 2776 „Reigen“ nennt der Dichter sein Buch. Erstes
2210 2769 3119 2826 aar: Soldat und Dirne. Derselbe Soldat wird der
2201 2810 3130 2872 Geliebte eines Stubenmädchens. Das Stubenmädchen
2195 2861 3119 2917 und der junge Herr im Hause, wo sie dient, tanzen
2201 2909 3126 2980 im Reigen. Der junge Herr „verführt“ eine junge
