3336 4416
1658 193 2293 268 das Mrrie  ee enen
500 237 1619 294 Sprechen Sie doch über die Vrassungsftage, Jore Un¬
1667 253 2799 319 Verletzung nicht nur des parlamentarischen Anstandes, sondern
484 288 1485 341 sichten über das Stück interessieren uns nicht.“ Minister
1659 293 2802 361 aller Sitten, die ein Minister gegenüber einer Partei des Hauses
483 325 1479 381 Glanz: „Wenn man Argume iie belämpfen will, mi
1660 341 1987 417 zu beobachten hat.
491 354 1617 426 sie doch anhören.“ Der Minister sprach weiter über die Ten¬
1740 356 2805 438 Präsident Dinghofer erteilte Seitz wegen seiner Aeuße¬
492 415 1553 465 denzen des Stückes „Reigen“ und führte aus, daß in i.
1672 421 2798 482 rungen gegen Minister Glanz den Ordnungsruf. Von
493 452 1623 513 Stücke Vorgänge auf die Bühne gebracht werden, die auch bei
1668 468 2802 527 sozialdemokratischer Seite ertönen stürmische Rufe: „Warum
485 479 1613 556 den kulturell tiefstehenden Völkern gewöhnlich mit einer ge¬
1668 509 2791 571 rufen Sie den Glanz nicht zur Ordnung? Er hat die ganze
480 534 1618 597 wissen Diskretion behandelt werden.“ bg. Witternig:
1661 549 2682 620 Partei beleidigt. Er muß zur Ordnung gerufen werden.“
482 586 1623 645 Nicht mogeln. Das ist eine Rezension für die „Wiener
491 624 1625 696 Stimmen“. Abgeordneter Zeienka: „Reden Sie über den
1713 611 2754 707 Tie antliche Mitteilung über das Verbot.
490 665 824 739 Verfassungsbruch.“
1750 689 2802 761 Die „Staatskorrespondenz“ schreibt: Durch eine Ver¬
700 701 1413 786 Das drohende Handge enge.
1658 732 2797 800 fügung der Regierung wurde die weitere Auf¬
561 743 1629 838 Am Schlusse seiner Ausführungen bemerkte der Minister,
1663 784 2790 862 führung des Buhneuwerkes „Reigen“
479 816 1623 873 daß er getrost die Beurteilung seines Vorgehens allen anständigen
1652 830 1948 912 untersagt.
484 863 1623 914 Leuten überlasse. Diese Worte entfesselten einen neuerlichen
1754 859 2356 938 Hiezu wird amtlich mitgeteilt:
485 897 1630 956 Sturm bei den Sozialdemokraten. Die Abgeord¬
1753 902 2789 988 Bereits vor Zulassung der Aufführung des „Reigen“
483 946 1624 1009 neten Zelenka und Witternig drängen zur Minister¬
1657 963 2803 1032 durch den Magistrat Wien als politiche Landesbehörde
489 984 1623 1036 bank und hauen mit den Fäusten auf den Tisch
1670 1018 2797 1082 at der Polizeipräsident den Bürgermeister von Wien auf
480 1026 1623 1075 des Dr. Glanz auf. Andere Abgeordnete eilen ebenfalls,
491 1073 1629 1120 heftig gestikulierend, auf den Platz Dr. Glanz' zu und rufen
1667 1076 2792 1124 die schweren Bedenken aufmerksam gemacht, die der Auf¬
489 1113 1621 1164 sturmisch: „Hinaus mit ihm,das ist eine Beleidigung, das
1661 1112 2795 1170 führung dieses Bühnenwertes entgegenstehen. Der
485 1148 1617 1196 lassen wir uns nicht gefallen!“ Man hat den Eindruck, als ob die
2719 1161 2793 1210 des
1658 1149 2703 1212 Magistrat erteilte jedoch nach Anhörung
484 1193 1627 1246 sozialdemokratischen Abgeordneten Dr. Glanz mit Gewalt
1661 1192 2793 1267 Zensurbeirates mit Bescheid vom 12. Januar 1921
486 1226 1626 1299 von seinem Platz wegdrängen wollen, namentlich die
1648 1260 2482 1328 die Aufführungsbewilligung.
489 1268 1552 1344 Abgeordneten Zelenka und Witternig zeigen sich sehr erregt.
1750 1281 2795 1354 Die nun erfolgten Aufführungen des Stückes gaben
596 1293 1628 1370 In diesem Augenblick versuchen die christlichsozialen, die auf
1657 1342 2791 1400 zu lebhaften Erörterungen in der O ffentlichkeit Anlaß¬
482 1352 1625 1418 der anderen Seite des Saales standen, vorzudringen, um Dr. Glanz
1663 1391 2784 1450 Hiebei sprach sich die weitaus überwiegende Mehrzahl der
486 1395 1622 1455 vor tätlichen Angriffen zu schützen. Es kam in der Mitte des
494 1433 1548 1497 Saales zwischen Christlichsozialen und So ialdemokraten
1567 1442 1625 1498 zu
1650 1444 2793 1501 öffentlichen Stimmen dahin aus, daß die Aufführung nach
481 1491 1630 1543 einem Zusammenstoß, indem die Parteien gegeneinander
1663 1488 2803 1545 hrem Gesamteindrucke eine arge Verletzung der Sittlich¬
481 1527 1623 1587 drängten, wobei die Sozialdemokraten ununterbrochen gegen den
1648 1540 2793 1597 keit bedeute. Kundgedungen aus der Bevölkerung und
479 1568 1285 1640 Minister Glanz riefen: „Hinaus mit ihm!“
1661 1584 2806 1643 zahlreiche Artikel der Presse verschiedener Richtung ließen
571 1608 1620 1675 Plötzlich sah man in dem Drängen, wie die Faust
1660 1638 2796 1694 erlennen, daß diese Vorführung mit dem
480 1659 1621 1708 des Abgeordneten Pischitz den Kopf des
1663 1680 2799 1738 sittlichen Empfinden weiter Kreise
1224 1692 1630 1759 nicht absichtlich, um
482 1701 1229 1747 Abgeordneten Sever traf,
1659 1730 2804 1792 der Wiener Bevölkerung in scharfem
477 1743 1620 1789 ihn zu schlagen, sondern in dem allgemeinen Hii= und Hei¬
1657 1763 2172 1843 Gegensatze steht.
484 1780 1620 1839 stoßen. Sever und einige um ihn steyende Freunde, die an
1752 1807 2808 1880 Der Bundesminister für Inneres und
482 1836 1621 1892 den absichtlichen Schlag glaubten drängten
1656 1850 2796 1920 Unterricht richtete daher an den zunächst zur Beurteilung des
488 1874 1624 1925 nunmehr gegen Pischitz los. In diesem Augenblick gelani es
1664 1907 2804 1984 Falles berufenen Bürgermeister von Wien die Ein¬
484 1916 1611 1962 den Ordnern, namentlich den Abgeordneten Forstner, Doktor
475 1960 1563 2017 Waiß und Dr. Dinghofer, sowie den Abgeordneten Fink,
1555 1957 1622 2017 sich
1663 1969 2792 2019 ladung, zu der durch die öffentlichen Aufführungen ge¬
491 2007 1623 2061 zwischen die Streitenden zu drängen und die Gruppen zu
1654 2003 2794 2060 gebenen Sachlage Stellung zu nehmen. Der
488 2044 1626 2104 tremken. Noch immer dauern aber die Unruhen im
1658 2045 2801 2102 Bürgermeister erklärte jedoch, daß er nicht in der
476 2086 677 2149 Saale an.
1649 2093 2802 2172 Lage sei, seine erste Entscheidung abzu¬
1660 2142 1875 2220 ändern.
482 2189 1627 2242 ehrt hat. Er war als Gelehrter, als Lehrer und als Mensch
1736 2173 2803 2260 Aus Rücksichten der öffentlichen Sittlichkeit sah sich
487 2228 1617 2287 eine von den prachtvollen, in sich geschlossenen Persönlichkeiten,
1667 2226 2789 2287 nun die Bundesregierung veranlaßt, die weiteren Auf¬
483 2273 1275 2335 die in unserer Zeit so selten geworden sind.
1660 2279 2794 2344 führungen des „Reigen“ zu untersagen. Sie glaubt sich hiebei
568 2299 1615 2376 [Aerztezentrale.] Mit Rücksicht auf die derzeitigen
1657 2325 2795 2383 mit der öffentlichen Meinung, abgesehen von einem kleinen,
477 2363 1622 2416 mehrfachen Telephonstörungen bei Aerzten wird darau erinuert.
1666 2376 2795 2425 für das Wiener Volksempfinden wohl nicht maßgebenden
477 2410 1622 2481 daß die Aerttezentrale (Telephone Nr. 5415, 5416) Meldungen
1664 2420 2694 2491 Zuhörerkreise, in voller Uebereinstimmung zu befinden.
474 2445 1171 2501 an Aerzte übernimmt und weiterleitet.
579 2475 1622 2558 [Atomenergie als Kohlenersatz.] Das neueste Heft
1797 2492 2655 2556 Mitteilungen der Landesregierung.
482 2533 1623 2588 der bekannten Zeitschrift „Die Bildung" (Verlag. 18. Bezirk,
1750 2538 2789 2620 Heute vormittag hat Bürgermeister Reumann als
483 2572 1622 2628 Gentz asse 136) bringt über Atomkraft als Kohlenersatz
1660 2588 2790 2666 Landeshauptmann einen Erlaß des Ministers des Innern
475 2615 1618 2660 eine Abhandlung von Professor Lehnert. In dem inhaltreichen Hefte
476 2652 1614 2696 ist noch zu lesen: Das Lebensgesetz der Tiere im
1648 2645 2798 2707 erhalten, in dem mitgeteilt wird, daß auf Grund des § 5
481 2689 1621 2736 Winterstarrschlaf von Dr. Neulander, Trichinen und
1651 2702 2798 2758 der Theaterordnung vom Jahre 1850 die weiteren Auf¬
470 2724 1622 2779 Finnen von Dr. Lang, Indianer germanischer
1659 2745 2791 2803 führungen von Schnitzlers „Reigen“ in den Katumerspielen
485 2752 1623 2810 Herkunft von Dr. Bergauer, Die Religionskämpfe in
1651 2796 2791 2849 des Deutschen Volkstheaters vom heutigen Tage an ver¬
494 2803 1624 2847 Ostasien von Dr. Losche sowie die neuesten Berichte über das
479 2844 1617 2906 Wissen und Schaffen der Gegenwart. Bezugspreis 20 K. viertel¬
1646 2836 1928 2909 boten werden.
482 2878 1161 2949 jährig. Einzelhefte in Buchhandlungen.
1737 2879 2786 2953 Der Bürgermeister hat in seiner Antwort darauf ver¬
584 2923 1119 2973 [Simultanvorstellung
1121 2900 1294 2977 bes
1288 2903 1626 2976 Schachmeisters
1651 2942 2787 3016 wiesen, daß dieser Erlaß den Bestimmungen der
475 2964 1620 3018 Spielmann.] Rudolf Spielmann ist aus Cchweden zurück¬
1645 2972 2790 3043 bezogenen Verordnung und der einschlägigen gesetzlichen
472 3001 1624 3045 gekehrt und gedenkt einige Wochen wieder in Wien zu verbringen.
482 3041 1607 3082 Die Freunde und Verehrer des Meisters werden Gelegenheit haben.
1640 3039 2785 3101 Bestimmungen nicht entspreche und daher nicht von ihm
477 3077 1618 3123 sich seiner Kunst bei einer Simulianvorstellung zu erfreuen. Spiel¬
1644 3084 2443 3155 zur Kenntnis genommen werden könne.
478 3112 1612 3161 mann wird Samstug den 12. d. im Schachklub „Schlechter“, Café
1739 3132 2788 3192 Nach der Anschauung der Bundesregierung wäre der
472 3150 1617 3201 Casa Piecola, 6. Bezirk, Mariahil erstraße 1, gleichzeitig mit einer
482 3191 1614 3261 beliebigen Anzahl von Gegnern je eine Schachpartie spielen. Gäste
1643 3177 2786 3237 Bürgermeister als erste Instanz verpflichtet, dieses Verbot
484 3226 1030 3279 willkommen. Beginn 4 Uhr.
1644 3234 2780 3299 in seiner Eigenschaft als Leiter der Landesregierung nun¬
577 3265 1625 3322 [Auffindung eines vermißten Knaben.] Die
1636 3271 2444 3353 mehr der Theaterdirektion zu intimieren.
474 3305 1614 3365 Agudas Jisroel=Jugendgruppe Bratislawa (Preßburg teilt uns mit.
1723 3316 2781 3387 Aus der Erklärung des Bürgermeisters geht jedoch
477 3341 1615 3390 daß der in Wien vermißte 15jährige Marlus Reich aus Kolbu¬
1642 3374 2791 3448 hervor, daß er den in dem Erlaß enthaltenen Auftrag
478 3389 1619 3458 szowa sich bei ihr gemeldet hat, dort unterstützt wurde und sich in
486 3423 1147 3475 Obhnt der genannten Gruppe befindet.
1640 3417 2248 3501 nicht Folge zu leisten gedenkt.
561 3474 1626 3560 [Schwarz=weiße Redoute.] Morgen Samslag
1851 3489 2574 3583 Der § 5 der Theaterordnung.
479 3531 1613 3604 findet im Kursaion die diedoute des Kritzendorfer Sportrlubs,
1727 3551 2794 3624 Die Thealerordnung vom 25. November 1850 fußt
477 3591 1620 3650 die im Vorjahr zu den vornehmsten Faschingsveranstaltungen
1644 3616 2792 3661 auf einer Veroronung des damaligen Ministeriums des
479 3631 1606 3688 zählte und für die sich das lebhafteste Interesse tundgibt, statl.
1641 3656 2793 3725 Innern. Der § 5 besagt einfach: „Die erteilte Auf¬
480 3677 1617 3734 Eintrittskarten zu 200 K. sind in den Theaterkattenbur##ug
1638 3704 2778 3769 führungsbewilligung kann aus Beweg¬
480 3714 1616 3776 Kehlendorser, Gusti Schmidt und Förstl, ferner bei „Olso“,
1653 3755 2782 3818 gründen der öffentlichen Ordnung jeder¬
492 3761 1611 3816 1. Bezirk, Opernring 6 und Bellarlastraße 12, erhältlich.
482 3799 1607 3878 Herren erscheinen im Frack, Damen in Balltoilette oder Domino
1643 3807 2773 3865 zeit zurückgenommen werden.“ Ein Ausspruch
490 3849 872 3915 mit Maske. 63.300
1022 3839 2820 3913 ## darüber, wer zur Zurücknahme der Aufführungs¬
2814 3733 2876 3872 4
2834 229 3318 299 mür Vorgälnige auf der S
2840 280 3324 357 gebend werden für ein ak
3004 356 3313 439 Aeußerungen
2915 416 3317 486 Direktor Bernau.
2830 449 3205 530 arbeiter gegenüber:
2927 507 3309 567 Ich habe bisher kein
2834 559 3345 621 von Artur Schnitzlers „Re
2836 603 3331 680 nicht um die Nachrich
2833 654 3293 716 hinter den politischen
2840 695 3300 761 maßgebenden Behörde,
2841 731 3314 809 Aufführung freigegebenes
2827 791 3328 848 einer Generalprobe geprüf
2833 839 3326 902 Mittel schützen wird. Mein
2828 884 3323 951 Schnitzlerschen Werkes sind
2885 927 3344 988 auf eine ausführ che ku
2843 976 3345 1044 kann ich mich jetzt nicht ei
2831 1023 3333 1087 wertvolles Kunstwerk. Ma
2838 1067 3313 1132 ich das Werk einzig aus
2826 1115 3346 1183 bringe. Ich kann beweisen,
2826 1164 3332 1225 in denen Cochonerien ent
2825 1213 3307 1274 aber auch wirkungsvoll¬
2824 1264 3324 1320 weise. Erst kürlich habe
2831 1298 3333 1357 ausgezeichneten Qualitäten
2833 1347 3330 1415 gierung enthält, nicht zur A
2831 1389 3328 1447 wird weiter zur Aufführu
2830 1436 3327 1519 versichtlich von der Behört
2820 1515 2903 1600 2
2827 1586 2894 1664 V.
2815 1791 2875 1862 F
2825 1951 2867 1999 n
2827 1990 2881 2049 k#
2835 2034 2892 2092 K
2829 2235 2888 2296 zu
2820 2289 2885 2332 1
2820 2376 2871 2427 er
2825 2418 2881 2478 di
2818 2473 2887 2526 n
2818 2516 2877 2581 56
2817 2695 2880 2771 se
2821 2810 2872 2863 v.
2814 2853 2873 2914 ft
2812 2907 2881 2960 n
2818 2949 2873 3011 st
2820 3041 2867 3104 st
2815 3096 2869 3146 ir
2825 3138 2878 3193 kr
2820 3187 2877 3241 3
2809 3237 2873 3290 E
2809 3282 2876 3333 m
2815 3326 2873 3392 R
2819 3376 2872 3435 in
