3392 4320
195 2862 333 2957 chen
219 2946 325 3029 sich
226 3001 335 3090 aus
188 3069 321 3136 gung
202 3126 320 3204 Diese
220 3190 319 3265 den
201 3269 332 3378 agen
186 3416 331 3553 co).
186 3538 327 3618 sicht
179 3610 414 3716 Paoas
241 682 371 807 Da0
418 159 854 263 Reigen
791 651 915 815 g·
1033 144 1464 261 box 18/3
2482 672 2659 790 oa
1209 656 2335 813 aobobaabarobddobaaabdad
1359 961 2485 1107 PERSONEN:
1122 1099 2016 1209 I. Bild: Die Dirne und der Soldat
1767 1150 2558 1244 OLGA FUCHS — FRITZ HORN
1113 1212 2290 1319 2. „ Der Soldat und das Stubenmädchen
1762 1250 2676 1392 FRITZ HORN — TRUDE NORGARD
1121 1365 2404 1455 5. „ Das Stubenmädchen und der junge Herr
1759 1401 2667 1516 TRUDE NORGARD — HANS TILLO
1133 1476 2268 1586 4. „ Der junge Herr und die junge Frau
1762 1541 2673 1638 HANS TILLO — SYBILL. SMOLOWA
1163 1620 2236 1709 „ Die junge Frau und der Ehemann
2299 1655 2771 1783 WALTER TAUTZ
1761 1693 2256 1763 SYBILL SMOLOWA
1116 1743 2253 1841 6. „ Der Ehemann und das süße Mädel
2274 1732 2692 1915 POLDI MULLER
1773 1818 2220 1905 WALTER TAUTZ
1107 1840 2194 1986 7. „ Das süße Mädel und der Dichter
2242 1900 2690 2031 KURT MIKULSKI
1767 1935 2196 2031 POLDI MULLER
1108 1974 2262 2114 8. „ Der Dichter und die Schauspielerin
1765 2044 2698 2177 KURT MIKLLLSKI — JUTTA VERSEN
1112 2097 2198 2248 O. „ Die Schauspielerin und des Graf
1766 2133 2758 2302 JUTTA VEMEN — GUSTAV HEPPNER
1093 2223 2010 2374 10. „ Der Graf und die Dirne
1756 2263 2726 2427 GUSTAV HEPPNER — OLGA FUCHS
797 2619 2974 2740 R des Gerichts; dann ist die Aufführung nicht geeignet, das allgemeine Scham- und Sittlichkeits¬
890 2733 2971 2804 gefühl, wie es im Volksbewußtsein nach positiver Entwicklung aufgefaßt wird, zu verletzen.
887 2778 2974 2856 Es liegt also nach der Ansicht des Gerichts in objektiver Beziehung eine unzüchtige
894 2835 1377 2927 Handlung nicht vor.
959 2888 2971 3007 Das Urteil ist demgemäß dahin ergangen: Die Angeklagten werden freigesprochen.
979 3048 2884 3155 Auszüge aus dem Urteil der 6. Zivilkammer des Landgerichts III, Berlin:
954 3142 2986 3254 Zwei von dem Gerichte besichtigte Aufführungen erzielten folgenden Eindruck; Alles
898 3230 2396 3301 was frech, schlüpfrig oder zotig wirken könnte, wird vermieden.
967 3265 2973 3359 Lie Wirkung der Aufführung gipfelt in der Erzielung eines sittlichen Ekels vor dem
901 3345 2974 3417 Tiefstand der Haltung weitester Bevölkerungsschichten auf dem Gebiete des Geschlechts¬
906 3407 2979 3480 lebens. Dieser Erfolg wird bei jedem reifen, gebildeten Zuschauer auch erzielt. Vor allem,
903 3461 2976 3541 beruht diese Wirkung auf der ernsten Hingabe der Direktion an ihre Aufgabe und auf ihrer
898 3526 2353 3617 überlegenen Kenntnis der Wirkung der szenischen Darstellung.
802 3551 3066 3707 Boonononoroonoponononoooooooo Dbbadbabbabb
2748 661 3038 788 ac
