3484 4000
302 162 431 254 11
502 173 834 275 Reigen
1013 167 1423 259 box 18/2
1926 146 3106 196 Herr Kant aus Königsberg, der zwar schon lange tot ist, aber
1923 187 3113 250 immer noch in gewissen Kreisen einiges Ansehen genießt, so daß
1937 235 3111 285 man sich an seiner Seite eigentlich doch nicht zu schämen braucht.
1933 285 3112 336 Herr Dr. Witkowsky hat wohl auch nicht gerade den ganzen Kant
1924 333 3101 391 verwerfen wollen, als aber Herr Regierungsrat Brauner sich auf
1925 382 3113 435 des Königsbergers „kategorischen Imperativ“ berief, vollzog der
1924 433 3110 488 moderne Sachverständige die Feststellung, daß sein Widerpart schon
1924 480 3109 541 damit seine Rückständigkeit und den Mangel an Befugnis, ein zeit¬
1928 529 3027 581 gemäßes Urteil in der Prozeßsache abzugeben, erwiesen habe.
1968 574 3105 634 Nun wäre es von hohem Werte zu wissen, von woher der Sach¬
1930 621 3110 681 verständige Dr. Witkowsky seine Kenntnisse auf dem Gebiete der
1931 674 3108 734 Ethik bezogen hat, oder von ihm unmittelbar zu vernehmen, in
1937 722 3032 782 welchen Leyren die moderne Ethik bestehe. Solche Leute, die
3049 721 3113 777 sich
1935 769 3114 823 fachwissenschaftlich mit der Moraltheorie befassen, befinden sich
1930 825 3101 879 nämlich in Kenntnis einer Tatsache, die zu dem Ausspruche des
1924 867 3110 924 Herrn Sachverständigen im vollsten Gegensatze steht. Sie wissen,
1920 914 3113 966 daß die ethische Forschung allerneuestens genau dort gelandet ist,
1926 963 3113 1012 wo schon Kant das Wahrzeichen seiner Entdeckertat aufsteckte: beim
1916 1007 2261 1068 Rätsel des Sollens.
1956 1050 3109 1123 Mit dem Schopenhauerschen Mitleid und der Nietzschischen Mit¬
1921 1107 3109 1175 leidslosigkeit auf der einen und Vornehmheit auf der anderen Seite
1933 1164 3112 1218 ist man ebensowenig zu einer haltbaren Morallehre gelangt wie
1927 1212 3107 1265 mit der Theorie der Sanktionen, der Werttheorie, oder gar mit der
1930 1257 3107 1318 neuesten Errungenschaft von Professor Freud, der aus dem Lust¬
1925 1312 3106 1367 gefühl und dem Wiederholungszwang eine besonders kühne Spe¬
1920 1353 3103 1412 kulation aufbaute, um endlich das Bedürfnis der Modernen nach
1933 1400 3100 1458 einem schillernden Nichts von psychologischer Ethik zu befriedigen.
1928 1447 3112 1517 über den Utilitarismus und die soziologische Ethik braucht man
1928 1497 3101 1562 schon gar nicht mehr zu reden, sie sind durch die über die Gegen¬
1932 1549 3109 1608 wart hereingebrochene Katastrophe der Moral einfach begraben
1924 1595 3107 1655 worden. Weder ist der Altruismus dem zivilisierten Menschen an¬
1932 1644 3103 1699 gezüchtet, noch der Egoismus weggezüchtet worden, weder hat die
1932 1691 3107 1746 Rücksicht auf Staat und Gesellschaft dem Individualismus stand¬
1918 1740 3111 1797 gehalten, noch zeigt sich in der Gesellschaftsordnung irgendein
1931 1788 3116 1854 Mittel, durch das die Anarchie wieder beseitigt werden könnte, es
1927 1839 3110 1893 sei denn durch Gewalt und Strafe: das Ergebnis aller ethischen
1924 1889 3110 1944 Systeme, die bisher gelehrt und angewendet wurden, ist einfach
1922 1927 3104 1994 das Chaos, in dem wir uns nunmehr befinden und hilflos umher¬
1931 1982 3105 2043 treiben. Wohin sich auch auf dem Trümmerfeld der Ethik das
1924 2025 3101 2081 Auge wenden mag, es weist keinen festen Punkt auf, außer eben
1924 2085 3107 2156 jenem Sollen, dem Kant die Bezeichnung „kategorischer Imperativ“
1925 2124 2169 2187 verliehen hat.
1966 2163 3115 2250 Schon ehe der praktische Bankerott aller Moral eintrat, hat
1920 2230 3102 2293 Georg Simmel, der immerhin als hinreichend modern gelten dürfte,
1918 2287 3110 2351 die Grundtatsache, das Grundrätsel des ethischen Problems in den
1968 2384 3113 2442 „Ich gestehe, daß der seelische Vorgang, in dem wir unser ganzes
1933 2434 3097 2502 Wollen sich oft genug gegen ein Sollen sträuben fühlen, das
1924 2486 3110 2551 dennoch selbst irgendwie ein Wollen sein muß, weil wir ihm, ohne
1931 2536 3104 2597 daß jener Widerstand sich verminderte, schließlich folgen: ich gestehe,
1922 2581 3063 2644 daß ich hierfür keine anschauliche, ausreichende Deutung kenne. —
1966 2631 3109 2691 Das war von jeher die Schwierigkeit aller Ethik und Wertlehre,
1930 2673 3109 2739 daß innorhalb des Erweislichen und Wirklichen das sittlich Rot¬
1925 2722 3108 2776 wendige und Wertvolle nicht abzuleiten ist, so daß fast jede
1923 2779 3103 2834 Metaphysik sich zu einem Hineingeheimnissen einos „guten Prinzips“
1921 2821 2507 2881 in die Wirklichkeit genötigt sieht.
1950 2859 3114 2938 Man mag die Sittlichkeit noch so naturalistisch und empirisch
1931 2929 3111 2982 umgrenzen, jeder tiefere Denker gelangt ihr gegenüber an eine
1932 2980 3116 3040 Schranke, jenseits der das Reich der Religion, der Metaphysik oder
1925 3028 2450 3093 des Skeptizismus gelegen ist.“
1958 3070 3114 3144 Diese Sätze Georg Simmels sind zur Kennzeichnung aller modernen
1924 3127 3116 3189 Ethik vollkommen ausreichend. Sie steht ratlos vor dem ethischen
1923 3185 3111 3249 Grundphänomen, dem Sollen, dessen weitere Auswirkungen als
1931 3231 3107 3286 Sanktionen oder als Gewissen den Denkern ebenso unlörbare
1930 3278 3112 3342 Rätsel aufgeben. Und jenes Gründphänomen hat eben Kant
1925 3333 3111 3375 entdeckt, der vermöge dieser Tat immer noch an der Spitze aller
1924 3373 3113 3434 Moralphilosöphen steht. Seine spekulative Erklärung des Phäno¬
1920 3425 3107 3478 mens mag anfechtbar oder unhaltbar sein, sie tut nichts zur Sache.
1933 3471 3106 3521 Es bleibt in jedem Falle die Notwendigkeit bestehen, daß auch die
1932 3519 3105 3574 Ethik, um über den Zusammenbruch aller andern Systeme und
1932 3566 3099 3631 Theorien hinwegzukommen, dem Rufe: Zurück zu Kant! Folge
1931 3615 3103 3666 leistet. Nur von der Entdeckung Känts aus läßt sich der Wieder¬
1923 3666 3099 3718 aufbau der Ethik beginnen. Kant bleibt auch nach dem Reigen¬
1928 3713 3107 3773 prozesse noch der modernste aller Ethiker, Herr Dr. Witkowsky aber
1924 3764 2988 3829 sitzt auf einem Trümmerhaufen verälteter Unzülänglichkeiten.
2795 3807 3082 3879 Dr. Albert Ritter.
2488 3863 2564 3932 690
