3484 4224
986 111 1114 162 theilun
1149 123 2144 192 dont te talentest tres varié, semblesurtout á son
1154 176 2149 245 ise dans les petits tableaux, dans les courtes
1143 224 2146 293 scènes, nouvelles ou piécettes. Personne, mème
1138 267 2133 330 à Paris, ne traite comme lui le dialogue ou la
1132 312 2130 384 comédie de paravent. Nul ne sait, avec plus de
1136 360 2132 428 souplesse et de süreté, refléter le caractère ou
1138 405 2138 476 Thumeur d’un personnage dans une phrase
1132 456 2140 536 bréve et nuancée; nul ne sait mienx, en gardant
1121 493 2125 573 Tharmonie du dialogue, donner ächaque interlo¬
1133 554 2126 633 cuteur le langage qui convient á son röle. Sans
1131 599 2130 674 doute, ce n’est pas du grand art, mais c’est un
1132 658 2087 713 art achevé, toujours agréable, souvent exquis.
1157 700 2122 763 Aussi bien, Arthur Schnitzler ne se contente
1133 750 2120 821 pas d’aligner des répliques divertissantes. IIy a
1129 799 2128 875 tonjours, sinon dans ses ceuvres, du moins entre
1132 839 2113 920 elles et derrière elles, matière à réflexion. Mais
1117 889 2115 963 il suggère sa philosophie avec une infinie déli¬
1118 949 2111 1014 catesse, il n'a rien d’un censeur ou d’un théori¬
1121 992 2116 1066 cien pédant. La moralité de ses fables est silen¬
1119 1040 2121 1113 cieuse: elle ne s’impose pas au cours de la lec¬
1121 1091 2116 1157 ture ou du spectacle. Elle se propose seulement,
1122 1148 2122 1199 plus tard, à ceux qui aiment à revenir en pensée
1118 1195 2107 1255 sur leurs amusements. Ainsi les fusées d’une
1110 1225 2114 1311 féte, en retombant à demi-éteintes, improvisent
1115 1283 1643 1349 leurs plus beaux dessins.
1156 1326 2107 1401 Arthur Schnitzler avait donné dans ses
1107 1371 2115 1451 Heures de Wie quatre pièces en un acte, trés
1112 1429 2101 1499 dissemblables et que réumssait pourtant l’invi¬
1112 1483 2100 1544 sible lien d’une inspiration commune. Son nou¬
1107 1527 2099 1595 veau livre offre quelque chose de pareil: il com¬
1109 1584 2107 1643 prend dix dialogues — parfois un peu pimentés
1146 1633 2100 1694 et nous présente dix personnages. Dix fois
1107 1672 2100 1743 c’est le méme sujet, dix fois (au moins) le mème
1106 1715 2104 1794 geste: T’amour. Chaque personnage y parait
1109 1771 2098 1831 deux fois dans dans le röle éternel et passager
1104 1818 2099 1887 d’amant ou d’amante, par une combinaisen
1097 1858 2100 1937 d’une gräce mathématique. Les dix personnages
1096 1917 2091 1985 sont: la fille Léocadie, un tourlourou, une sou¬
1098 1963 2100 2028 brette, le fils de la maison, une femme mariée,
1097 2018 2093 2074 son mari, une grisette, un poéte, une actrice, et
1096 2057 2096 2128 un officier noble. Le premier dialogue s’échange
1096 2114 2086 2180 sur un trottoir garni de bancs, au bord du petit
1089 2157 2088 2220 Danube, devant le pont de l’Augarten, entre la
1089 2198 2092 2257 fille et le tourlourou; le second sur les pelou¬
1085 2253 2081 2305 ses et parmi les buissons du Prater, un diman¬
1087 2294 2084 2368 che soir, entre le tourlourou et la soubrette; le
1086 2348 2091 2414 troisième entre la soubrette et son jeune maitre
1113 2439 2087 2524 (1) Arthur Schnitzler: Reigen. — Vienne, Wiener Ver¬
1077 2467 1244 2524 lag, 1903.
1083 2601 2079 2676 Alfred, dans la chambre de celui-ci; le qua¬
1084 2651 2077 2725 trième entre Alfred et Emma dans une garçon¬
1078 2710 2083 2770 nière de la rue Schwind; le cinquieme entre
1084 2749 2080 2813 Emma et Charles son époux, dans leur chambre
1083 2811 2061 2874 conjugale; le sixième entre Charles et une gri¬
1076 2860 2064 2923 sette, en scabinet particulier; puis cest la gri¬
1080 2907 2063 2977 sette qui revient en scène avec un poete drama¬
1078 2949 2063 3011 uquez puis le poete qui emmene aux environs
1065 3007 2061 3074 de Vienne, dans une auberge pittoresque, une
1079 3057 2061 3124 actrice du Burgtheater; ensuite l’actrice reçoit
1070 3112 2069 3172 dans son intimité, à Vienne, un officier noble;
1072 3158 2069 3216 enfin l’officier noble, au lendemain d’une forte
1070 3199 2059 3267 beuverie, se réveille tout surpris dans la cham¬
1067 3248 1878 3316 bre, empestée de pétrole, de Léocadie.
1101 3305 2060 3362 Chacun de ces dialogues est un modele de
1054 3341 2058 3404 malicieuse observation et gagne encore par tout
1067 3399 2056 3460 ce qui le distingue des autres, car jamais M.
1066 3440 2057 3515 Schnitzler n’a été plus adroitement subtil pour
1062 3501 2061 3556 modifier par le détail une situation dix fois ré¬
1056 3541 2053 3613 pétéc. Mais ce qu'il yade tres original et de
1057 3595 2045 3669 tres piquant dans ce petit volume, c’est juste¬
1062 3644 2054 3695 ment la forme du d dialogue cyclique . Cette
1058 3689 2052 3761 forme exprime toute sa moralité: n'est-ce pas
1057 3735 2048 3804 Tapplication aux choses du cceur des tourbil¬
1055 3786 2054 3837 lons cartésiens, et le livre ne pourrait-il pas
1053 3837 2042 3916 prendre pour épigraphe le dernier vers de Faust,
1053 3881 1396 3946 à peine corrigé:
1149 3938 1799 4005 Des Ewigweibliche zicht uns herum.
1516 3981 1935 4071 JzaN Cnawratolyr.
