3392 4416
976 284 1391 383 box 17/6
273 294 801 406 11. Reigen
313 1708 1254 1767 nern, Napoleon an der Spitze, glühende Bewun¬
1275 1719 2224 1781 nichts Wichtigeres zu tun hatte, so sog man freu¬
321 1754 1254 1813 derer erstanden sind, mehr gedient gewesen wäre,
1276 1763 2211 1810 dig die neue Sensation mit weitgeblähten Nasen¬
318 1796 1253 1857 wenn eer hysterische Münchner Ruf der Schwei¬
1276 1810 2214 1864 die Aufführung des „Reigen“ prompt verhindert
318 1829 1253 1892 nereis nicht aus zartem Munde ertönt wäre. Im
1278 1857 2217 1912 zu haben, ließ den österreichischen Minister des
313 1883 1251 1938 Uebrigen kann man sich angesichts so großer Auf¬
1277 1896 2210 1959 Innern auch diesmal nicht schlafen. Und da die
322 1932 1258 1993 regung und solcher Kreuzzüge für und wider
1278 1923 2216 1994 Regierung nun schon einmal die Revision des
234 1949 293 2003 zu.
332 1963 1260 2024 Schnitzler ganz der Ansicht des früheren Präsiden¬
1274 1983 2220 2045 Friodens von St. Germain und die Reparation
325 2020 1246 2074 ten des österreichischen Nationalrates Seitz an¬
1276 2033 2207 2085 als ein weniger geeignetes Feld für ihren Taten¬
151 2024 294 2091 Langen
328 2062 1256 2115 schließen, der da sehr richtig bemerkte, das Urteil
153 2076 296 2130 i##nsche
1282 2076 2217 2129 dvang erkannie, so kämpft sie als tapferer Don
327 2108 1250 2158 eines Ministers über den Wiener Dichter sei ihm
1278 2118 2219 2176 Quichotte gegen die erotischen Windmühlen
194 2113 293 2175 Mä¬
324 2145 1249 2202 ebenso gleichgültig wie das Geschrei männlicher
1283 2163 2211 2215 Schnitzlers. Man müßte Wien nicht kennen, um
179 2166 303 2226 seinen
327 2194 1250 2251 und weiblicher Hystero=Erotiker, Zentrumsabge¬
135 2203 291 2268 ddeutsch¬
1268 2207 2207 2274 nicht zu wissen, daß Brotmangel, Reparation,
316 2235 1254 2290 ordneter und Polizeipräsidenten. Ueber Schnitz¬
1272 2244 2088 2297 Ministerkrise, Anschluß oder Nichtanschluß
144 2252 303 2306 die sich
320 2282 1256 2344 lers Stellung in der deutschen Literatur hoben
137 2291 303 2350 versagen
1266 2284 2217 2348 daß all diese Kleinigkeiten im Augenblicke ver¬
320 2325 1253 2388 gottlob andere entschieden als christlichsoziale Mi¬
149 2338 296 2393 Parkett
1279 2341 2204 2403 gessen sind, wenn der Krieg um den „Reigen“
323 2363 697 2434 nister des Innern.
1280 2384 1643 2461 tobt. „A Hötz!“ —
140 2381 302 2438 im Na¬
397 2398 1255 2486 Als in Deutschland der berühmte Nuditäten¬
137 2426 301 2478 8 Thea¬
1352 2415 2210 2489 Das österreichische Parlament hat Tage
324 2450 1262 2524 schnüfflerparagraph, die „Lex Heinze", einen
205 2466 296 2524 Erd¬
1277 2457 2215 2523 alten Glanzes wiedergesehen: eine Ohrfeigen¬
133 2513 292 2571 gen“ in
315 2502 1250 2559 Brand entsachte und Polizeiorgane und Regie¬
1277 2503 2208 2576 szene Soweit können sich die Vertreter des Vol¬
316 2558 1246 2612 rungsassessoren aus der Sezession und dem Künst¬
134 2545 300 2617 an keine
1275 2561 2208 2617 kes über ein Werk Schnitzlers ereifern, über das
322 2601 1248 2659 lerhause einen Schweinestall machten, da drangen
139 2602 304 2656 zu bin¬
1275 2604 2206 2671 sie mit Augenblinzeln wohl oft gesprochen, das sie
195 2645 1250 2708 Vor- die Wellen dieses Bildersturmes zum Zeichen, daß
1271 2650 2212 2720 aber, Hand aufs Herz, sicher nie gelesen haben.
147 2681 305 2743 beiläu¬
307 2687 1253 2739 auch Oesterreich in dem „geistigen Leben“
1269 2695 2212 2755 Aber es handelt sich gar nicht um Schnitzler, son¬
146 2732 289 2791 in der
312 2735 1250 2785 Deutschlands seinen Antoil hatte, über die Grenz¬
1269 2739 2210 2802 dern darum, daß ein reaktionärer Klüngel in
137 2768 2236 2862 nMän= pfähle nach Wien herüber. Da man damals gerade! München wie in Wien rasch den Ball auffängt,
2246 1708 3181 1780 flügeln ein. Die Presse hatte ein Sujet, der Mi¬
2232 1775 3181 1826 nister eine neue Gelegenheit, Orden zu erohern,
2242 1814 3181 1870 die Spießer ein Stammtischgespräch, die Witz¬
2237 1857 3185 1915 blätter Zotenmaterial. Der Ruhm der Münchner,
2233 1902 3182 1960 den ihr die monarchistische Presse zuwirft.
2240 1944 3183 1999 Schnitzler war gut genug dazu, als Anlaß zu
2226 1986 3180 2043 einer Schlacht zwischen der chvistlichsozialen Re¬
2239 2020 3182 2082 gierung und dem Wiener sozialdemokratischen
2235 2083 3166 2148 Rathause mißbraucht zu werden. Der ganze raffi¬
2225 2118 3173 2177 nierte Instanzenapparet wurde mobilisiert, alle
2235 2168 3181 2214 Unterstellen mußten aufmarschieren, bis endlich
2226 2210 3178 2272 in dem wunderschönen hellenischen Tempel auf
2221 2247 3180 2333 der Ringstraße die Entscheidung in Form einer
2242 2299 2709 2365 challenden Ohrfeige fiel.
2318 2344 3184 2415 Schnitzlers „Reigen“ wird nicht verboten
2221 2384 3172 2449 werden, meldet heute das offizielle Korrespon¬
2227 2440 3173 2500 denzbüro über den Ausgang der Schlacht. Dis
2226 2484 3177 2550 Kraftprobe der Christlichsozialen ist mißglückt. Die
2225 2529 3179 2583 Manöver endeten mit einem Mißerfolg. München
2234 2579 3169 2620 und Budapest und eine Winterfrische im Schwei¬
2226 2619 3174 2678 zerischen werden nicht zufrieden sein. Das Volk
2225 2665 3166 2728 hat nicht mitgegröhlt. Der „Reigen“ der Christ¬
2219 2709 3165 2772 lichsozialen war ein ebenso gewaltiger Durchsall,
2227 2755 2937 2832 wie Schnitzlers „Reigen“ ein Erfolg.
