3392 4320
1017 108 1410 186 box 18/1
326 113 832 214 11. Reigen
1397 947 1588 1017 ——
2323 1016 2365 1076 K1
1497 1068 2361 1123 Reihe nur zu viel sagender Gedankenstriche;
818 1082 1169 1180 Theater.
1503 1112 2362 1168 diese aber sind nicht das Ziel der Schilderung,
1508 1156 2367 1212 sondern sie stellen jedesmal nur die Peripetie
637 1163 1461 1234 Das Kleine Schauspielhaus hat den Ber¬
1513 1195 1992 1268 n der Charakteristik dar.
593 1216 1451 1276 finern ein besonderes Weihnachtsgeschenk zu¬
1535 1261 2360 1316 Die Aufführung ersetzt die Gedankenstriche
591 1265 1459 1327 gedacht: Es wandelt seine Bühne endgültig
1500 1296 2358 1352 durch den schnell herab= und wieder herauf¬
596 1308 1465 1370 ins Residenztheater um. Natürlich in ein
1503 1350 2356 1401 gehenden Vorhang; sie sucht dadurch wie durch
599 1345 1461 1413 „literarisches Residenztheater“, denn
1506 1401 2361 1453 zurückhaltende Darstellung das „Literarische“
591 1382 1464 1444 man weiß, was man sich im Augenblick schul¬
1501 1446 2365 1496 zu retten. Aber wenn tausendmal auch der
596 1435 1468 1496 dig ist in der Nähe des Kurfürstendamms.
1507 1485 2362 1539 literarisch gebildete Mensch das Literarische,
597 1480 1461 1546 Noblesse oblige! Wie lange? — Nun sicher¬
1500 1527 2364 1577 die Form im Sprachlichen wie im Ablauf der
599 1521 1459 1585 lich solange, als der Kassenrapport nicht den
2237 1578 2291 1620 —
1509 1568 2180 1621 Szenen mit Interesse beobachtet,
596 1569 1418 1633 Abstieg in deutlichere Sphären nötig macht.
1511 1604 2369 1663 Durchschnittstheaterbesucher wird immer in
636 1610 1462 1678 Also man gibt Schnitzlers „Reigen“ und
1506 1654 2361 1707 Gefahr sein, nur die Vorgänge zu sehen.
586 1651 1464 1721 das Kultusministerium vermittelt durch die
1506 1704 2371 1750 Und er wird sich genau so wie in den so¬
597 1704 1462 1764 Direktion der Hochschule für Musik vor der
1506 1744 2360 1806 genannten modernen „Operetten“ und „Lust¬
602 1747 1472 1808 Aufführung die Reklame, die dem stets im
1514 1793 2362 1856 pielen“ — die seit Jahren gang und gäbe
605 1791 1470 1856 Geschäftlichen gefährdeten Hause ein wenig
1507 1836 2363 1896 sind — von dieser Gefahr überraschen und
597 1837 1469 1903 auf die Strümpfe helfen wird: es läßt die
1501 1886 2368 1937 mitreißen lassen. Geschieht das auch nicht
595 1879 1464 1948 Vorstellung in dem ihm gehörenden Theater
1513 1926 2375 1982 leich im ersten Augenbüick, so dient der
595 1931 1469 1982 zunächst durch Gerichtseingriff verbieten, um
1506 1960 2375 2023 „Genuß“ solcher Stücke und Szenen auf die
601 1970 1463 2021 sie dann nach einer Meldung von heute Vor¬
1504 2007 2376 2073 Dauer zweifellos nicht zur inneren Stärkung
588 2022 1294 2083 mittag schließlich doch zu gestatten.
1505 2057 2374 2106 des in der Großstadt gerade genügend zur
638 2054 1464 2123 Von diesem Reigen der Ungeschicklichkeit,
1514 2102 2373 2172 nneren Laschheit und Laxheit neigenden
600 2088 1458 2159 der ja leider zeitgemäß ist, wollen wir indes
1504 2143 1632 2202 Volkes.
604 2155 1464 2202 nicht reden. Hat doch die Direktion Eysoldt¬
603 2194 1457 2256 Sladek, durch die Ereignisse gründlich ge¬
1537 2171 2374 2262 Darum sollte jeder, der sich für die innere
602 2242 1471 2293 witzigt, die nach einem Gerichtsurteil lasziv
1512 2245 2374 2302 Kkräftigung des Volkes einsetzt, — ohne Scheu¬
602 2287 1463 2343 genannten Schnitzlerschen Szenen zum Behuf
1500 2290 2373 2343 klappen und ohne Skurpelhaftigkeit aber auch
590 2332 1460 2385 der Vorführung vor dem Publikum (doch
1512 2319 2375 2386 ohne Angst einsetzt! — gegen die Aufführung
596 2377 1472 2430 wohl nicht nur für die Erstaufführung) mit
1510 2381 2367 2427 von Werken solcher Art Front machen, wenn
604 2417 1476 2468 soviel Scheuklappen versehen, daß sie einen
1510 2417 2374 2476 egliches Publikum dazu Eintritt
598 2461 1463 2512 Teil ihres Parfums verlieren und nicht ärger
1509 2468 2364 2529 findet, das es bezahlen kann,
597 2502 1461 2556 wirken, als was etwa im ehemaligen Residenz¬
1513 2499 2357 2560 inerlei ob es achtzehn und weniger oder
599 2550 1464 2606 theater in der Friedrichstadt und leider auch
1517 2556 2377 2610 ünfzig alt ist. Am stärksten aber sollten
602 2594 1454 2659 jetzt in den Vergnügungsstätten des „Westens“
1498 2601 2369 2650 Theaterdirektoren mit Verant¬
593 2635 1070 2700 gar häufig geboten wird.
1501 2635 2378 2689 wortungsgefühl gegen die Prak¬
645 2672 1472 2732 Spiegel der „Zeitkultur“ nach Wiener Ge¬
1503 2690 2373 2738 tiken der „Amüsiertheater“ gröbe¬
594 2721 1470 2780 schmack, laulich süßlich empfunden, impressio¬
1501 2731 2372 2783 ren und feineren Genres in ihren Kreisen
601 2772 1458 2822 nistisch nach dem Grundsatz des l’art pout
1509 2776 2369 2823 Propaganda machen und von sich aus einen
601 2819 1462 2869 'art vor gut zwanzig Jahren geformt, ohne
1508 2817 2367 2871 Wallerrichten gegen das Hinabzerren
609 2862 1470 2920 Verantwortungsgefühl außer dem „Literari¬
1511 2868 2364 2930 der deutschen Bühnen in den Strudel des
608 2912 1474 2966 schen“ ohne ein Hochspringen der gesunden
1511 2902 2373 2957 rein durch das Geschäft bestimmten, schieber¬
607 2956 1465 3007 satirischen Ader und vor allem ohne ein Auf¬
1501 2951 2369 3006 ähnlichen Gewerbebetriebs. Gerade in Berlin
594 3004 1469 3061 quellen des Ekels vor dieser hemmungslosen
1507 3005 2374 3051 würden sich solche ernstgerichtete Direktoren
594 3049 1471 3102 Feld= Wald= und Wiesen=Trübhaftigkeit sind
1506 3045 2370 3094 ein großes Verdienst erwerben können, das
593 3080 1473 3144 diese Szenchen. Ihr Höhepunkt jedesmal eine
1497 3096 2379 3159 zwar nicht im Augenblick in Kassenrapporten
2408 1060 3262 1116 ich bemerkbar macht, das aber auf die Dauer
2413 1110 3269 1164 auch den weniger ernsthaft geleiteten Bühnen
2406 1154 3272 1206 zugute kommen würde. Mit den Direktoren
2404 1201 3264 1253 aber sollten die Darsteller Hand in Hand
2402 1247 3269 1296 gehen. Wo sind in diesen für den kleinen
2417 1289 3276 1341 Schauspieler am ernsten Theater besonders
2407 1330 3269 1378 schweren Zeiten die großen Schauspieler, die
2407 1375 3277 1427 dem minderwertigen Amüfiertheater und auch
2404 1416 3276 1471 dem Geschäftstheater mit dem literarischen
2404 1460 3277 1528 Mäntelchen ihre Hilfe versagen? Wo bleibt
2405 1503 2994 1554 der Idealismus und Opfermut?
2450 1531 3272 1606 „Des Menschen Würde ist in Eure Hand
2404 1594 3274 1657 gegeben, bewahret sie!“ ... Die zukünftige
2414 1637 3277 1686 Würde des Darstellers als Mensch und als
2417 1677 3284 1738 Blied seines Volkes hängt zum großen Teil¬
2414 1729 3270 1774 davon ab was die führenden Köpfe tun¬
2407 1764 3279 1819 Wird endlich einmal einer von ihnen ein
2417 1809 3260 1875 tarkes, echobildendes Wort gegen die Aus¬
2404 1854 3278 1929 nützung des Künstlers zu geschäftlichen Zwecken
2933 1902 3236 1950 Dr. E. Thyssen.
2407 1906 2487 1958 tun?
