3392 4352
282 231 362 305 11
973 207 1378 305 box 17/2
466 226 783 325 Reigen
473 503 1716 568 Sittlichkeit als normgebend aufzutrumpfen und sie mit Lebensfragen
474 558 1603 613 der Kunst und Dichtung in ungehöriger Weise zu vermengen?
572 607 1709 663 Ich gestehe, daß ich hierfür keinen Sinn habe und mich niemals
480 651 1710 714 an staatsanwaltliche Meinungen und Sprüche über Literatur und
473 702 1712 758 Kunst und höhere Menschlichkeit kehren werde, so wenig wie ich Lust
475 753 1715 810 habe, bei den Priestern zu erfragen, was Sittlichkeit und vornehme
480 799 1713 852 Gesinnung sei. Wer innerhalb der ästhetischen Kultur steht, die un¬
471 853 1710 906 endlich mehr ist als vage, modische Schöngeister sich träumen lassen,
473 891 1020 961 wird mir nicht Unrecht geben.
569 949 1710 1004 Hat man den jüngsten Simplicissimusprozeß in München gegen
473 990 1707 1046 Theodor Thomas Heine genau verfolgt? Hat man die Reden des
479 1037 1716 1098 Staatsanwalts, des Verteidigers, der Sachverständigen und schließlich
476 1096 1711 1156 die richterliche Begründung des Urteils gewissenhaft auf ihren Gehalt
479 1153 1709 1202 an echter Kulturweisheit und Kulturkraft verglichen unter Ausscheidung
467 1191 1711 1245 aller gewohnheitsmäßigen Phrasen und tauben Formeln? Wohlan,
466 1241 1711 1304 so wird man aufs neue bestätigt gesehen haben, was von der Rolle
471 1283 1710 1353 des Herrn Staatsanwalts in der ästhetischen Kultur eines so hoch¬
471 1339 1359 1404 stehenden Volkes wie des deutschen zu halten ist.
583 1381 1722 1440 „Es erben sich Gesetz und Rechte wie eine ewige Krankheit
471 1432 1722 1496 fort.“ Darum sind weite Kulturgebiete heute noch nichts anderes als
475 1482 1518 1548 „übertünchte“ Gräber und „gebildete“ drapierte Barbarei.
579 1541 1716 1591 Und nun wollen wir den Nagel für den nächsten Denunzianten
470 1584 1711 1639 bereit halten und uns nicht länger mit Herrn Törnsee beschäftigen.
476 1629 1718 1681 Gesegnet sei die Zeit, wo man die armen Schächer gleich zu den
471 1682 1718 1743 alten Sündenböcken in die Wüste jagt, weil man in den blühenden
471 1728 1715 1800 Gefilden der Kultur ringsum für solche Jammergestalten nichts mehr
1369 1772 1686 1845 M. G. Conrad.
477 1777 669 1840 übrig hat.
559 1832 1715 1899 Rainer Maria Rilke als Kunftschriftsteller. Rainer Maria Rille,
480 1886 1711 1942 der Troubadour der Mädchen und Abendröten, der Sänger vom
480 1941 1713 2002 tieferen Sinn der Dinge, ist nicht in dem Sinne Fachmann, daß er
471 1988 1716 2041 uns Autoritatives und Stichhaltiges über die Gegenstände bieten
468 2033 1718 2090 könnte, die er als Kunstschriftsteller behandelt. Aber er ist auch
481 2088 1712 2139 durchaus nicht in dem bösen Sinne kritischer Dilettant, daß er nur
478 2137 1722 2192 Wertloses, d. i Subjektives und Empfindungsmäßiges mitteilte.
477 2173 1722 2240 Freilich gibt es Literaten genug, die im Gehen und Stehen Be¬
475 2228 1721 2291 sprechungen von Kunstwerken und dgl. aus dem Aermel schütteln;
475 2281 1720 2341 sie erlassen einfach einen Steckbrief hinter der Gänsehaut, die ihnen
478 2325 1713 2387 während des Genusses vor diesem oder jenem „merveilleusen“ Blatt
486 2372 1713 2431 über den Rücken schnurrte, oder hinter den Zuckungen ihres Herzens
477 2419 1718 2489 und des sonstigen Gekröses und damit gut Rilkes Anregungen
485 2474 1710 2536 gehen dagegen durchaus redlich aus dem Objekt hervor. Dadurch
486 2526 1713 2583 unterscheidet sich seine Arbeit von einem sterilen Beschwätzen. Von
479 2570 1720 2624 einer fachmännischen Leistung aber unterscheidet sie sich dadurch,
486 2621 1711 2680 daß er seinen Gegenstand nicht fest in die Hand nimmt, sondern sich
489 2664 1716 2725 nur Mühe gibi, ihn zu Worte kommen zu lassen. Das Objekt läßt
487 2713 1718 2770 er einfach reden, er macht es deutlich und arbeitet seine Eigenart
475 2765 1720 2823 möglichst erkennbar heraus. Was seine poetischen Leistungen aus¬
486 2820 1714 2877 zeichnet, bewährt sich auch hier, bei seinen gelegentlichen Auslassungen
479 2872 1721 2921 über Kunst und Künstler: ein vorbehaltloses Eingehen auf den Gegen¬
489 2919 1716 2973 stand. Vom Kritiker ist man im allgemeinen eine persönliche Meinung
487 2977 1727 3025 zu hören gewöhnt. Rilke der Kunstschriftsteller hat soviel Meinungen
480 3014 1720 3072 als er Objekte hat. Er ist nichts weiter als ein Dolmetscher, seine
487 3055 1727 3120 Stimme schallt von da und dort, aus Steinen, Farben und Linien,
483 3106 1713 3171 wie sie auch in seiner dichterischen Produktion aus Blumen, Mädchen¬
481 3165 1719 3219 trauer und Nachtstürmen kommt, aus allem, was nicht reden kann.
489 3206 1719 3261 All dieses Unwirkliche hat er geformt und vergestaltet, fast nach
482 3261 1727 3317 Prinzipien der bildenden Kunst. Sein letztes Versbuch führt nicht
485 3297 1721 3366 umsonst den Titel: Buch der Bilder. Ein Buch voll von Bildsäulen
479 3352 1725 3411 und Hermen, um welche die kühle, spöttische Ruhe jahrtausendealter
487 3409 1728 3462 Skulpturen fließt. Nicht umsonst hat das „Buch der Bilder“ auch
493 3460 1721 3508 das „Lied der Bildsäule“. Schrecklich starrt sie mit weißen Augen
487 3508 1719 3557 in den Tag. Sie hat bronzene Augenlider, die rotbraun aussehen,
481 3537 1727 3605 als habe sie tausend Jahre lang geweint. Sie steht da und hat die
492 3601 1720 3660 Hände geballt und lauert. Dabei ist sie viel entrückter als eine Leiche
485 3651 1729 3709 und voll einer schwindelnden Ueberwindung. Und sie singt Es
485 3707 1726 3755 könnte fast das Lied des getreuen Johannes im Märchen sein, der
483 3746 1729 3806 für seine Treue in Stein verwandelt ward und nun tagaus tagein
493 3806 1712 3858 im Schlafzimmer seines Herrn stand und auf seine Erlösung wartete:
786 3844 1449 3899 Wer ist es, der mich so liebt, daß er
784 3884 1295 3951 Sein liebes Leben verstoßt?
487 3944 1722 4000 Man begreift, daß diese Fähigkeit, für Stummes, für stumme Bilder
480 3996 1724 4074 zu sprechen, auch den Rodinschen Steinen zustatten kommen mußte.
1753 648 1787 697 d
1764 960 1806 1045 d
1766 3253 3014 3353 Gemren—von semes=Brutes elastischer Kraft“ Hier hat man die
1769 3339 3014 3391 beiden Kräfte, die um die Bildung des Körpers der Figur streiten,
1770 3379 3020 3445 man begreift ihren Kampf, man denkt wie der Künstler, hinter dem
1782 3432 3012 3486 Kunstwerk stehend; man wäre imstande, die nächste Bewegung der
1781 3479 3016 3544 Figur, wenn sie lebendig würde, hinzuzeichnen. Das nenne ich ver¬
1784 3536 3009 3594 tehen. Die beigegebenen Reproduktionen gestatten zu Rilkes glänzen¬
1784 3584 3006 3636 den Nach= und Einfühlungen fast immer die Probe. Der Lesererlebt
1778 3626 3017 3691 Rodin; oder wenn das zu viel gesagt ist, er hört wenigstens Worte
1781 3683 3012 3734 und Namen für das namenlose Staunen, das uns vor Rodinschen
1778 3731 3012 3787 Skulpturen ergreift. Hier arbeitet ein Laie für Laien, und man kann
1777 3776 2215 3841 ihm dafür dankbar sein.
1850 3830 3017 3889 Weniger gelegen war dem Dichter die Aufgabe, über die Worps¬
1847 3944 3017 4000 *) R. M. Rilke, Auguste Rodin. Aus „Die Kunst“ herausgegeben von
1782 3995 2727 4041 ichard Muther. Verlag Julius Bard, Berlin 1903. M. 1.25.
