3436 4224
914 87 1307 189 box 171
218 82 741 220 11. Reigen
290 1120 678 1228 Wahlen vorbeteiten.
301 1248 1373 1318 die Absicht des Verfassers erreicht werden soll. Der
296 1308 1368 1385 Zweck des Dichters ist es ja nicht, mit den einzelnen
300 1362 1377 1452 lüsternen Szenen die Sinne des Lesers zu kitzein. Wer
296 1417 1371 1498 das Buch in diesem Sinne liest, ist einfach ein Trottel,
285 1482 1366 1579 ein versumpfter, indifferenter Lackel, der sich — ist's
298 1533 1368 1619 ein Mann — in ewen Veteranenverein einschreiben
294 1615 1382 1670 kassen, oder ist's ein Weid, unter dem Schutze der
286 1655 1379 1732 Patronage in der Reitschule Tänze aufführen soll. Er
297 1732 1381 1794 will jn nur den Kastenunterschied, den unsere
301 1776 1367 1850 kapitalistische Weltordnung geschaffen, ad absurdum
297 1832 1381 1908 führen und zeigen, daß das Rein=Menschliche sich an
293 1892 1377 1956 derlei Schranken nicht stoßt. Daß dieses Rein=Mensch¬
302 1948 1374 2045 liche heute nur bei edel denkenden Menschen — in
294 2008 1380 2082 diesem Buche vom Dichter — mit dem Schimmer
300 2069 1379 2144 jubelnder Liebeslust verklärt werden kann, ist eben die
289 2137 427 2212 Lehre.
398 2194 1376 2267 Die geschlechtlichen Vorgänge an sich sind Aus¬
293 2214 1372 2319 fluß der Natur und die ekelerregende oder banale
291 2303 1370 2381 Form derselben, die uns anstößig erscheint und es
300 2361 1375 2442 wirklich auch ist, nur die Wirkung unserer sozialen
292 2424 550 2508 Verhältnisse.
395 2444 1370 2553 Das süße Mädel! Warum ist diese Bezeichnung
302 2536 1373 2607 in Schwang gekommen? Weil so ein liebes, herziges
296 2592 1371 2666 Mädel, auch wenn es den Blütenstaub der materiellen
297 2654 1379 2729 Unschuld abgestreift, wirklich süß und begehrenswert
302 2717 1375 2774 ist. Daß es zum Spielballe des Erstbesten wird, der
285 2775 1378 2849 imstande ist, die trauliche Liebeszweisamkeit zwischen
291 2837 1381 2916 din vier Wänden eines Separées oder in den Räumen
302 2888 1370 2958 eines Absteigequartiers zu bezahlen und daß das süße
283 2949 1380 3016 Mädel nur immer Süßigkeit für den ist, der es sicht
281 3013 1372 3103 wnn auch nur domit kauft, daß er die Gelegenheit bezah;
1413 1118 2499 1226 Gruseln gelesen haben, wie bei einer erfolgreichen
1414 1268 2499 1329 und dieses süße Mädel nur unter den einigermaßen
2527 1219 3258 1324 nicht: Bruder in „iristo“) — wie
1422 1316 3247 1390 kepitals kräftigen Unternehmungslustigen wählen kanngeiden? Das Dichterhandwerk
1409 1360 2488 1434 und es ganz' ausgeschlossen erscheint, daß auch ein
2535 1359 3236 1446 goldenen Boden, aber der Dichter,
1407 1421 2493 1520 Arbeitssklave erfahren könnte, wie so ein süßes Mädel
2530 1426 3247 1517 geber, dem Verleger, nicht parieren
1410 1484 2379 1563 schmeckt, das ist das korrupte bit der Geschichte.
2531 1479 3266 1562 so auf der Straße wie ihr. Schi
1513 1544 2496 1638 Sie praktizieren die freie Liebe und uns höhnen
2530 1533 3279 1633 „Reigen“ im Winter 1896/97 ges
2528 1603 3269 1683 erschien das Buch erst solange dan
1406 1603 1616 1684 sie damit.
1516 1627 2498 1735 Denn, wenn der „Reigen“ schon nachweist, daß sich
2524 1664 3275 1735 leger hätte es damals drucken lassen
1417 1727 2496 1798 alles im Reigen dreht, warum soll dann der, der die
2530 1727 3258 1808 selbst die Mittel gehabt hätte, das
1408 1782 2496 1855 Dekoration für die Räume des verfeinerten Lebens¬
2530 1772 3247 1871 Auflage von 200 für seine Freunde
1414 1839 2489 1911 genusses liefert, nur unten am Schlammboden der
2530 1834 3268 1923 die daun, wie bei uns die Vertra
1413 1894 2485 1973 Liebe unter freiem Himmel oder im Proletarierehejoch
2534 1897 3266 1978 nötigen Druck ausübten, heute noch i
1410 1958 2493 2023 oben in der Dachkammer tanzen? Auch das ist eine
2528 1951 3261 2042 skript in Schnitziers Tischlade liegen.
1422 2011 2499 2090 soziale Frage! Die mächtigste — meine ich. — „Wie
2623 2020 3258 2101 Warum das Buch so teuer ist?
1422 2071 2479 2151 die Hunde auf der Straße möchten sie es machen!“
2530 2072 3247 2160 schreit nach dem Buch — Schnitzler
1420 2140 2481 2204 höre ich da unser sittsames Spießervolk schreien. „Ihr,
2526 2131 3236 2221 billig — ein anständiges Honorar,
1415 2199 2483 2260 ihr habt doch an jeder Straßenecke ein Haus, in das
2527 2186 3224 2276 will bei der Geschichte eben auch
1415 2260 2481 2330 ihr mit „ehrbarer“ Miene schleicht und aus dem ihr
2529 2244 3269 2340 junktur, wie man in der Profitsprach
1414 2307 2477 2395 mit einem saunischen Lächeln auf den Lippen heraus¬
2524 2306 3266 2394 und für sich wenigstens ebensoviel al
1408 2361 2489 2433 tretet.“ Es ist ganz gut, daß Arthur Schnitzler dem
2531 2364 3275 2460 komm, herausschlagen. Fraget nur
1421 2424 2486 2504 Proletarier, der den Grasen füglich als Schwager an¬
2531 2426 3257 2506 Buchdrucker, der wird euch schon
1416 2485 2489 2555 reden kann, die Uniform des gemeinen Soldaten ange¬
2527 2478 3264 2570 machen. In der Welt, die vom Me
1407 2539 2486 2625 zogen hat; wenigstens weiß er, wozu er in dieser
2529 2548 3262 2613 es nicht anders — bei uns in Oes
1419 2588 2498 2679 gottgewollten Ordnung gut genug ist. Daß er, wenn
2534 2595 3271 2668 nicht, da die Druckereibesitzer wie die
1418 2668 2497 2736 er die bunte Jacke ausgezogen, arbeitet und Werte
2524 2658 3271 2749 zessionen haben. Das gilt aber auch
1411 2717 2494 2799 schofft, das betrachtet das „bessere Volk“ doch nur
2531 2729 3259 2790 Großen. Die kleineren Drucker, wie
1417 2774 2498 2850 als Nebenbeschäftigung, obgleich es von diesen Werten
2530 2773 3213 2854 hält sich zum „Wiener Verlag“
1419 2836 2484 2898 lebt und sich das Vergnügen des süßen Mädels gönn',
2538 2830 3248 2903 Maus zum Löwen. Doch die Maus,
1414 2898 2495 2963 das ihm, wenn der Rahm abgeschöpft ist, als Dirne
2523 2889 3270 2994 die Stricke zerbeißen, die den ander
1415 2951 2221 3033 zufällt — und dann nicht ausschließlich.
2632 2994 3259 3106 *) Trist (lateinisch), traurig — in der
1512 2998 2494 3104 Dem Dichter, dem neid ich's nicht; du wohl auch
