3392 4256
266 94 778 205 11. Reigen
966 89 1380 187 box 18/1
923 816 1000 887 52
1460 823 1722 905 Die Zukunft
926 905 2245 993 scholle aller Schöpferkräfte düngen, haben Denen, die noch
926 973 2235 1057 zweifeln konnten, allerneuste Forschungen und Heilversuche,
941 1042 2234 1105 von den Hysteropathologen bis auf Steinach, wieder bewiesen.
939 1085 2243 1163 Weshalb soll Kunst, die selbst da, wo sie, wie in Beethovens
936 1157 2234 1226 sublimsten Tongedichten, dem Oberflächenbetrachter völlig
936 1209 2238 1262 entsinnlicht scheint, ohne zeugende und empfangende Sinn¬
924 1254 2228 1341 lichkeit undenkbar ist, nicht wiederum Sinnlichkeit anfachen,
930 1330 2226 1402 schüren, dem aus Gefühlsasche sich hebenden Phoenix die
924 1387 2232 1466 Schwingen stärken? Daß sie durch solches Wirken „sich
929 1433 2235 1527 entwürdige“, ist die Meinung der von Spuk Geängsteten und
939 1495 2222 1579 wird von der feinsten Ode der Sappho, von mancher Plastik
928 1555 2237 1643 des ältesten Fernostens, von Philinens Liedern, von Giorgione
934 1625 2241 1680 und Rodin, von Mozart, Verdi, dem Tristan-Wagner, von
938 1671 2236 1758 einer Halle prangender Kunstgebilde, lächelnd oder jauchzend,
934 1738 2238 1793 widerlegt. Wer ein Kunstwerk, weil es die Sinnlichkeit be¬
925 1791 2232 1867 flügeln, in heißeren Puls erhitzen hönnte, um einen Theil
932 1865 2233 1935 seiner Wirkungmöglichkeiten zu bringen, also in seinem Le¬
925 1906 2233 1990 ben-zu hemmen strebt, wird der Sünde wider den Heiligen
926 1981 2225 2046 Geist schuldig und müßte am Schandpfahl der Nation stehen,
927 2038 2233 2113 deren unersetzlichen Schatz er, mit Vorsatz oder fahrlässig,
925 2100 2229 2171 wärs auch nur für eine kurze Zeitspanne, geschmälert hat.
1015 2145 2233 2237 Aus dieser (knapp skizzirten) Auffassung kommt meine
920 2207 2237 2264 Antwort auf Ihre Frage. Aber auch aus der unbeugsamen
924 2268 2235 2359 Entschlossenheit, in ernster Prüfung als wahr Erkanntes nie¬
927 2343 2230 2398 mals deshalb zu verschweigen, weil die Aussprache in den
918 2386 2227 2448 Mißruf des Kunstfeindes, Philisters, Muckers, Heuchlers brin¬
927 2443 2226 2514 gen könnte. Solcher heutzutage ringsum lauernden Einschüch¬
920 2507 2232 2560 terung mag unterliegen, durch Hissung der Papierfahne mit
917 2562 2226 2628 der Inschrift „Freiheit der Kunst“ mag Zeitungruhm ein¬
914 2614 2222 2690 fangen, wer sein Leben auf Applaus gestellt hat. Mit grau¬
923 2692 2229 2761 samer Eindringlichkeit lehrt unser Alltag, wie schnell da sich
928 2738 2225 2797 das Leben entsittlicht, wo der große Inbegriff des Menschen¬
927 2791 2233 2856 sehnens nach Freiheit zur leblosen, von keiner Seelenkraft
919 2860 1929 2930 gläubig umfangenen Phrase entwerthet wird.
1012 2912 2217 2988 Herr Arthur Schnitzler ist ein Wortkünstler, in dem,
916 2979 2227 3036 nach seinem eigenen Urtheil, Niemand herzlicher als ich einst
920 3034 2224 3106 eine Hoffnung deutscher Dramatik begrüßt hat. Aus der
918 3093 2221 3164 Knospe dieser Hoffnung ist nicht vollreife Frucht geworden.
905 3155 2227 3230 Der Dämon, der Genius war ausgeblieben; nur ein paar
