3392 4256
988 90 1401 180 box 18/1
298 92 431 179 11.
478 107 799 202 Reigen
565 274 688 330 —.—
1298 310 1357 345 —
450 293 695 381 Aufhebung
737 325 817 384 des
868 329 1259 396 „Reigen"=Verbots.
1262 337 1368 403 Di
374 348 725 418 Urteilsverkündigu
925 379 1380 449 zeigen“=Prozeß ist nu
376 393 679 464 heuter Leppittag
927 418 1377 479 Landgericht III hat den
381 437 660 502 Einspruch' des
918 461 1367 526 Schauspielhause
383 482 771 544 gegen die einstweil
872 501 1362 565 unter Haftandrohung di
383 529 1369 608 „Reigen“=Aufführung berbietende Verfügung stattge
374 567 1361 636 geben und diese Verfügung selbst aufge
371 604 1363 690 hoben. Damit hat die Zivilkammer sich der vor
370 642 1360 728 der Kritik übereinstimmend bekundeten Meinung an
370 687 1367 771 geschlossen, daß die vornehme Art der Darstellung
369 730 1358 813 des Schnitzler=Aarks die bei der Lektüre sich er
359 769 992 831 gebenden Wirkunscabschwäche.
426 807 1290 885 Das Kultusministe#r bzw. die Hochschule
1300 834 1359 894 für
354 833 1296 929 Musik haben sich eine r# überflüssige Abfuhr
1308 888 1356 936 ge
368 898 1284 974 holt. Es ist nicht ststpathi##daß der Anlaß
368 935 1271 1013 einem Institut ausging, an den#i Künstler
367 968 1273 1053 Schreker die Oberleitung ##runenseits
1268 1003 1364 1055 des
367 1007 1344 1094 Streits, ob „Reigen“ für eine öffentliche Aufführung
357 1048 1348 1130 taugt oder nicht taugt, hat die öffentliche Mora
360 1090 1352 1176 erheblich in einem besonderen Punkt gewonnen: Wie
328 1135 1359 1226 man weiß, hat bei dem Prozeß der Wunsch der
321 1203 1353 1305 Hochschule, den Theatersaal für ihre Zwecke wieder,
330 1260 1339 1344 reizubekommen, einen gewissen Einfluß ausgeübt.“
255 1297 1314 1382 *! Es resultiert daraus die ethische Forderung, fur die
260 1327 296 1382 h
309 1337 1315 1415 auch wir mit allem Nachdruck eintraten, daß unter¬
322 1375 1326 1478 schiedliche Motive nicht miteinander verquickt werden
259 1414 440 1472 nisollen.
1094 1806 1336 1869 Das-Urteil im
914 1813 1056 1891 egeben.
515 1792 762 1880 DenRei
992 1854 1344 1915 Uhr vorftitteg ver¬
408 1845 649 1910 „Reigen##
1081 1896 1334 1942 haf dem Ein¬
403 1890 663 1952 IiBertigen
398 1938 713 1986 spruch der Direk
1054 1975 1334 2023 durch die unter
402 1965 1026 2029 gegen die einsch##e Verut
406 1995 1342 2061 gleichzeitiger Androhung einer Häftstrafe von sechs
398 2050 1332 2099 Wochen die Aufführung der Schnitzlerschen zehn Dialoge
407 2089 1345 2143 am 23. Dezember untersagt worden war, sstattgegeben
397 2127 952 2189 und die Verfügung aufgehoben.
444 2342 686 2432 zu berichen.
571 2421 1159 2507 Der „Neigen“ fleigegeben.
494 2464 1296 2554 Das Urtei ## cien“ Proßz aß ist
444 2516 1297 2595 heute um 10 Uhr vormittags ####rden.
436 2580 1297 2639 Das Landgericht III hat dim Einspruch
436 2632 1303 2685 der Direktion des Kleinen Schauspielhauses gegen
426 2684 1302 2745 die einstwällige Verfügung, durch die
440 2730 1306 2794 unter gleiche Androhung einer Haftstrafe
454 2785 1292 2846 von sechs Woch die Aufführung der Schnitzler¬
451 2825 1298 2890 schen zehn Dialdge m 23. Dezember untersagt
457 2888 1300 2952 worden war, stattg##en und die Verfügung
447 2925 747 2986 aufgehoben.
985 2925 1089 2995 -6.
1124 2924 1184 2992 1
1219 2926 1299 2995 92
502 2951 1304 3042 Diese Entscheidung ist, Die man weiß, von
444 3019 1296 3070 der gleichen Kammer getroffergworden, die am
445 3072 1299 3117 23. Dezember die einstweilige Verfägung erlassen
446 3108 1301 3176 hatte, allerdings lediglich auf Grundes Schnitz¬
449 3143 1305 3203 lerschen Buches. Die Wandlung in deMMeinung
448 3196 1306 3259 der Kammer ist durch die Aufführung 7 Klei¬
451 3233 1310 3293 nen Schauspielhaus hervorgerufen wordet In
449 3289 1303 3339 dem Termin am 3. Januar hatte die Kammer
447 3330 1297 3383 den Beschluß gefaßt, daß, wie vorher der Vor¬
450 3373 1304 3431 sitzende Geheimrat Bock, auch die Beisitzer einer
444 3417 1316 3481 Vorstellung des Reigen beiwohnen sollten. Das
448 3464 1302 3519 ist am Dienstag geschehen. Die Kammer ist zu
439 3509 1307 3580 der Auffassung gelangt, daß der Reigen“ in der
450 3535 1311 3613 dezenten Art und bei dem künstlerischen Niveau
442 3594 1304 3646 der Aufführung im Kleinen Schauspielhaus
450 3641 1307 3717 nicht geeignet sei, das sittliche Empfinden zu
438 3684 628 3760 verletzen.
1815 247 2941 328 Kein Verkauf des Metropoltheaters. Die Nachvicht, daß
1786 294 2846 366 der Castiglioni=Konzern auch das Berliner Metropoltheater
2860 319 2932 363 an¬
1778 338 2938 393 kaufen wolle, bestätigt sich nicht. Ueber den Geschäftsgang dieser
1792 377 2846 445 Bühne teilt uns ihr Direktor Friedmann =Frederich
2849 391 2939 439 mit,
1779 415 2920 480 daß der Fehlbetrag des letzten Jahres auf den Kapp=Putsch und
1780 453 2462 524 seine Nachwirkungen zurückzuführen sei.
1805 508 2934 576 Das Verbot des „Reigen“ aufgehoben. Der Einspruch der
1788 542 2932 601 Direktion des Kleinen Schauspielauses gegen die einst¬
1785 594 2926 654 weilige Verfügung vom 23. Dezember, durch die — unter An¬
1777 627 2924 693 drohung einer Haftstrafe von sechs Wochen — die Aufführung von
1772 668 2920 724 Schnitzlers „Reigen“ untersagt wurde, hat Erfolg gehabt:
1782 705 2918 768 bi Verfugzung ist aufgehoben worden. Diese Entscheidung ist
1767 743 2922 810 heute von dem Vorsitzenden der gleichen Kammer des Landge¬
1778 791 2913 846 richts III bekanntgegeben worden, die am 23. Dezember die einst¬
1776 823 2920 884 weilige Verfügung erlassen hat. Die Verschiedenheit der Urteile
1770 866 2917 918 erklärt sich aus der Verschiedenheit ihrer Grundlagen. Die einst¬
1779 897 2913 978 weilige Verfügung war getroffen worden auf Grund der Lest##¬
1761 996 2904 1090 des Buches, die Aufhebung der Verfügung auf Grund eines
1761 1045 2768 1107 „Lokalaugenscheines“ im Kleinen Schauspielhaus.
2766 1070 2898 1119 Vor¬
1762 1076 2893 1162 sitzender und Beisitzender der Kammer hatten einer Verstellung des
1760 1114 2126 1164 „Reigen“ Velgemamm.
2182 1122 2289 1170 S
2436 1130 2748 1182 d untenscheide
1752 1147 2290 1195 zwischen Buch und Aufführung.
2299 1156 2892 1217 — hatte beim Losen der Schliße
1752 1183 2891 1252 lerschen zehn Dialoge den Eindruck, daß ihre Darstellung auf der
1761 1216 2889 1290 Bühne das sittliche Empfinden verletzen müßte, im Theater ge¬
1753 1263 2888 1325 wannen die Richter die Ueberzeugung, daß die Aufführung dezent
1749 1293 2732 1364 sei, auf hohem künstlerischen Niveau stehe und das
2739 1313 2896 1371 sittliche
1744 1338 2892 1398 Empfinden nicht verletzen könnte. Der „Reigen“ darf also un¬
1751 1373 2891 1440 angefochten weiter gespielt werden, unangefochten wird wohl auch
1739 1408 2887 1484 jetzt der Mietvertrag zwischen der Hochschule für Musik und dem
1743 1453 2882 1518 Kleinen Schauspielhause bleiben, der die eigentliche Veranlassung
1738 1488 2874 1579 zu der Aktion des Kultusministeriums gegen den „Reigen“ ge
1740 1520 1907 1581 wesen ist.
1777 1569 2894 1646 Zu der heutigen Erklärung Maximilian Hardens ist noch
1741 1604 2888 1688 zu bemerken, daß die von Harden angefochtene Mitteilung der
1737 1662 2886 1730 „Vossischen Zeitung“ aus dem Kultusministerium stammt und
1735 1693 2879 1753 daß uns sein an die Hochschule gerichtetes Schreiben nicht vor¬
1744 1733 2882 1804 gelegen hat. Es scheint demnach, daß man im Ministerium die
1730 1777 2892 1841 von Harden gewollte Ironie seines Gutachtens verkannt und es
1736 1808 2888 1901 in Verkennung dieser Tendenz dem (klägerischen) Antrag bei¬
1721 1849 1953 1911 gegeben hat.
2920 2044 3018 2124 10
1960 2129 3073 2215 Der Reigen der „Reigen“=Gutachter. Herr Maximilian
1915 2178 3067 2247 Hardonschreibte uns: Alte Abonnement Ihrer Zeitung sehe ich
1941 2235 3073 2285 oeben (unterweßs), sdaß der Inhalt eines Briefes, den die Staat¬
1894 2259 3074 2340 liche Hochschule für Müsik von mir erbat, Ihnen (und von Ihnen)
1927 2299 3068 2366 durchaus unrichtig angégeben ist. In diesem langen Briefe, dessen
1930 2344 3068 2409 Lektüre ich Ihnen nicht zumute, der nun aber von mir veröffent¬
1933 2382 3081 2446 licht werden muß, din ich leidenschaftlich für das Recht auf die
1881 2423 3077 2501 □ Freude an Sinnlichkeit eingetreten und habe, ironisch, geschlossen:
1937 2464 3066 2532 „Das wirksamste Mittel, diese Freude zu morden, wäre die Grün
1929 2502 3072 2566 dung einer Staatlichen Hochschule für den technischen Betrieb der
1927 2539 3070 2616 Sinnlichkeit“. Deren Probierbühne mag dann mit „Reigen eröffnet
1900 2621 3049 2719 werden.“ Ich nannte Sinnlichkeit „das die breiteste Glücksfülle aus¬
1905 2685 3053 2763 strahlende Kronkleinod des Menschen“; und mit irgendwelcher
1906 2726 2954 2811 Muckerei, Prüderie hat mein Urteil nichts, gar nichts gemein.
1938 2783 3049 2872 Hugo v. Hofmannsthal ist in Berlin eingetroffen, um der
1908 2831 3049 2901 wiederholt angekündigten Erstaufführung seiner beiden Bühnen¬
1898 2871 2733 2949 dichtungen in den Kammerspielen beizuwohnen.
1689 3120 2831 3198 — „Der Reigen“ frei! Das Landgericht III hat heute die
2385 3162 2813 3232 ZaKehnentSMau¬
1633 3182 2344 3237 Verfügung, worich der Direktn
1645 3202 2819 3273 pielhauses dfführung der Schufßletschen Fläldse Vr¬
2839 3217 3028 3323 ETN
1627 3258 2823 3316 boten werden solltehg#gehoben. Das war ticht anders zu
1628 3292 2818 3362 erwarten und zu wünschese Hultusminister Haenisch ist erfreulicher¬
1631 3322 2821 3402 weise von den Herren seines Ministeriums, welche die Aufführung
1635 3371 2812 3445 des Werkes mit der Frage des ##rechts im Kleinen Schauspiel¬
1636 3413 2814 3486 haus verbandelten und auf dem Umwegsüber ein „Verbot aus sitt¬
2856 3447 2893 3493 180
1642 3453 2813 3523 lichen Gründen“ vorzeitig in die Räume e###ingen wollten, deutlich
1634 3510 2818 3574 genug abgerückt. Er wird auch ohne Androh###einer sechswöchigen
1645 3540 2816 3623 Haftstrafe wohl zu verhindern wissen, daß ie Beamten einer
1635 3594 2826 3657 republikanischen Behörde sich der peinlichen Fol##zeuge ver¬
1640 3634 2294 3715 gangener Zeiten von neuem bedienen.
