3392 4256
236 85 335 164 11
423 84 753 181 Reigen
947 81 1297 177 box 18
948 986 2248 1073 inne wird, daß seine Donna Anna aus der Liebestragik sich in die
939 1059 2239 1122 Mutterschaft, die Ehe und die Kunst gerettet hat. Der Rest von sehn¬
941 1105 2249 1157 suchtsvoller Trauer ihrer Seele zergeht bei der Begegnung mit dem
941 1159 2247 1215 Selbstling, dem Filou, dem Schaumabschöpfer, der sie mit einer andern
941 1200 2246 1263 Frau verwechselt, zergeht und löst in einen Ton sich auf, in eine Arie,
949 1251 2238 1311 die sie niemals mehr hat singen wollen. Dieser Akt ist das Loblied des
950 1303 2242 1361 Künstlers auf seinen — wie Meier-Graefe sagt — Kram, der schwerer
946 1350 2250 1410 wiegt als alle sogenannten Erlebnisse und noch wirkt und schafft und
943 1400 2248 1452 beglückt, wenn der zeugende Geist schon kindisch und der Leib wieder
940 1450 2249 1507 kindlich geworden ist. Das wird nicht ausgrewalzt, sondern in einer
941 1500 2249 1557 kestbaren Episode sinnfällig, bevor es die schlagende Schlußpointe zu
942 1551 2243 1599 bilden hat. Ich möchte um keinen Preis die Grabesruhe des verdienst¬
937 1599 2241 1671 lichen Brahm beeinträchtigen: aber man fragt sich doch, wieviel seinem
939 1648 2242 1713 ziemlich anspruchsvollen Geschmack von einem Organisinus übrig
938 1691 1819 1753 blieb, dem ei das Herz herausgebrochen hatte.
1024 1741 2249 1798 Immerhin: die Rolle für Kainz blieb übrig. Was in den Kannner¬
942 1802 2241 1854 spielen diesmal fehlt, ist: Erlesenheit; überall äußere, allzu oft innere
949 1843 2246 1912 Erlesenheit. Das erste Stück hat zu wenig Licht und Luft vom Land
942 1894 2238 1946 (trotzdem ich das neue Fräulein Denera am Anfang fast mit Augusten
941 1946 2240 2006 Pünkösdy verwechselt hätte), von der Scholle, deren würziger Geruch
943 1990 2245 2047 dem verwöhnten Florindo erregend in die Nüstern des Städters steigt;
939 2035 2247 2103 das zweite hat zu wenig vom-Hauch der großen Welt, die seine Heimat
938 2096 2245 2156 geworden ist und ihn allmählich völlig entseelt hat. Derlei ist nicht
950 2139 2242 2194 Sache der „Ausstattung“, sondern der Phantasie eines Regisseurs, der
948 2190 2246 2255 wäre, wie er heißt: Reich. An den jungen Casanova turnt und tollt
948 2231 2244 2299 sich Moissi ,beweglich genug heran: ins Zentrum dringt er ihm nicht.
941 2288 2244 2336 Der alte lärmt mir zu einförmig. Hier — ja, muß es hier nicht Augen¬
950 2334 2242 2396 blicke der Stille, der Einkehr, der Selbstbesinnung, wenn auch frucht¬
947 2393 2250 2445 loser, wenn auch theatralischer, geben? „Ich will den Campanile um
944 2428 2239 2497 und um.“: diese schmelzend hingejauchzte Diatribe, ein Dekla¬
949 2481 2239 2545 mationsstück ohnegleichen, wird von dem Italiener Moissi, einem be¬
946 2536 2243 2596 währten Melodiker, dessen Stimme wie mit Brokat ausgeschlagen ist,
939 2584 2252 2641 rätselhafterweise mißtönig kleingeschrieen. Nun, vielleicht war er an
934 2635 2248 2689 meinem Abend ebenfalls indisponiert. Seine Partnerin Lina Lossen
947 2682 2244 2731 war nämlich offenbar stockheiser. Aber die Reinheit ihres Wesens be¬
943 2724 2248 2787 darf, um sich auszudrücken, kaum der Reinheit eines Organs, das im
943 2778 2240 2836 gesundesten Zustand nicht genügend tragfähig ist. Ihre Mittel sind:
945 2826 2240 2881 die ergreifende Schüchternheit und Unweliläufigkeit der kurzen
940 2869 2235 2946 Schritte; das Abwehrspiel der Hände, die imer Distanz zu erbitten
939 2927 2243 2989 scheinen; der Schmerzenszug um den Mund; das Auge, dieses Auge.
935 2981 2250 3029 Zu sprechen braucht sie eigentlich nicht. Peinlich sogar, sie nach
933 3027 2244 3077 Hofmannsthals Kommando ruhmrednerisch von ihrer Kehle sprechen
951 3075 2238 3133 zu hören. Die Seele ist es, die da singt. Man wünschte diesem
938 3123 2233 3177 stummen Gesang kein Ende. Nach Barnowskys unerforschlichem Rat¬
950 3179 2239 3252 schluß aber erklingt er niemals mehr auf seiner, sondern jedes Jahr
945 3226 1787 3288 höchstens ein Mal auf einer fremden Bühne.
2125 3311 2192 3405 73
