3484 4224
872 153 1291 262 box 17/1
170 158 705 263 11. Reigen
1188 1754 2138 1828 gezeichnet und doch ist jedes Individuum wieder ein
1190 1817 2142 1872 Typus, in seiner Weise gleichsam eine ideale Gestalt.
381 1765 1068 1905 Jeuilleton.
1189 1868 2139 1923 In diesen turzen zehn Dialogen steht mehr über die
1190 1911 2138 1969 Physiologic und Psychologie der Liebe als in den tief¬
235 1917 1183 2018 Ein neues Buch von Arthur Schnitzler.
1200 1952 2136 2017 sinnigsten und vieldeutigsten Abhandlungen. Und wer
1192 2013 2137 2064 die Liebe erkennt, erkennt die Menschen, und wer die
331 1993 1177 2071 Vor einigen Tagen ist im Wiener Verlage ein
1197 2051 2133 2113 Menschen kennt, sieht in den Mechanismus, der das
231 2034 1179 2126 nues Buch von Artyur Schnitzler erschienen. Es
1203 2105 2136 2166 Leben heißt, oder die Welt. „Reigen“ nennt der
226 2092 1176 2173 nennt sich „Reigen“, zehn Dialoge. Neu ist das Buch
1204 2160 2133 2220 Dichter sein Buch. Es ist wie ein neckisches Gegen¬
235 2149 1178 2217 eigentlich nicht. Im Vinter 1896/1897 ließ es der
1218 2204 2144 2256 tück zu den einst so beliebten Totentänzen. Eine
227 2205 1177 2263 Verfasser als Manuskript für seine Freunde drucken.
1207 2246 2143 2303 Reihe von Liebestänzen ist es. Paar dreht sich um
233 2258 1183 2316 Er schrieb damals in der Einleitung: „Ich glaube,
1207 2293 2138 2365 Raar und alles wirbelt um die große Flamme, an
236 2292 1179 2362 der Wert dieser Szenen liegt anderswo als darin, daß
1200 2333 2143 2406 der sich seit Anbeginn der Zeiten die Menschheit
234 2345 1177 2407 ihr Inhalt den geltenden Begriffen nach die Veröffent¬
1211 2384 2137 2455 wärmt, die allen Entwicklungswegen leuchtet, die
236 2403 1177 2459 lichung zu verbieten scheint.“ Die geltenden Begriffe!
1198 2439 2141 2501 Nächte erhellt und lockend immer wieder L#fer heran¬
232 2444 1178 2511 Was wird alles in deutschen Landen, von Frankreich
1198 2494 2138 2550 zieht, die in ihr verbrennen. Altarfeuer unn zehrender
232 2491 1187 2551 und England gar nicht zu reden, gedruckt, was dieses
1212 2537 2136 2592 Brand, Leuchtturm im Ozean des Lebens, wütende
230 2543 1183 2614 Büchlein an Kühnheit und Freiheit übertrifft! Und
1205 2589 2136 2644 Feuersbrunst, die keine Schonung kennt, Irrlicht und
231 2583 1177 2657 andererseits wie turmhoch steht „Reigen“ über der
1208 2638 2148 2691 Herdfeuer, das alles ist die Liebe. Man könnte sie den
238 2636 1179 2699 ganzen erotischen Literatur der letzten zwei Jahr¬
1214 2679 2138 2739 Sinn und die Weisheit des Lebens nennen und man
242 2685 1192 2747 hunderte! Man kann höchstens die graziösen Pocten
1198 2726 2148 2781 irrt auch nicht, wenn man sie Narrheit und Unsinn
237 2731 1184 2797 des achtzehnten Jahrhunderis zum Vergleich heran¬
1215 2774 2149 2845 schilt. Alle, die sie segnen, haben Recht, und alle, die
245 2786 1181 2850 ziehen; die ersetzten aber meistens durch Lüsternheit
1206 2822 2137 2885 ihr fluchen, nicht minder. Sie ist die Quelle aller
252 2830 1179 2891 und gesuchte Frivolität, was ihnen an schlagendem
1211 2873 2146 2928 Tragik, und dabei zugleich das Komischeste, was es
235 2876 1185 2943 Witz abgieng. Und von psychologischer Menschen¬
1213 2927 2146 2987 gibt. Sie ist göttlich und teuflisch, himmlisch und ge¬
237 2922 1180 2988 beobachtung sucht man in diesen Schaumschlägern der
1214 2973 2084 3022 mein, sie verkörpert das Tier im Menschen und
241 2971 1181 3040 Zweideutigkeit vergebens eine Spur. Nein, Schnitzler
1214 3017 2084 3079 erhebt ihn über die Erde. Weit über die Erde hebt
2093 3021 2147 3074 sie
233 3026 1181 3078 hat keinen Vorgänger. Sein Buch ist einzig in seiner
1202 3063 2142 3122 den Menschen empor auf blauen, leuchtenden Flügeln,
241 3069 1184 3136 Art, ja klassisch in seiner Art. Es ist voll Weisheit
1199 3113 2142 3169 deren Spitzen geraucht sind in Himmelsgluten und sie
247 3118 1190 3179 und Witz, voll Anmut und Schärfe. Jedes Indivi¬
238 3165 2152 3242 duum ist echt und wahr, mir äußerstem Realismus stürzt ihn herab in Kot und Schmutz. Unser ganzes
2160 1732 3108 1821 Leben dreht sich um den einen Punkt, aus dem
2154 1808 3106 1867 der Menschheit und nicht nur der Frauen Weh und
2157 1857 3112 1923 Ach, so tausendfach, nach Goethes Rezept zu kurieren
2155 1912 3103 1971 ist. Aber es schickt sich nicht, von diesem Punkte laut
2162 1955 3112 2012 zu reden. Schnitzler hat nun die Frechheit, das zu
2155 2000 3110 2061 tun. Und trotzdem wird es gewiß eine Menge Leute
2154 2049 3116 2108 geben, nicht nur Dummköpfe und Tartüffes, die ihm
2157 2102 3112 2164 das Erscheinen dieses Buches im Handel bitter und
2166 2148 3104 2207 vielleicht nicht mit Unrecht verübeln werden. Denn
2162 2198 3100 2264 Eines ist sicher: Es ist keine Lektüre für unreife Men¬
2170 2238 3108 2309 schen, es ist ein Buch für sehr Erwachsene. Aber auch
2174 2296 3115 2356 Petronius und Lucian sind nur Bücher für Reife.
2168 2342 3115 2413 „Reigen“ läuft allzusehr Gefahr, als pornographische
2167 2388 3105 2447 Lektüre mit dem gewissen Augenblinzeln verkauft,
2170 2439 3113 2510 und mit der gewissen Gier verschlungen zu werden.
2171 2488 3107 2549 Und es wäre jammerschade, wenn man Schnitzler mit
2166 2528 3118 2592 dem Schmutz einer gewissen Literatur in einen Topf
2168 2581 3115 2652 werfen würde. Das sind gewiß lauter Bedenken, die
2159 2630 3114 2691 nur Deutschen in deutschen Landen koumen können.
2164 2673 3107 2734 Der Franzose ist unbefangener, ja ich möchte sagen,
2169 2732 3114 2780 künstlerischer. Er weiß den Künstler vom Schmutzfink
2166 2779 3111 2841 zu unterscheiden und er mißt solch ein teckes Prodult
2157 2826 3118 2883 übermütiger Laune nicht mit der strengen Elle der
2157 2873 3112 2925 Moral. Was aber wird der arme Schnitzler in deut¬
2159 2919 3118 2990 schen Landen über sein Buch noch zu hören bekommenk
2274 2971 3111 3032 „Reigen“ nennt der Dichter sein Buch. Erstes
2163 3016 3105 3069 Paar: Soldat und Dirne. Derselbe Soldat wird der
2166 3065 3113 3128 Geliebte eines Stubenmädchens. Das Stubenmädchen
2168 3114 3113 3189 und der junge Herr im Hause, wo sie dient, tanzen
2159 3163 3109 3215 im Reigen. Der junge Herr „verführt“ eine junge
