3532 4224
401 95 914 203 11. Reigen
1101 115 1519 216 box 18/2
1459 733 2253 866 Riole & Elidel
1476 825 2224 959 Bureau für Zeitungsausschnitte
1462 909 2232 1020 Berlin NO. 45, Georgenkirchplatz 21
1693 1031 2158 1133 Abendpest.
1420 1138 1731 1220 Zeitung: e
1987 1182 2250 1249 nsusanraen asansen
1423 1247 2248 1357 UII: unmmm
1408 1357 2229 1456 Datum: m
1671 1424 2082 1504 U. NUVIISZL
1403 1494 1656 1595 Kung
1561 1600 2112 1694 Der Reigen-Prozeß.
1460 1680 2187 1761 Widersprechende Zeugenaussagen.
1462 1739 2249 1807 Sch weiteren Verlauf der gestrigen Beweis¬
1416 1791 2259 1843 aufnahmne wurde nach dem Zeugen Direktor
1412 1835 2255 1895 Stelzbeg ein Bankprokurist als Zeuge vernom¬
1414 1879 2264 1938 men, der anfängich nur unter Ausschluß der
1413 1921 2252 1972 Oeffentlichkeit seine Aussage abgeben wollte. Der
1418 1961 2263 2013 Antrag des Staatsanwalts auf Ausschluß der
1421 2009 2255 2059 Oeffentlichkeit wurde jedoch abgelehnt. Der Zeuge
1417 2055 2260 2101 bekundete dann, daß er als junger Mann von
1413 2092 2254 2146 zwanzig Jahren vielleicht an dem Stücke Ge¬
1415 2144 2258 2194 fallen gefunden hätte. Jetzt, als gereiften
1411 2177 2259 2233 Mann, hätte ihn der Inhalt des Stückes abge¬
1413 2221 2254 2286 stoßen. Im Gegensatz zu dieser Aussage stand
1412 2269 2254 2327 die Bekundung einer Zeugin, die die Aufführung
1409 2328 2257 2368 als geaziös und dezent bezeichnete. Dem wiber¬
1410 2352 2258 2419 sprachen die Auzsagen verschiedener folgendee
1414 2409 2251 2472 Zeuginnen, der Vorsitzenden eines Frauenver¬
1424 2447 2253 2502 eines, einer Lehrerin und einer Rektorin, die
1409 2495 2250 2540 den Vorsitz des Vereins Berliner Lehrerinnen
1410 2539 2247 2585 innehat. Diese Zeuginnen lehnten das Stück ent¬
1417 2581 2263 2636 schieden ab, sie bezeichneten es als stark unsittlich
1423 2625 2259 2687 und als verderblich für die Jugend. Scharfe Aus¬
1414 2671 2244 2721 brücke fand der Vorsitzende der Deutsch=evange
1412 2716 2251 2771 lischen Missionshilfe, der den „Verein für An¬
1415 2755 2253 2818 stand und gute Sitte“ leitet; an ihn ist ebenfalls
1416 2805 2262 2851 eine Anfrage des Staatsanwalts ergangen, die
1412 2846 2247 2895 ihn veranlaßte, einer Aufführung des „Reigens
1411 2895 2251 2950 beizuwohnen. Der Zeuge bezeichnete das Stück
1413 2944 2254 3000 als Darstellung der Unzucht und Mißbrauch der
1413 2979 1524 3027 Kunst.
1464 3024 2262 3070 Bemerkenswert waren die Aussagen des
1413 3066 2252 3113 Landgerichtsvirektors Geh. Rats Bock. Er ist
1411 3101 2251 3169 der Vorsitzende der Zivilkammer, die sich schon
1413 3152 2252 3203 einmal mit dem „Reigen“ beschäftigt hat. Der
1407 3196 2255 3247 Zeuge ist Vorstandsmitglied des Deutschen
1417 3242 2244 3296 Opernhauses. Er hat seinerzeit zusammen mit
1407 3281 2255 3343 den Beisitzern seiner Kammer einer Aufführung
1409 3332 2255 3380 beigewohnt und die Einzelheiten der Szenerie,
1404 3375 2247 3417 der Darstellung und der Kostüme genau beob¬
1413 3414 2247 3472 achtet, ohne irgend etwas Anstößiges entdeckt zu
1410 3462 2259 3503 haben; auch die Steigerung bis zum Fallen des
1412 3504 2247 3550 Vorhanges sei nicht obszön, beispielsweise gehe
1415 3543 2244 3593 sie im Venusberg bei Richard Wagner noch wei¬
1410 3591 2259 3633 ter. Die Darsteller hätten sich jeder Geste, die
1415 3636 2264 3703 an Vorgänge hinter dem Vorhang erinnerten,
1413 3670 1573 3737 enthalten.
1461 3744 1660 3795 6„
