3336 4416
969 146 1399 245 box 17/5
265 169 792 260 11. Reigen
1652 546 1975 678 I7. ELoaUse
1602 631 2026 776 Gesterreschlsche
1060 713 1453 825 Volks-Zeitung.
401 809 2086 978 Eine gesprengte „Reigen“= Vorstellung.
385 958 2119 1058 Große Tumuliszenen in den Kammerspielen. — Verwüstungen im Theater.
442 1010 2066 1123 Demonstrakionen auf der Straße. — Zusammenstöße mit der Wache.
732 1077 1788 1177 Die weiteren Vorstellungen in Frage gestellt.
472 1135 2123 1229 Die estrige Ahendvotstellung des schauerraum eine Stinkbombe auf den huß¬
1272 1190 2118 1253 boden geworsen, die mit Schwesel¬
381 1210 1252 1291 „Reige“ konnte nicht zu Ende geführt
1274 1233 2121 1300 wasserstoff gefüllt war und einen pene¬
383 1262 1242 1341 werden; Demonstranten drangen in das
1268 1277 2132 1339 tranten Geruch verbreitete. Ein Mann, der
382 1309 1253 1372 Theater, es kam zu wilden Tumuli¬
1270 1313 2122 1387 sich an dieser Stelle zur kritischen Zeit gebückt
380 1369 1243 1434 szenen, wie sie in der Wiener Theater¬
1277 1360 2122 1437 hatte, wurde als der bezeichnet, der die Stink¬
1275 1402 2135 1473 vombe geworsen hatte. Er wurde durch den
381 1405 1256 1482 geschichte ohne Beispiel dastehen. Die Be¬
1271 1452 2136 1514 den Dienst versehenden Kriminalbeamten ins
412 1449 1248 1514 ucher wurden aus dem Theater
1277 1497 2122 1566 Inspektionszimmer gebracht. Gleich darau
392 1501 1258 1573 gedrängt, wobei sich Schlägereien
1285 1539 2134 1609 entstand der Tumult. Die Turen des
390 1553 1248 1613 entwickelten. Einige Theaterbesucher erhielten
1280 1580 2124 1644 Theatersaales wurden geöffnet, um den üblen
393 1596 1244 1658 nicht unerhebliche Verletzungen. Das
1276 1621 2129 1690 Geruch hinausströmen zu lassen. In diesem
397 1643 1244 1708 Glas der Eingangstür wurde eingedrückt. Die
1282 1664 2140 1739 Augenblick wurden aber auch schon die Rufe
394 1697 1248 1770 kleine Gasse bei den Kammerspielen war
1282 1712 2140 1777 von der Straße aus hörbar, und da begannen
391 1745 1259 1823 von einer tobenden, entfesselten Menge er¬
1282 1753 2133 1819 im Theater die Demonstrationen. An der
397 1786 1246 1867 füllt. Erst nach einiger Zeit konnte die
1289 1796 2140 1870 Spitze der Demonstranten stand ein als
393 1831 1253 1912 Sicherheitswache dem Trubel ein Ende
1284 1841 2142 1911 Natienalrat bezeichneter Theatergast.
1283 1891 2133 1952 Die im Theater befindlichen Teilnehmer der
391 1878 1259 1948 machen. Einige Personen wurden verhaftet.
1284 1925 2146 1998 Kun gebung riefen die Worte: „Weg mit
399 1940 1264 2000 Die Nachtvorstellung, die um
1286 1972 2133 2045 diesem Schiebergesindel! Hinaus
405 1986 1252 2046 10 Uhr hätte stattfinden sollen, mußte über
1291 2019 1939 2097 mit dieser Schweinerei!“
397 2028 1263 2110 Einschreilen der Feuerwehr abgesagt
1359 2038 2140 2139 Mittlerweile hatten die von der Straße
384 2090 567 2163 werden.
1279 2112 2141 2185 aus emgedrungenen Demonstranten einen
491 2101 1257 2209 Nachstehend die uns zugekommenen
1281 2154 2136 2220 neuen Sturmlauf gegen die im Theater¬
398 2180 653 2259 Meldungen:
1285 2193 2136 2272 soher aufgestellten wenigen Wachleute unter¬
1284 2244 2137 2306 nommen. Unter Geschrei drang die Menge
551 2244 1135 2330 Die Vorstellung abgebrochen.
1291 2280 2139 2348 ins Parierre und in die Logen. Von den
523 2293 1162 2387 Tumultszenen auf der Straße.
1290 2325 2137 2392 Logen aus warsen sie zusammengeballte
490 2347 1263 2431 Die schon seit einigen Tagen gehegten
1293 2368 2140 2443 Papiere, die mit Teergetränkt
405 2406 1273 2487 Vermutungen wegen der Aufführungen des
1292 2414 2150 2479 waren, in den Zuschauerraum, und auch
423 2448 1270 2519 „Reigen“ haben sich während der gestrigen
1296 2460 2150 2521 Eierschalen, deren Inneres mit
417 2493 1262 2561 Abendvorstellung erfüllt. Es kam zu wüsten
1298 2491 2144 2567 Teer ausgefüllt war. Auch Stühle
415 2536 1263 2602 Szenen, wie sich solche in einem Wiener
1290 2542 2148 2612 wurden von den Logen aus in den Zuschauer¬
411 2582 1269 2645 Theaternoch nie abgespielt haben. Im
1300 2588 2144 2666 raum sowohl als auf die Bühne geschleudert
411 2632 1268 2699 Zuschauertaum waren Demonstranten an¬
1395 2634 2051 2717 Die Panik im Zuschauerraum.
420 2673 1267 2732 wesend, die darauf warteten, bis die anderen
1372 2683 2142 2778 Unter solchen Umständen mußte natürlich
418 2710 1274 2777 Gruppen der Demonstranten, etwa 600 Per¬
2063 2751 2156 2804 ab¬
1846 2749 2019 2817 ofort
423 2760 1270 2820 sonen, die verabredetermaßen von der Straße
1293 2763 1775 2827 die Vorstellung
1299 2793 2144 2864 gebrochen werden. Die Schauspielermn
413 2797 1279 2875 aus in das Theater eindringen sollten, den
1299 2837 2148 2906 Marietta Olly, die eben auftreten sollte, wurde
417 2842 981 2917 Zuschauerraum erreicht hatten.
1302 2883 2147 2947 von einem Weinkrampf befallen, der
502 2863 1274 2954 Es kam zu Kämpfen zwischen den Demon¬
1309 2926 2152 2994 Vorhang mußte herabgelassen werden, und
422 2923 1276 2992 stranten, der Wache, dem Theaterpersonal und
1305 2966 2150 3037 auch gegen den herabgelassenen Vorhang
424 2970 1280 3033 dem Publikum, zu Verwüstungen im
1299 3019 2155 3088 wurden noch Stühle und mit Teer gefüllte
424 3020 1278 3088 Theatergebäude, zu Zertrümmerungen
437 3053 1282 3128 von Fenstern, Sesseln, Musik¬
1309 3068 1745 3132 Eierschalen geschleudert.
445 3103 1278 3160 nstrumenten, wie auch zu tätlichen
1385 3091 2161 3176 Des Publikums hatte sich eine furcht¬
430 3138 1285 3214 Mißhandlungen von Theater¬
1300 3149 2156 3221 bare Panik bemächtigt. Das Wacheaufgebot
1239 3188 1281 3235 e¬
438 3187 1251 3259 esuchern, Männern und Frauen, die g
1305 3192 2155 3265 erwies sich als zu schwach, um dem Treiben
444 3230 1245 3291 chlagen und bei den Haare
1308 3235 2161 3319 der Demonstranten Einhalt zu tun. Die Leute
431 3273 1280 3344 jezerrt wurden. Die Vorstellung
1313 3289 2167 3354 stürmten aus den Sitzreihen, um sich in
437 3322 1282 3380 nußte abgebrochen werden und die
1312 3327 2157 3400 Sicherheit zu bringen. Sie ließen ihre
447 3355 1292 3425 Lumultszenen im Theatergebäude selbst führten
1310 3360 2168 3443 Garderobe im Stich. Nur mit Mühe gelang
439 3401 1282 3465 eine Panik der Theaterbesucher herbei, die
1313 3418 2160 3494 es den Theaterbediensteten, die in den
447 3443 1295 3532 ich zu flüchten oder in Verstecken zu sichern
1314 3444 2160 3528 Garderoben abgegebenen Kleidungs¬
2056 3497 2159 3553 In
445 3499 632 3566 versuchten.
1319 3498 2063 3572 stücke vor Verwüstungen zu schützen.
507 3535 1297 3603 Die Panik vermehrte sich noch dadurch,
1320 3540 2165 3622 großer Angst suchten die Theaierzuschauer
440 3586 1296 3654 aß sich plötzlich ein Wasserstrahl
1320 3588 2165 3660 allerlei Verstecke auf. Sie versuchten auch,
447 3626 1287 3693 iber den Zuschauerraum ergoß,
1314 3630 2160 3703 auf die Bühne selbst zu gelangen, deren Tür
443 3674 1292 3736 nachdem einer der Demonstranten den
1925 3674 2175 3738 geschlossen
1314 3688 1926 3757 aber aus Sicherheitsgründen
446 3707 1289 3779 jächst der Bühne befindlichen Hydranten
1326 3718 2164 3791 werden mußte, nachdem dort ein kleiner
455 3757 1289 3816 lusgedreht und das Mundstück des
1316 3770 2161 3835 Teil der geflüchteten Zuschauer Schutz ge¬
438 3810 1292 3875 Schlauches gegen den Zuschaler¬
1327 3805 2172 3880 funden hatte. Ein anderer Teil fand in den
445 3839 1292 3905 taum gerichtet hatte. Nachdem die Sicher¬
2001 3857 2055 3904 8.
1329 3856 1996 3938 Harderoben der Darsteller Unterste
447 3888 1298 3955 heitswache Verstärkung erhalten hatte, konnte
1402 3897 2171 3984 Im Saale wurde eine förmliche
451 3931 1302 3995 das Theatergebäude geräumt
1316 3948 2169 4030 Jagd auf die Flüchtenden veranstaltet,
438 3972 1290 4035 werden; die Tumultizenen auf der Straße
1328 3998 2173 4067 Männer, die ihre bedrohten Frauen
446 4014 1297 4084 dauerten noch eine Zeitlang fort, doch schließlich
1319 4039 2178 4113 beschützen wollten, wurden geprügelt,
444 4060 1302 4128 gelang es der Wache, die Demonstranten gegen
1317 4077 2178 4156 viele von ihnen durch Hiebe mit Stocken
569 4102 1296 4161 oberen Teil der Rotenturmstraße
446 4120 543 4171 den
1562 4124 2170 4188 Alagringen verient.
1458 4152 1498 4178 —
2058 598 2381 678 olssenuss
2461 690 2896 765 Frige 67 — Seite 5
2136 778 3016 856 Darsteller verllaßen dann che Garderoben.
2150 842 3014 912 Bielen durch Mißhandlungen Verletzten hat
2150 883 3014 954 ein im Theater anwesender Arzt Hüft ge¬
2147 934 2267 994 leistet.
2220 950 3022 1045 Der Thlatersaal selbst bet ein
2139 1016 3014 1082 Büd der Verwüstung Der Vorhang zeigte
2147 1059 3013 1133 noch die schwarzen Flecke von den mit Teer
2156 1108 3020 1179 gefüllten Eierschalen, die gegen ihn geschleudert
2149 1152 3013 1221 worden sind. Auf der Rampe lagen noch
2145 1189 3007 1262 einige zerbrochene Stühle, die man hier hin¬
2148 1237 3012 1309 geworsen hatte. Die auf dem Fußboden fest¬
2160 1287 3014 1348 genagelt gewesene Leiste einer Sitzreihe war
2156 1322 3012 1400 weggerissen. Der vordere Teil des Zu¬
2179 1365 3011 1429 chauerraumes war mit Wasser
2150 1405 3015 1471 überflatet. Noch höher stand das Wasser
2150 1452 3023 1513 in dem Zugang zum Bühnenraum. Im Wasser
2165 1482 3016 1565 chwammen die Bestandteile einer Baßgeige,
2163 1545 3020 1603 und auch sonst gab es überall Trümmer und
2157 1596 2660 1671 Spuren der Verwüstungen.
2280 1639 2887 1734 Mitteitungen von Zuschanern.
2232 1709 2953 1794 Mit Stinkbomben und Knüppeln.
2231 1776 3020 1841 Ein Theauerbesucher gab einem unserer
2154 1827 3029 1891 Mitarbeiter die folgende Darstellung der
2164 1879 2532 1946 gestrigen Vorgänge:
2234 1900 3027 1989 Als ich das Theatergebäude betrat, ver¬
2167 1965 3025 2025 spürte ich im Vestibül Schwefelwasserstoffgeruch.
2158 2011 3026 2076 Ich beachtete die Sache weiter nicht und begab
2164 2057 3024 2114 mich auf meinen Platz. Eine gewisse Unruhe
2173 2094 3035 2169 m Zuschauerraum war wohl schon zu Beginn
2164 2138 3030 2197 der Vorstellung zu bemerken, doch erfolgte bis
2167 2191 3035 2257 zur vierten Szene keine Störung der Vor¬
2169 2216 3031 2288 stellung. Plötzlich erhoben iich einzelne Theaier¬
2780 2265 3036 2332 Stinkbomben
2175 2283 2786 2335 besucher von ihren Pläten —
2166 2312 3030 2372 verbreiteten eine unertiägliche Atmosphäre.
2177 2357 3029 2415 Gleichzeitig drang von der Straße herein das
2169 2401 3033 2457 Gesohle von Demonstranten. Jetzt wußte man,
2163 2431 3030 2509 wieviel es geschlagen habe. Nichtsdestoweniger
2171 2482 3037 2552 nahm die Vorstellung ihren Fortgang. Das
2172 2527 2966 2585 Bild konnte noch zu Ende gespielt werden.
2250 2582 3041 2642 Kaum hatte jedoch die Darstellung der
2173 2626 3027 2685 fünften Szene begonnen, als das Gejohle von
2172 2669 3034 2729 der Straße her immer durchdringender wurde,
2177 2711 3041 2771 und im nächsten Augenblick Leute von außen
2184 2757 3040 2816 her in den Zuschauerraum und auch auf die
2180 2796 3038 2863 Bühne eindrangen. Siebzehn= bis Zwanzig¬
2185 2842 3049 2902 jährige und zum Teil noch jüngere schwangen
2171 2884 3031 2944 mitten im Zuschauerraum Latten und
2186 2925 3040 2985 K nüppel, beschimpften und bedrohten die
2176 2968 3046 3027 Theaterbesucher und drängten sie unter Püffen
2182 3014 3044 3078 hmaus. Es entstand eine Panik und, da ein¬
2180 3054 3042 3127 zelne Zuschauer sich zur Wehr zu setzen ver¬
2191 3095 3048 3167 uchten, wäre es zu Zusammenstößen gekommen,
2191 3141 3053 3211 wenn nicht die Hydranien geöffnet
2182 3189 3041 3254 und das Haus unter Wasser gesetzt
2186 3226 3040 3290 worden wäre. Jetzt leerte sich das Parkett,
2194 3277 3054 3336 das bald überschwemmt war, rascher, und ein
2189 3310 3040 3377 um so beängstigenderes Gedränge entstand in
2186 3357 3048 3417 der Garderobe und im Bestibül. Es gelang
2189 3394 3047 3465 den wenigsten, in der allgemeinen Aufregung
2186 3439 3039 3512 zu ihren Oberkleidern zu gelangen. Herren
2194 3483 3052 3547 ohne Winterrock und Damen in leichter Abend¬
2196 3522 3043 3598 t#ilette flüchteten auf die Straße und in die
2187 3583 2470 3657 Nachbarhäuser.
2278 3630 2964 3712 Alle Vorstellungen ausverkauft.
2274 3675 3048 3753 Ein anderer Besucher schilderte die Vor¬
2194 3730 3048 3794 fälle folgendermaßen: Sämtliche Vorstellungen
2205 3774 3054 3835 des „Reigen“ bis Montag abends waren aus¬
2194 3818 3060 3880 verkauft, und man glaubte deshalb im Theater
2205 3862 3063 3922 nicht, daß aus dem Zuschauerraum selbst
2210 3903 3059 3969 Störungen erfolgen könnten. Unter den Be¬
2205 3947 3061 4004 suchern der gestrigen Vorstellung fielen aber
2214 3985 3065 4070 unge Burschen, die besonders auf den billigeren
2214 4032 3061 4090 Sitzen gaßen, auf und diese bereiteten die
2200 4077 3066 4136 Demonstrationen vor. In der vierien Szene
2204 4119 3059 4169 kam es zu den ersten wesentlichen Störungen.
