3392 4352
646 439 1006 505 Seite 2 — Nr. 42
702 530 1480 579 Die Worte des Präsidenten, der die
603 573 1463 624 Abgeordneten Witternigg und Zelen!g
605 620 1472 672 zur Ordnung ruft, gehen im Tumult unter.
602 658 1277 722 Vor der Ministerbank kommt es zu
607 710 1455 766 Keilereien zwischen Sozialdemokraten und
857 753 1221 811 Christlichsozialen.
691 792 1462 860 Die Ordner geben sich angestrengteste
599 837 1456 899 Mühe, die raufenden Gruppen zu trennen
599 886 1459 933 Ein Teil der christlichsozialen Abgeordneten
607 922 1469 984 drängt sich gegen die Sozialdemokraten, die
608 972 1470 1019 vor der Ministerbank stehen, vor, unter den
604 1012 1461 1073 fortgesetzten Rufen: Juden, Saujuden,
621 1062 1469 1108 Füdenbagage! Allen voran agitiert der
608 1086 1462 1151 steirische Christlichsoziale Pischitz. Es kommt
606 1146 1462 1202 zu wüsten Szenen, in deren Verlauf
618 1192 1460 1236 chließlich der Abgeordnete Sever mit dem
604 1233 1471 1286 Ellenbogen des Herrn Pischitz in sehr
603 1273 1463 1326 unsanfte Berührung gerät. Man
602 1316 1458 1372 hört nur einen wüsten Lärm und das Läuter
611 1357 1456 1407 der Glocke des Präsidenten Weiskirchner
603 1403 1471 1449 der schließlich das Bedauern über diese
599 1443 1464 1502 Vorfälle ausspricht, die die Würde des Hauses
602 1487 761 1545 verletzen.
710 1536 1383 1599 Ein schwerer politischer Fehler.
688 1581 1463 1639 Abg. Seitz: Die höchst bedauernswerten
596 1629 1459 1679 Szenen, die sich hier ereignet haben, sind, wie
610 1675 1469 1727 ich glaube, auf einen schweren politi¬
608 1718 1460 1769 schen Fehler der christlichsozialen Parte
608 1762 1469 1822 und der Mehrheit in diesem Hause überhaupt
604 1808 1463 1862 zurückzuführen. Oesterreich ist viel zu schwach
611 1854 1463 1909 um eine Regierung von Angestellten
605 1894 1463 1939 oder gar Söldlingen zu ertragen. (Leb¬
606 1936 1472 1989 hafte Zwischenrufe bei den Christlichsozialen.
606 1982 1460 2039 Wenn hier immer von der bedrohten Sittlich
604 2024 1462 2075 keit gesprochen wird, die Sittlichkeit der
614 2067 1461 2124 Wiener Arbeiter wird durch die Aufführung
616 2113 1469 2158 des „Reigen“ nicht verletzt, weil die Arbeiter
615 2154 1470 2198 nicht hingehen. Und wer sonst immer für seine
613 2196 1463 2259 Sittlichkeit fürchtet, hat ja die Freiheit, an dem
612 2234 1467 2294 Theater vorüberzugehen. Um was es sich
616 2279 1463 2343 handelt, ist die politische Frage, die
609 2322 1470 2380 Frage der Verfassungsmäßigkeit
603 2369 1173 2435 dieses Erlasses des Dr. Glanz.
857 2418 1237 2487 In den Couloirs.
697 2468 1467 2524 Nach Schluß der Sitzung spielte sich in
598 2508 1467 2570 den Couloirs eine erregte Szene ab. Als
611 2560 1478 2620 Dr. Glanz durch die Raume schritt, tönten
604 2605 1470 2654 ihm Rufe entgegen: „Machts Platz für den
607 2651 1467 2697 anständigen Minister! Wir werden ihm'
610 2691 947 2749 schon zeigen.“
691 2714 1393 2799 Dr. Glanz reagierte mit keiner Silbe
1416 2731 1474 2792 auf
609 2771 825 2838 die Zurufe.
639 2844 1458 2948 Lärmßenen im Wiener Landtag.
662 2938 1431 2998 Ein sozialdemokratischer Antrag zur
771 2986 1315 3043 Wahrung der Autonomie.
698 3025 1460 3093 Die Lärmszenen wegen des „Reigen“
608 3075 1474 3133 Verbotes fanden am Abend in der Sitzung
616 3124 1462 3187 des Wiener Gemeinderates als
608 3165 1170 3213 Landtag ihre Fortsetzung.
698 3205 1457 3255 Präsident Dr. Danneberg teilte mit
611 3241 1472 3294 daß die Gemeinderäte Speiser und Ge¬
623 3294 1470 3356 sossen anläßlich des „Reigen“=Verbotes dich
606 3338 1457 3396 die Bundesregierung den Dringlich
611 3386 1461 3435 keitsantrag eingebracht haben: Der
602 3424 1471 3474 Bürgermeister als Landeshauptmann wolle die
612 3469 1471 3526 Autonomie des Landes Wien
610 3516 1466 3577 gegen jedweden Eingriff der
608 3552 1473 3627 Bundesregierung energisch
602 3601 832 3651 wahren.
696 3629 1463 3707 Frau Gemeinderätin Dr. Seitz¬
610 3685 1474 3735 Motzko begleitete die Verlesung dieses
611 3724 1467 3782 Dringlichkeitsantrages mit lebhaften Pfu¬¬
609 3772 1474 3842 rufen und begann mit ihrer Pultlade
614 3815 1473 3869 zu klopfen. Auch andere Mitglieder der
606 3854 1469 3916 Minorität machten lebhafte Zwischenrufe. Dem
612 3901 1461 3954 Antrage wurde sodann die Dringlich
619 3948 1058 4010 keit zuerkannt.
1662 441 2173 510 Kleine Volks=Zeilung.
1587 525 2362 596 Sodann ergriff Gmr. Kunschak unter
1512 581 2351 631 eftigen Zwischenrufen das Wort. Wenn schon
1498 627 2358 675 der Friedensvertrag den Anschluß Oesterreichs an
1505 666 2357 711 das Deutsche Reich untersage, so sei doch nicht
1499 708 2363 761 verboten, daß sich Oesterreich in sittlicher
1498 757 2363 808 und kultureller Beziehung an
1507 795 2350 863 as Deutsche Reich anschließe
1560 854 2310 909 Der Erlaß wird nicht durchgeführt.
1577 902 2346 961 Landeshauptmann Reumann be
1490 945 2349 1002 dauerte, daß der Anlaß zu dieser Debatte über
1495 996 2350 1047 ein wichtiges Versassungsrecht die Aufführung
1503 1039 2353 1088 es „Reigen“ sei. Er hätte gewünscht,
1505 1080 2349 1132 aß ein wichtigerer Anlaß dazu Ge¬
1508 1173 2350 1223 o vom Zaune gebrochen wurde, müsse er vor
1492 1216 2358 1259 allem darauf verweisen, daß in den ver¬
1505 1250 2355 1301 chiedensten Tingel=Tangels die Sitt¬
1497 1297 2352 1342 ichkeit verletzt werde. (Zwischenrufe bei den
1497 1341 2351 1386 Cheistlichsozialen.) Denken Sie nur an den
1503 1382 2349 1435 Wimberger! Die Ecinnerung an die
1504 1423 2352 1496 Madame Aschänti“ ist Ihnen sehr
1498 1469 1647 1532 zuwider.
1577 1512 2350 1566 Landeshauptmann Reumann er¬
1504 1545 2352 1603 lärte schließlich, er stehe auf dem Stand¬
1506 1593 2359 1653 unkt, daß jeder einzelne berufen sei, das
1506 1633 2349 1688 Verfassungsrecht der Stadt Wien nicht schänden
1495 1681 2358 1736 zu lassen. Das würde geschehen, wenn man
1506 1735 2351 1787 iner Vorschrift zustimmen würde, die von
1509 1767 2350 1826 inem Mann gegeben werde, der nichts zu
1496 1806 2356 1856 diktieren habe. Redner habe keine Ur¬
1645 1858 2357 1911 sich zum Bedienten des
1519 1855 1633 1912 ache,
1510 1893 2352 1949 Herrn Glanz herabzuwürdigen.
1504 1942 2350 1997 Herr Glanz habe ihm in beispielloser Ueber¬
1501 1990 2344 2034 hebung einen Erlaß zugesendet, in dem er an
1512 2026 2349 2076 Schlusse verlange, daß er die Aufführungs¬
1497 2063 2343 2122 bewilligung des „Reigen“ außer Kraft setze
1508 2111 2351 2164 Hiezu habe Herr Glanz kein Recht, und er
1510 2155 2352 2200 abe ihm eine Antwort erteilt, in der
1501 2196 2355 2251 es heißt: „Die Magistratsabteilung 55
1506 2237 2352 2288 vurde von mir beauftragt, mit
1504 2281 2365 2334 der exekutiven Durchführung
1499 2322 2359 2371 des diesämtlichen Erlasses im
1503 2364 2350 2414 Wege der Polizeidirektion
1499 2404 2355 2453 in wezühalten. Ich werde als Lan¬
1501 2451 2352 2499 deshauptmann von dem mir
1499 2493 2354 2546 zustehenden Rechte um kein Jota
1496 2538 2350 2594 abweichen. (Lebhafte Zustimmung bei den
1501 2579 2351 2632 Spzialdemokraten, Gegenrufe bei den Christ¬
1505 2624 1719 2679 ichsozialen.)
1586 2652 2362 2721 Gegen Schluß der Rede des Landeshaupt¬
1498 2704 2351 2756 mannes, die zum großen Teil von Gegenrufen
1499 2752 2365 2799 der christlichsozialen Gemeinderäte begleitet
1494 2797 2353 2855 war, steigerten sich die Gegenrufe immer mehr.
1507 2838 2350 2897 Die Sozialdemokraten riefen schließlich
1511 2884 2350 2936 „Nieder mit der Regierung
1507 2919 1905 2981 Abzug Glanz!“
1590 2948 2353 3012 Der Dringlichkeitsantrag Speiser wurde
1508 3006 2347 3074 chließlich der geschäftsordnungsmäßigen Be¬
1502 3056 1892 3119 handlung zugewiesen.
1552 3104 2326 3198 Der „Reigen“ wird weiter aufgeführt.
1497 3184 2358 3240 Ruhiger Verlauf der gestrigen Vorstellung.
1586 3240 2360 3315 Die gestrige Aufführung von Schnitzters
1510 3287 2351 3348 Reigen“ ging ohne Störung vor sich. Den
1499 3323 2356 3392 Schußz des Theatergebäudes hatte eine kleine
1496 3389 2351 3441 Wacheabteilung übernommen und das Theater¬
1507 3429 2350 3486 gebäude durften nur Besitzer von Eintritts¬
1505 3467 1767 3526 arten betreten.
1582 3501 2351 3562 Direktor Bernau erklärt, er sei bereit
1510 3551 2352 3605 lenderungen in der Inszenierung des
1507 3598 2357 3656 Schnitzlerschen Werkes vorzunehmen, beispiels¬
1512 3650 2352 3697 veise statt der Verdunkelung der Bühne den
1508 3689 2343 3744 Vorhang fallen zu lassen. Ferner will er an
1499 3724 2356 3779 den Plakaten und Theaterzetteln den Vermerk
1513 3771 2364 3833 rucken lassen: „Eintritt für Jugend¬
1494 3816 2352 3865 siche nicht gestattet.“ Im übrigen
1506 3855 2348 3911 erklärte Direktor Bernau, den „Reigen“
1507 3901 2350 3960 beiser auf dem Spielplan zi
1483 3939 1701 4002 lassen.
2736 454 3212 520 Samstag 12. Februar 1921
2390 566 3224 660 Friede zwischen Außland und
2711 660 2911 747 Polen.
2390 727 3240 802 Der Vertrag bereits unterzeichnet.
2483 789 3253 847 Paris, 11. Februar. Ein Radiofunk¬
2393 837 3253 895 pruch aus Moskau besagt, daß der
2386 889 3247 942 polnisch=russische Friedens¬
2390 935 3255 1002 vertrag gestern unterzeichnet
2386 976 2613 1039 worden sei.
2448 1063 3179 1163 Die Antwort der Eutente an
2669 1147 2952 1233 Oesterreich.
2484 1217 3167 1283 Kein formelles Anschlußverbot.
2469 1266 3262 1324 Wie verlautet, wird gegenwärtig von der
2388 1306 3252 1360 Pariser Botschafterkonferenz die Antwort der
2391 1350 3245 1411 Entente an Oesterreich betreffs der Hilfeleistung
2384 1394 3249 1449 fertiggestellt. Sie wird sich nicht nur mit dem
2395 1440 3255 1496 nateriellen Beistand, sondern auch mit der Er¬
2386 1484 3245 1539 leichterung von Verkehrsbeziehungen zu den
2385 1521 3244 1572 Nachbarstaaten befassen und daher auch an
2387 1570 3255 1618 deren Adresse gerichtet sein. Ein formelles
2384 1610 3253 1661 Anschlußverbot soll in der Antwort¬
2389 1662 2894 1723 note nicht enthalten sein.
2538 1761 3110 1847 Volen und Habsburger.
2470 1831 3252 1892 Von polnischer diplomatischer Seite erhält
2385 1885 3249 1941 die Politische Korrespondenz“ die Mitteilung,
2383 1926 3252 1979 daß sich die maßgebenden politischen Kreise
2391 1963 3252 2019 Polens an der Frage einer eventuellen Restau¬
2389 2014 3253 2068 ation der Habsburger vollkommen
2384 2051 2885 2116 unbeteiligt erklären.
2387 2139 2784 2232 Meutereien derti
2843 2132 3253 2232 schendstfeeflotte.
2398 2221 3258 2277 Angeblicher Vormarsch auf Petersburg.
2476 2270 3247 2330 Paris, 11. Februar. Ueber Kopenhagen
2393 2315 2512 2374 verden
2532 2319 3256 2379 aus Kronstadt gewaltige
2391 2368 3257 2426 Meutereien der russischen Ost¬
2415 2407 3270 2463 eeflotte gemeldet. Die Meuterer mar¬
2407 2456 3222 2518 chieren angeblich auf Petersbürg.
2470 2543 3147 2669 Das Heerwesen im Staats¬
2673 2642 2980 2735 Feranschlag.
2500 2701 3148 2791 Sitzung des Budgetausschusses.
2463 2765 3255 2832 In. Heeresausschuß wurde die Debatte
2389 2821 3260 2875 über das Kapitel „Heerwesen“ fortgeführt.
2394 2866 3252 2916 Berichterstatter Baugoin führte aus: Der
2389 2910 3255 2957 Gesamtstand an Wehrmännern sollte 26.423
2394 2948 3258 3003 Mann betragen, während tatsächlich
2395 2998 3254 3058 ur ein Stand von 19.943 erreicht
2386 3031 3260 3088 ist. Die systemisierten Stände der Offiziere und
2391 3081 3256 3134 Unteroffiziere sind nahezu erreicht. Die Be¬
2385 3135 3255 3182 züge der Heeresangehörigen sind jenen der An¬
2392 3179 3255 3233 gestellten der Gemeinde Wien angeglichen. Die
2393 3210 3260 3261 Pferdekosten sind abnorm groß. Nach dem
2386 3253 3255 3299 Nachtragsbudget stellen sich die Erhaltungs¬
2394 3295 3244 3351 osten für ein Pferd auf 36.323
3171 3337 3250 3392 ist
2386 3335 3167 3389 Kronen per Jahr. Der Pferdestand
2389 3377 3255 3433 weder bei der Kavallerie noch bei der Artillerie
2387 3435 3256 3477 auf den systemisierten Stand gebracht, im
2393 3472 3246 3526 Gegenteil, es gibt Schwadronen, die fast keinen
2387 3518 3252 3568 oder nur einen geringfügigen Pferdestand auf¬
2395 3563 3256 3606 weisen. Mit Anerkennung muß hervorgehoben
2389 3605 3244 3647 werden, daß die Wehrmacht bei Wetterkata¬
2406 3636 3248 3691 trophen, insbesondere bei der letzten großen
2402 3681 3257 3739 seberschwemmung, wacker eingegriffen
2395 3729 3257 3779 hat. Auch vor wenigen Tagen, als Wien einer
2392 3767 3247 3825 Katastrophe gegenüberstand und unsere
2390 3807 3258 3861 Straßen zu ungangbaren naßkalten Sümpfen
2404 3859 3248 3907 imgewandelt waren haben sich tausend Wehr¬
2397 3896 3253 3949 männer in den Dienst der Allgemeinheit ge¬
2393 3939 3106 4000 stellt. Das verdient volle Anerkennung.
