3392 4320
525 176 584 240 R
326 181 827 274 11. Bigen
1026 166 1420 249 box 18/1
1093 1298 1764 1394 Kleines Schauspielhaus.
1058 1387 1795 1444 „Reigen“, zehn Dialoge von Arthur
1317 1440 1528 1501 Schnitzler.
1019 1482 1861 1548 Dialoge im Buch das vör Ihr und Tag er¬
990 1538 1870 1598 schien, beschlagnahmt und für junzüchtig erklärt
991 1596 1860 1644 purde — was nicht hinderte, diß es leise weiter
980 1631 1855 1683 von Hand zu Hand ging und mindestens ebenso vie
980 1666 1869 1728 Liebe fand, wie es, bei Dunkelmännern, Abscheu
991 1716 1872 1774 erregte. Nun auf der Bühne Szenen, Bildchen
983 1769 1863 1812 aus dem Neben, wie es Schnitzler sah: Wien um
980 1802 1863 1860 1900, leichtsinnig, spielerisch, frivol, und immer
988 1844 1866 1897 etwas müde. All die Lieblingsgestalten des „Ana¬
977 1892 1859 1937 tol,=Dichters treten auf: das süße Mädel, der
979 1932 1866 1987 junge Herr, der Dichter, die Schauspielerin, die
979 1970 1868 2033 junge Frau, der Graf, die Dirne. Und etliche
990 2016 1861 2075 andere dazu. Und schließen sich, frei nach Casa¬
982 2070 1859 2120 nova (den Schnitzler ja gut kennt), zu einem
982 2106 1866 2150 Reigen zusammen, der in der Dirne Anfang und
981 2150 1158 2207 Ende hat.
1018 2183 1861 2247 Das ist mit jenem tändelnden Esprit erzählt, der
984 2246 1859 2293 nur Schnitzler eignet. Eine Komödie der Worte,
979 2283 1863 2343 ein Zwischenspiel, eine Liebelei in zehn aparte hin¬
991 2328 1860 2382 gehauchten Szenen. Kunst, so leicht, so flüchtig, so
991 2374 1861 2430 prickelnd wie Sektschaum. Dest von Veilchen, die
985 2406 1856 2467 schon leise welken. Erinnerung an ferne Aben¬
988 2463 1864 2515 teuer. Nur ab und zu mischt sich ein strengeres
980 2501 1870 2559 Parfüm ein: wenn aus dem Spiel der Worte Taten
981 2546 1862 2594 werden, das Bett in Aktion tritt. Oder der
986 2594 1870 2650 Diwan. Und darauf sind ja diese schillernden
986 2636 1870 2690 Szenen alle zugespitzt. Das ist es, was sie verbindet
988 2682 1855 2727 und die Menschen dieser Szenen zum Reigen ordnet
985 2722 1862 2776 Aber selbst das Gewagteste dämpft die schmerzliche
981 2765 1862 2812 Melancholie, die über das Ganze gebreitet ist, die
990 2809 1863 2858 leise Tragik, in die all diese Menschen unbewußt
982 2854 1866 2910 verstrickt sind. Denn immer klingt, wenn auch
981 2895 1870 2949 unausgesprochen, als Refrain das müde Wort
985 2938 1753 2990 C. F. Meyers: „Und alles war ein Spiel“.
1028 2981 1859 3032 Ist so das Leben? Die einen sagen: Ja, die
996 3029 1865 3087 andern: Nein. Es ist Ansichtssache. Jedenfalls ist
986 3075 1881 3125 das nicht eingetreten, was man doch, als man
1499 3288 1640 3443 0
1712 3355 1802 3439 C
1889 1248 2784 1322 von der geplanten Aufführung hörte, befürchten
1894 1318 2789 1365 konnte: daß die Bühne diese Szenen vergröbern,
1902 1358 2796 1410 ihnen ihren Duft und Schmelz nehmen würde.
1896 1405 2785 1451 Sie hat ihnen beides gewahrt. Selbst da, wo dann
1897 1446 2788 1501 der Vorhang fiel. Und er fiel zehnmal. Die Worte,
1902 1491 2786 1541 leicht wie Bälle, von Mund zu Mund geworfen,
1906 1535 2791 1586 funkelten, der Wiener Dialekt, schon an sich ein¬
1909 1571 2783 1624 chmeichelnde Musik, tat ein Uebriges, und wirkliche
1895 1621 2790 1671 Musik, von Robert Forster=Larrinaga sehr
1908 1664 2790 1714 übsch aus bekannten Motiven zusammengestellt,
1902 1706 2793 1760 schuf das Gefühlsklima, aus dem heraus Schnitzler
1906 1747 2792 1800 en „Reigen“ gedichtet. Dazu der etwas kokette
1906 1794 2778 1859 Rahmen, den Ernst Stern mit seinen graziösen
1905 1843 2587 1887 Dekorationen um das Ganze gespannt.
1939 1877 2785 1947 Die Darstellung ungleich. Immerhin: eine
1901 1923 2783 1977 Menge hübscher Frauen, von denen die Schauspie¬
1893 1973 2782 2020 lerin der Blanche Dergan, die junge Frau der
1899 2019 2784 2077 Magda Mohr sogar mehr als nur hübsch waren.
1896 2063 2788 2112 Und von den Herren hatten eigene Note der junge
1894 2103 2787 2168 Herr des Kurt Götz, der Dichter des Karl Etlin¬
1894 2157 2783 2200 ger, der Graf Robert Forster=Larrinagas.
1897 2195 2786 2246 Alle aber sehr fein und diskret von Hubert Reusch,
1892 2232 2774 2285 dem Spielleiter, auf das spezifisch Schnitzlerische ein¬
1906 2279 2020 2336 gestellt.
1941 2318 2776 2387 Prolog und Epilog, improvisiert, wie es die selt¬
1907 2377 2781 2433 amen Umstände erheischten, von Gertrud Ey¬
1898 2416 2784 2466 soldt, die für ihre Klage bereites Echo fand.
1907 2458 2781 2507 Keinerlei Skandal, wie mancher wohl erhofft. Nicht
1899 2500 2782 2555 einmal ein einziger Zischlaut. Nur einmütiger
1904 2543 2788 2595 Beifall. Ein hübscher Ausklang des hübschen
1905 2592 2776 2639 bends, der ja auch nicht für halbwüchsige Jugend
1894 2635 2789 2689 bestimmt war. Die allerdings hat hier auch nichts
1901 2677 2073 2736 zu suchen.
2324 2680 2753 2750 Ludwig Sternaux.
1939 2759 2775 2819 H Im Meistersaale trat dieser Tage vor
1894 2809 2779 2859 einem gewählten Auditorium Hellmut Schlü¬
1893 2849 2774 2890 ter mit eigenen Dichtungen und Kompositionen
1903 2891 2776 2943 auf. Kein hypermoderner „Ismus“ — dafür aber
1904 2926 2729 2973 ein frischer Sänger, ein Künstler der guten Art
1904 2967 2776 3013 und ein unleugbar starkes Talent. Die Dichtun¬
1893 3007 2777 3049 gen getragen von zugkräftigem Idealismuz und
1897 3041 2775 3088 doch von gesundem Wirklichkeitssinn. Besonders
1896 3077 2798 3147 tief wurde die schöne Dichtung „Tannenberg“ vom
