3444 4416
998 173 1429 277 box 17/6
297 176 828 286 11. Reigen
721 606 2976 803 Rassenversammlung der Wiener Katholiken
1342 834 2299 936 in der Voltshaue.
850 943 2790 1042 Die drei Aufgaben des Volksbundes. — Unser Oberhirt über den Volksbund.
1909 1027 2972 1107 hat ausdrücklich gesagt, den Arbeitern mache das Verbot
695 1014 1792 1145 Nationolrat Dr. Geipel über den
1911 1088 2974 1141 nichts, die können sich bei den hohen Theaterpreisen ohne¬
1902 1129 2980 1192 hin den „Reigen“ nicht ansehen. Wir haben bisher immer
930 1118 1548 1213 „Reigen =Skandal.
1905 1181 2974 1235 geglaubt, die Sozialdemokratie erblicke ihr einziges Ziel
747 1176 1805 1258 Im Anschlusse an die 14. Hauptversammlung des
1909 1216 2981 1274 im Vertreten der Interessen der Arbeiterschaft, nun aber
648 1231 1817 1305 Volksbundes der Katholiken Oesterreichs fand gestern
1900 1258 2972 1322 ist von maßgebendster Stelle gesagt worden, daß dem nicht
661 1284 1808 1349 nachmittags in der Volkshalle des Neuen Rathauses eine
1908 1298 2972 1366 so ist. Für wen tritt alsy die Sozialdemokratie in diesem
654 1339 1803 1399 massenhaft besuchte Festversammlung statt, an der zahl¬
1906 1344 2970 1401 Falle ein? Für die Schieber und Dirnen, welche
665 1385 1803 1448 reiche Mitglieder des Diözesanklerus mit Kardinal Erz¬
1908 1387 2976 1447 sich hindrängen zur Aufführung des „Reigen“. Die
1917 1434 2972 1512 dürfen nicht gestört werden, und mag es darob im ganzen
646 1434 1813 1502 bischof Dr. Piffl und Weihbischof Dr. Pfluger
1919 1469 2337 1528 Volke lebendig werden.
661 1484 1816 1545 an der Spitze, ferner die Nationalräte Heigl, Vaugoin
1952 1498 2968 1576 Ich stelle fest: Weit über unseren engeren Kreis ist in
657 1536 1804 1590 und Volker, Bundesrätin Dr. Pichl, Gemeinderätin
1830 1556 2968 1611 diesem Falle der Protest laut geworden, die anständigen
654 1575 1801 1643 Walter u. a. m. teilnahmen. Nach kurzer Eröffnungs¬
1828 1602 2977 1656 Elemente auch der anderen Parteien und auch unter den
497 1592 580 1678 55
652 1625 1804 1692 ansprache des Präsidenten Walterskirchen
1830 1638 2345 1688 Juden haben einmütig
2358 1643 2965 1690 über diesen Theaterskandal ab¬
498 1659 569 1705 A
1835 1686 2979 1733 geurteilt. Darum kümmert sich aber die Sozialdemokratie nicht,
649 1672 1798 1728 legte Generaldirektor Fried der Versammlung einen
1831 1711 2970 1773 es werden ihre ersten Spitzen vorgeschickt, nur um die Interessen
648 1722 1798 1778 kurzen Tätigkeitsbericht des Volksbundes vor, dessen 1236
1837 1746 2964 1808 jener, ich will hoffen, nicht allzu zahlreichen Gruppe zu schützen,
652 1772 1799 1836 Ortsgruppen und Geschäftsstellen 123.818 Mitglieder und
1835 1785 2973 1843 die in ihrem Vergnügen nicht gestört werden will. Präsident
669 1817 1799 1871 46.084 Teilnehmer zählen. Hievon weisen die 355 Ge¬
1831 1833 2964 1880 Seitz hat auch davon gesprochen, daß niemand zu einer
1835 1860 2661 1925 „Reigen“=Aufführung zu gehen brauche,
653 1862 1803 1920 schäftsstellen Wiens 50.526 Mitglieder und 8718 Teil¬
2664 1870 2967 1929 der in seinem
1844 1899 2968 1957 ittlichen Empfinden sich darüber gekränkt fühlen müßte. Mit
660 1916 1804 1979 nehmer auf. Der Redner gab sodann seiner Genngtuung
1830 1948 2976 1997 unserer Auffassung von Sittlichkeit verträgt sich freilich ein
660 1962 1813 2026 über das Zustandekommen der Arbeitsgemeinschaft mit
1834 1987 2972 2037 solches plattes Wort nicht. Wir glauben an ein objektives
662 2012 1800 2071 anderen katholischen Vereinen, besonders dem Katholischen
1842 2024 2967 2084 Sittengesetz, wir wissen, daß dieses nach Gottes Willen
1829 2065 2973 2129 eingehalten werden soll, und wenn wir auch überzeugt sein
657 2057 1801 2120 Schulvereine Ausdruck, mit dem zusammen der Volks¬
1826 2101 2959 2148 können, daß niemand von den Unseren, außer, wenn es
661 2102 1799 2184 bund das Ziel zu erreichen hoffe: Die katholische Schule
1837 2138 2964 2195 seine Pflicht sein sollte, sich zu informieren, in eine solche
655 2154 1557 2225 unserem katholischen Volk! (Lauter Beifall.)
1831 2179 2970 2232 Schaustellung begibt, so dürfen wir es dennoch nicht zulassen,
1837 2215 2972 2270 daß der Name der deutschen Kunst und die Ehre dieser Stadt
990 2209 1486 2291 Abg. Prof. Dr. Seipel
1834 2254 2513 2324 so gröblich geschädigt werde. (Beifall.)
668 2246 1036 2340 führte u. a. aus:
1909 2298 2193 2363 Sie sehen also,
729 2303 1795 2379 Nicht nur in unserem Vaterlande, sondern auch in anderen
1913 2316 2965 2401 wie notwendig es ist, daß unser bodenständiges christliches
656 2360 1794 2422 Teilen der Welt, besonders nach dem Krieg und dem Umsturz,
1902 2388 2968 2433 Bolk sich nicht nur in den Kirchen und nicht nur zu flüch¬
664 2404 1800 2462 müssen wir die merkwürdige Beobachtung machen, daß es eine
1896 2435 2956 2488 tigem Beisammensein zusammenfindet, sondern daß es sich
658 2442 1802 2495 Ueberzahl von Katholiken gibt, dennoch aber von manchen, die
1907 2475 2967 2543 so fest und stark organisiert, daß man es nicht mehr so be¬
656 2481 1797 2533 durch irgendwelche Wendungen des Schicksals die Macht in die
1899 2514 2178 2575 handeln kann.
664 2520 1794 2566 Hand bekommen haben, so getan wird, als wären die Katholiken
652 2558 1807 2610 eigentlich eine Minderheit, über die man brutal hinweggehen
1905 2537 2962 2609 Man hat von seiten der Sozialtemokratie einen Dreh zu
655 2596 1796 2641 könne. Wir haben gerade in den letzten Wochen und Tagen
1836 2585 2960 2653 machen versucht und die ganz Frage der „Reigen“=Aufführung
667 2636 1797 2687 hier in unserer Stadt wieder ein Beispiel davon erlebt, das
1837 2632 2958 2687 hinübergespielt auf das Verfassungsgebiet. Wenn den auch so
660 2674 1790 2741 uns, wenn wir daran denken, das Blut in Wallung bringen
1830 2681 2969 2730 wäre, wenn es auch hier noch Zweifel aufzuhellen gäbe über
1822 2712 2968 2763 den Sinn gewisser Vrfassungs estimmungen oder wenn hier
816 2742 1801 2798 Das sittliche Empfinden unseres bodenständigen christ¬
1831 2755 2963 2804 wirklich noch eine Lücke in der Verfassung ist, uns berührt es
1839 2792 2955 2837 sonderbar, daß man gerade den „Reigen“ von Artur Schnitzler
721 2794 1803 2850 lichen Volkes wird fortgesetzt aufs schwerste verletzt durch
1829 2831 2962 2885 zum Anlaß nimmt, die Verfassung zu wahren. In Wahrheit
728 2834 1803 2912 die Aufführung eines Schmutzstückes aus der Feder eines
1835 2861 2957 2918 hat unsere Regierung und insbesondere unser Bund'sminister
735 2880 1292 2944 jüdischen Autors. (Entrüstung.)
1831 2906 2967 2966 für Inneres sich ganz korrekt verhalten: Er hat das Möglichste
780 2906 1801 2976 Vor wenigen Tagen hat dieser Umstand sogar eine
1828 2943 2961 2997 getan, die Verfassung zu wahren, aber auch die Autorität zu
654 2952 1803 3010 widerliche Sturmszene in unserem obersten Vertretungskörper,
1831 2979 2961 3035 stützen, selbst in dem Fall, wenn sie in den Händen eines Reu¬
657 2997 1795 3046 im Nationalrate, ausgelöst. Es ist als Anwalt dieses Stückes
1822 3017 2957 3069 mann liegt. Er hat lange zugewartet, Vorstellungen erhoben
663 3033 1795 3084 der Präsident Seitz aufgetreten — der Fasching ist
1823 3058 2967 3120 und in einem höflichen Briefe den Bürgeremister aufgefordert,
656 3076 1794 3124 vorüber, und die Sozialdemokratie Zemaskiert
1830 3097 2963 3146 selber Ordung zu machen, um ja nicht dessen Autorität oder
667 3115 1789 3161 sich. (Heiterkeit.) Es ist ganz offen jetzt zutage getreten, was
1830 3131 2952 3190 Empfindlichkeit zu verletzen. Als aber all diese höflichen Mittel
659 3154 1797 3197 wir früher ohnehin wußten, daß die Sozialdemokratie auf¬
1825 3176 2961 3233 und sanften Aufforderung nichtsnutzten, da blieb ihm natür¬
664 3192 1803 3243 treten und stürmische Szenen machen muß, wenn es sich um
1820 3211 2959 3273 lich nichts anderes übrig, als zur Wahrung von Ordnung, Sitt¬
651 3229 1786 3277 die Verteidigung irgeneiner jüdischen Machenschaft handelt.
1819 3248 2960 3300 lichkeit und Ehre unseres Volkes selber mit dem Verbote vor¬
656 3269 1797 3319 Ich rede hier von dem üblen Judentum, das als notwendige
1821 3288 2957 3347 zugehen. Wie geht es nun einem Mann, einer Regierung und
653 3308 1794 3353 Gegenwehr immer wieder den Antisemitismus hervorrufen
1830 3326 2960 3375 seiner Partei, wenn sie unter aller Wahrung der gesetzlichen Be¬
652 3334 1796 3393 muß, von denjenigen, die sich anmaßen, an der Spitze des
1830 3365 2960 3432 stimmungen, mit aller Vorsicht und allem Langmut vorgeht?
658 3381 1791 3432 deutschen Volkes zu stehen und von deutscher Kunst zu reden,
1828 3401 2958 3456 Sie werden angegriffen, begeifert und in den Kot gezerrt, aber
651 3427 1787 3477 ohne zu wissen, welch hobe Würde der deutschen Kunst zukommt
1833 3441 2963 3498 sie werden sich das alles ruhig gefallen lassen können, wenn sie
653 3466 1786 3506 und daß sie sich offenbaren muß nicht so sehr in der Technik, als
1828 3475 2952 3528 auf der anderen Seite sehen, daß das wirkliche österrei¬
657 3500 1795 3550 in der Wahl der Stoffe für die Kunstwerke. Präsident Seitz
1822 3514 2955 3581 chische und Wiener Volk auf ihrer Seite steht.
661 3537 1791 3604 hat im Nationalrate die recht interessante öffentliche Erklärung
1824 3556 2957 3617 (Zustimmung.) Wir können beschimpft werden, aber nicht die
662 3572 1152 3631 abgegeben, daß es sich bei
1827 3582 2952 3653 Ehre des Beschimpften leidet darunter, sondern es büßen die¬
731 3608 1797 3673 der Verteidigung der „Reigen“=Aufführungen nicht um
1823 3634 2955 3689 jenigen die Ehre ein, die in diesem Falle als Beschimpfer auf¬
734 3667 1789 3742 ein Interesse der Arbeiterschaft handle. Er
1816 3676 2952 3753 treten. Wir brauchen also die große katholische Volksorgani¬
3112 91 3316 172 S
3021 149 3307 212 wöhnt werden,
3015 197 3350 252 reich von ein
3013 234 3351 308 ligt ist. Uns un
3017 275 3335 332 gegen jeden,
3024 313 3331 368 und unseren
3021 350 3357 404 und beschimpft. I
3013 390 3359 453 unserem Volke au
3007 432 3353 500 glühenden Vater
3205 475 3348 568 Kard
2999 529 3358 624 von einem Sti
3011 571 3346 664 Pee zum Schlu
3096 628 3352 719 In der Ges
3008 675 3323 760 weiten Kreisen
3003 729 3355 812 Weltanschauung,
2998 790 3344 852 Boden wechsel
3007 836 3331 910 letzten Endes
3011 882 3345 950 zu bieten per
3000 930 3352 997 und kalte Vern
3005 975 3361 1047 nicht gedient sei.
2999 1019 3353 1091 Menschen von he
3004 1075 3309 1140 Forderung auf
3004 1122 3355 1189 aus seiner wirtsch
3002 1169 3348 1233 fall genesen will,
3004 1218 3352 1280 heit feststehen un
3000 1257 3357 1330 handfesten Führ
3010 1315 3350 1373 in den Kreisen d
2997 1356 3332 1421 verbreiten, das
3004 1402 3361 1474 katholischen Orga
3011 1456 3351 1515 führen unde
3000 1501 3368 1565 hat vor allem die
3017 1546 3346 1614 schen, wirt
3000 1598 3354 1664 Fragen des öffen
3007 1646 3358 1709 führen und zu er
2997 1687 3362 1752 und Steuer ruhen
2994 1740 3359 1807 den das katholisch
2999 1788 3369 1856 und sicherer Ord
3079 1837 3367 1899 Ichsteheh
3001 1861 3369 1949 Katholischen
3002 1928 3370 2001 Herzen Dan
2999 1977 3378 2051 ven seines Bestan
3000 2023 3368 2095 Jahren, diese sein
2993 2068 3369 2137 mich, sagen zu ###
3001 2119 3361 2194 dank der Opferfr
2998 2165 3369 2238 penleiter und da
2997 2216 3366 2295 wirklich große un
2986 2267 3354 2331 erinnere nur an
2982 2308 3367 2377 Wahlen und ganz
2997 2359 3365 2425 lauf der großen K
2995 2406 3352 2478 Linie der Kathol
2995 2455 3372 2517 als größte und
2985 2504 3367 2568 Wenn der Kathol
2985 2551 3364 2614 gaben erfüllt hat,
2986 2598 3349 2667 druck geben, daß
2988 2635 3359 2715 er lesonders in ei
2996 2687 3364 2760 stellen mag: den
2996 2739 3380 2807 heit in den
2984 2787 3377 2853 Volkes, die leit
2988 2830 3370 2907 Ich bin überzeugt,
2983 2885 3387 2952 wird, mit dem #
2994 2930 3381 3002 Zuversicht zur Wi
2992 2980 3379 3056 Volke neu zu erwer
3171 3025 3384 3090 Wir Oest
3069 3058 3373 3140 Hoffnung und
3072 3122 3371 3185 aus dem geger
3067 3156 3355 3228 wird in dem
3071 3215 3330 3279 Oesterreichs
3067 3262 3366 3329 Arbeitswilligk
3070 3314 3380 3377 sender Beifall
3072 3362 3373 3427 Mit dem Gel
2991 3385 3351 3481 bundes stets im S
2979 3455 3369 3520 dessen treue Solda
2991 3504 3373 3584 Präsident Wal
2974 3551 3256 3634 Kundgebung.
3053 3619 3382 3697 In der Vormitta
2982 3661 3365 3753 haltenen von den De
3180 4076 3340 4139 stellen
3188 4122 3367 4172 den einte
