3336 4416
1018 124 1446 225 box 17/6
309 141 839 252 11. Reigen
684 501 2513 638 Der „Reigen“-Skandal beendet.
1597 637 2684 720 zu nehmen. Der Bürgermeister erklärte jedoch, daß er nicht
530 654 1574 735 Durch eine Versügung der Regierung
1595 706 2568 767 in der Lage sei, seine erste Entscheidung abzuändern.
500 718 1573 784 wurde die weitäre Aufführung des
1637 744 2690 819 Ays Rücksichten der öffentlichen Sitt¬
505 773 1059 838 „Reigen“ untersaggt.
1594 798 2687 869 lichkeit sah sich nun die Bundesregie¬
544 804 1186 883 Hiezu wird amtlichmitgeteilt:
1593 843 2682 907 rung veranlaßt, die weiteren Auf¬
544 843 1580 927 Bereits vor Zulassung der Aufführung des „Reigen“
1617 885 2688 951 ührungen des „Reigen“ zu unter¬
508 896 1574 962 durch den Magistrat Wien als politische Landesbehörde
1615 925 2690 988 agen. Sie glaubt sich hiebei mit der öffentlichen
504 944 1584 1005 hat der Polizeipräsident den Bürgermeister von Wien auf
1606 977 2683 1033 Meinung, abgesehen von einem kleinen, fur das
501 992 1585 1048 die schweren Bedenken aufmerksam gemacht, die der Auf¬
1609 1015 2690 1082 Wiener Volrsempfinden wohl nicht
516 1035 1573 1091 führung dieses Bühnenwerkes entgegenstehen. Der Magistrat
1599 1060 2699 1123 maßgebenden Zuhörerkreise, in voller
505 1074 1587 1134 erteilte jedoch nach Anhörung des Zensurbeirates mit
1605 1116 2179 1178 Uebereinstimmung zu befinden.
514 1122 1575 1192 Bescheid vom 12. Januar d. J. die Aufführungsbewilligung.
550 1160 1591 1219 Die nun erfolgten Aufführungen des Stückes gaben zu
523 1199 1582 1267 ebhaften Erörterungen in der Oeffentlichkeit Anlaß. Hiebei
524 1248 1587 1308 sprach sich die weitaus überwiegende Mehrzahl der öffent¬
525 1293 1595 1348 ichen Stimmen dahin aus, daß die Aufführung nach ihrem
520 1331 1588 1393 Besamteindrucke eine arge Verletzung der Sittlichkeit be¬
529 1380 1588 1436 eute. Kundgebungen aus der Bevölkerung und zahlreiche
527 1419 1593 1477 Urtiiel der Presse verschiedener Richtung ließen erkennen,
530 1469 1591 1526 aß diese Vorführung mit dem sittlichen Empfinden weiter
523 1507 1587 1568 treise der Wiener Bevölkerung in scharfem Gegensatze
521 1566 604 1620 teht.
561 1574 1609 1671 Der Bundesminister für Inneres und Unterricht richtete
538 1642 1601 1698 aher an den zunächst zur Beurteilung des Falles be¬
525 1678 1600 1742 rufenen Bürgermeister von Wien die Einladung, zu der durch
522 1718 1602 1795 die öffentlichen Aufführungen gegebenen Sachlage Stellung
1668 2121 2752 2181 willigung der „Reigen“=Aufführungen erteilt hatte, er¬
1671 2154 2751 2223 schüttert werden könnte. Herr Austerlitz faselt natürlich
574 2155 1632 2255 Das „Reigen“-Verbot und die
1667 2203 2740 2263 von Rückschritt und Gefährdung der Freiheit, er sieht sogar
1666 2250 2754 2309 durch das „Wied raufleben der Zensur“ die — Republik
770 2229 1455 2332 „Arbyiter-Zeitung“.
1674 2296 2747 2353 bedroht! Kann man sich wirklich noch mehr lächerlich
1043 2288 1640 2381 nizzmt heue in ebenso leiden¬
616 2301 954 2387 Die Arbeiter=30
1668 2324 2761 2393 machen? Die Sozialdemokratie hat zur Kompromittierung
1019 2354 1656 2425 chtiger Weise gegen das von der
582 2369 888 2430 chaftlicher, als
1673 2374 2753 2444 der Renublik schon genug getan, daß es wirklich nicht
587 2396 1649 2467 stegierung erlassene Verbot der weiteren Aufführungen des
1669 2424 2753 2482 notwendig gewesen wäre, zu erklären, daß es zu den un¬
576 2448 1655 2513 „Reigen“ in den Kammerspielen des Deutschen Volks¬
1674 2465 2747 2524 umgänglichen Attributen eines Freistaates gehören muß,
579 2486 1652 2549 heaters Stellung. Wir sagen unaufrichtig beshalb, weil Herr
1675 2507 2753 2569 daß jede Sittenlosigkeit gestattel, daß — #asen wir es
569 2527 1655 2599 Austerlitz selbst nicht zu behaupten wagt, daß die
1674 2540 2763 2621 offen heraus — jede Schweinerei erla#### ist seisdem wir
579 2574 1647 2644 iterarischen Qualitäten und die besondere Eignung des
1678 2597 2403 2671 die Regierungsform gewechselt haben.
580 2622 1643 2682 „Reigen“ für die Bühne die Aufführung rechtfertigen würden.
574 2658 1654 2725 Das Blatt gibt sogar verklausuliert zu, daß die schweren
579 2702 1656 2783 Bedenken wegen der entsittlichenden Wirkung der „Reigen“s
577 2738 1654 2811 Vorstellungen nicht unberechtigt seien, meint aber, daß man
579 2789 1659 2856 diesen Gei# ren dadurch begeanen könnte, daß man die
579 2836 1657 2900 Erlauhnis zum Besuche der Kammerspiele von dem Nachweis
1540 2873 1665 2924 In
582 2876 1536 2943 eines gewissen Alters abhängig machen könnte.
589 2917 1659 2985 Wirklichkeit #st es der „Arbeiter=Zeitung“ wirklich
588 2964 1667 3025 nicht so sehr um den Schutz des „Reigens“ und seines Ver¬
592 3006 1656 3068 fassers gegen das behördliche Verbot, als vielmehr dorum
591 3042 1670 3117 zu tun, auch diese Gelegenheit zu benützen, um gegen die
587 3097 1669 3158 „cbristlichsoziale Regierung“ und vor allem gegen den
590 3135 1675 3197 Minister des Innern Dr. Glanz zu betzen, der von allem
585 3177 1659 3235 Anfang an das Ziel der sozialdemokratischen Angriffe war,
592 3224 1652 3282 weil ihm die Aufgabe zufiel, der Nachfolger der „Genossen“
588 3260 1657 3332 Eldersch und Dr. Deutsch in den von diesen inne¬
602 3299 1659 3370 gehabten Staatsämtern zu sein. Der durch das „Reigen“
598 3342 1671 3413 Verbot ausgelöste Wutanfall der „Arbeiter=Zeitung“ findet
605 3391 1671 3454 übrigens eine besondere Erklärung noch darin, weil durch
600 3433 1680 3499 diese Verfügung der Reaierung die „Autorität“ des Herrn
604 3476 1675 3540 Landeshauptmannes und Bürgermeisters Reumann,
581 3524 1679 3609 der aus seiner tiefgründigen Weisheit heraus die Be¬
2720 844 2792 911 *
2784 650 2857 725 —
