3392 4320
238 133 370 225 11.
428 143 746 245 Reigen
96 1462 788 1533 laber, die vor 17 Jahren als Salome
104 1526 786 1575 heute als Direktorin des „Kleinen
104 1570 776 1645 hin der Staatlichen Hochschule für
115 1613 794 1669 nbet. (NB. sie zeichnet, aber der
100 1661 787 1725 Theaters liefert Schauspieler und
99 1708 781 1759 überhaupt ganz souverän über das
108 1752 785 1805 diese Gertrud Eysoldt also kündigte
102 1800 779 1869 sthur Schnitzlers „Reigen“
103 1847 788 1905 uelle Dialoge, die nur durch Perso¬
119 1888 783 1946 , in denen jedesmal ein Partner
120 1938 782 1999 in der zweiten mitspielt, bis in der
110 1980 780 2032 islauf mit jener Dirne schließt, die
103 2029 791 2090 piel begann. So ist das Ganze ein
108 2075 787 2138 ne Szene, in deren Mitte jedesmal
331 2139 363 2163 —
112 2118 219 2183 striche
413 2118 790 2180 — jenen Punkt an¬
110 2156 786 2225 sele und Leidenschaft nich mitspielen,
112 2210 789 2274 esentliche Punkt bleibt — auch die
110 2259 789 2312 ft genug die bekannte, melancholisch¬
111 2299 778 2359 scher Dialoge. Sie werden besonders
119 2348 789 2402 Hälfte die allgemeine Verlogenheit
115 2393 787 2449 urch Fachleute, Schriftsteller und
111 2439 785 2495 tastischer Energie gehandhabt wird.
106 2486 782 2544 inlichkeit der entseelten Welt gewiß
105 2528 782 2587 Schim,ner, wie der Wildesche Akt,
118 2578 792 2642 nZustand einer Erotik, der alles
102 2622 793 2681 mit trockenster Ironie und wird da¬
107 2661 790 2725 gleichlichen Grade deutlich. Früher
115 2723 788 2776 8 Buch verboten; jetzt gibt es keine
105 2750 782 2821 m speziellen Falle hatte das Kultus¬
115 2804 792 2859 Hochschule für Musik gehört, Rechte
119 2858 794 2911 irte die Aufführung eines solchen
131 2898 785 2960 für vertragswidrig und erwirkte
120 2942 783 2997 Aufführung eine gerichtliche Ver¬
107 2987 787 3037 bei Haftstrafe der Direktion verbot.
140 3034 792 3100 emphatischen Ansprache der Frau
123 3071 779 3138 Szenenreihe über die Bretter, und
102 3124 791 3178 hemonstrierte mit heftigem Beifall
99 3169 781 3235 keiheit der Kunst“. Die Auf¬
97 3214 789 3292 schen Szenenbildern von Ernst
933 128 1324 226 box 18/1
837 1463 1995 1526 Stern und manchen hübschen schauspielerischen Einzel¬
845 1514 1995 1572 leistungen (besonders die Herren Götz, Schwannecke, der
841 1562 1988 1616 neue Komiker Karl Etlinger und Blanche Dergan, die sehr
838 1613 1995 1663 lustig eine einst berühmte Heroine parodierte, die schon dem
836 1657 1990 1712 Dichter Vorbild für seine „Schauspielerin“ gewesen sein soll)
903 1688 1984 1761 diese ganze Aufführung war nicht ohne Qualität und nach
835 1745 1985 1801 Möglichkeit dezent. Trotzdem bringe ich die rechte Entrüstung
845 1796 1989 1847 über diesen tückischen Angriff auf die freie Kunst nicht auf.
838 1827 1991 1896 Wenn derartige Stücke (und an der gleichen Stelle hat man
838 1881 1982 1935 mehrere hundert Male die „Büchse der Pandora“ gespielt
839 1931 1986 1978 ihren Kassenerfolg machen, so tun sie es ganz gewiß nicht durch
846 1979 1990 2023 die in ihnen enthaltenen artistischen oder geistigen Werte. Als
845 2017 1987 2072 Unternehmen bleibt das eine trübe Spekulation mit niedersten
833 2061 1987 2133 Masseninstinkten, wobei man den Gebrauch großartiger Worte
841 2104 1987 2161 nur etwa dem unbegrenzten Mangel an Telbsterkenninis bei
840 2150 1984 2208 allen. Theaterleuten zugute halten kann. Verbote werden wehl
840 2195 1988 2255 nicht die richtigen Mittel sein, um Aufführungen soscher Art
838 2238 1985 2301 zu bekämpfen; daß sie aber bekämpfenswert sind, meine ich
1105 2273 1991 2337 Artistische Studien über entfesselte Sexvalität
844 2284 1034 2348 allerbings.
841 2330 1983 2383 mögen ihre technische Qualität und kulturgeschichtliches In¬
840 2381 1994 2431 teresse haben — als Massennahrung auf dem Theater dorge¬
841 2414 1982 2490 boten, wirken solche Proben zersetzter Kultur weiter zersetzend
845 2463 1543 2538 und sind zweifellos eine Kulturgefahr.
925 2517 1983 2569 Ich möchte nicht mißverstanden werden: ich werde für jede,
848 2559 1989 2613 auch die kühnste Darstellung sexuellen Lebens eintreten auch
854 2601 1995 2653 ür ihre Darbietung auf einer Volksbühne, sobald diese Dinge
841 2658 1980 2704 nicht, entzückt oder ironisch, dargebotener Selhstzweck ondern
840 2693 1985 2750 Stoff sind, an dessen Gestaltung sich eine Leidenscho seellich
838 2740 1992 2796 geistiger Art auswirkt, die die gestaltenden, ordnenden mehr
848 2782 1992 2839 als sinnlichen Mächte im Menschen weckt. Solche Macht kann
838 2824 1992 2875 bei Slakespeare, bei Kleist. bei Strindberg nich im tiefsten
847 2869 1980 2923 Erleben des Geschlechtlichen sich aussprechen — sie braucht
849 2914 1981 2970 eineswegs aus einer so anti erotischen Geistigkeil zu kommen,
846 2959 1982 3016 vie bei Bernard Shaw, dem vollkommenen Gegenspieler
843 3003 1981 3054 seines irischen Landsmannes Oscar Wilde. Von ihm hat man
841 3045 1991 3099 in eben diesen Tagen das „Spiel für Puritaner“ auf die Pret¬
842 3093 1981 3148 ter gebracht, das man geradezu die Anti=Salome neanen
834 3141 1990 3192 könnte: „Cäsar und Cleopatra“, Statt der ästhetischen
829 3183 1990 3231 Verherrlichung tödlicher Sinnlichkeit stellt hier Shaw, aus un¬
840 3228 1990 3292 endlich überlegener Höhe herablächelnd, einen geistigen Men¬
2051 1444 3214 1515 schen nach seinem Sinn als Julius Cäsar neben das beginnende
2056 1503 3215 1563 Pantherlätzchen Cleopatra, dessen schillernde Sinnlichkeit dem
2050 1550 2271 1611 Sumxf der
2314 1549 2609 1609 im bunten
2646 1548 3216 1608 Aberglauben erstickenden
2049 1588 2793 1653 ägyptischen Ueberkultur entsprießt.
2864 1597 3212 1658 Cäsar ist der
2049 1640 2140 1691 ganz
2139 1644 3219 1706 sachliche Mensch, der jenseits von Haß und
2050 1671 3105 1747 Liebe die Dinge nach ihrem inneren Wesen
3104 1698 3209 1747 zu
2047 1726 3223 1785 leiten und zu begreifen strebt und er bemüht sich, bei flüch¬
2037 1771 3215 1836 tiger Begegnung aus diesem sinnlich wilden Kind ein Weid
2048 1819 3210 1878 und einen Menschen zu erziehen. Der Erfolg ist nicht groß,
2051 1862 3224 1922 der Versuch aber für den großen Weltordner auch viel zu
2045 1906 3223 1962 nebensächlich, als daß sein Mißlingen für ihn tragisch sein
2043 1940 3206 2005 könnte. Der ganze innere Reiz, mit dem uns das Stück trotz¬
2044 1984 3199 2046 dem gewinnt, steckt in der geistigen Größe die diese Cäsar¬
2051 2026 3218 2088 gestalt entfaltet. Sein äußerer Reiz. steckt in den vielerlei
2050 2074 3214 2125 rischen Scherzen, mit denen Shaw dennoch die kleinen
2047 2109 3210 2163 Menschlichkeiten seines. Uebermenschen zur Schau stellt, mit
2039 2153 3215 2216 denen er die Kultur sinnlichen Aberglaubens in Aegypten
2050 2192 3221 2252 verspottet und gar höchst anachronistisch als Cäsars Sekretär
2035 2238 3204 2305 Britanus einen perfekten Engländer auf die Szene bringt,
2047 2285 3200 2334 der für jede sachliche Erwägung stets die blöden Korrekt¬
2051 2320 3215 2378 eitsideen des Gentlemans bei der Hand hat. — Vielleichs
2046 2363 3210 2430 waren es mehr diese äußeren Reize, die das Publikum bei
2043 2411 3206 2468 der Aufführung im „Deutschen Theater“, gefangen haben,
2049 2454 3213 2512 edenfalls war der Erfolg groß und etwas von der weisen
2040 2494 3203 2559 Weltmusik, die über allem Spott in diesem Gedicht klingt
2039 2526 3212 2597 wird nun doch auch in die Menschen eindringen. Das ist
2040 2585 3202 2638 umso erfreulicher, als vor 15 Jahren das Stück in Berlin
2045 2618 3208 2677 trotz einer sehr guten Aufführung völlig versagte. In der
2038 2660 3205 2720 diesmaligen Aufführung war Werner Kraus als
2035 2705 3216 2769 Cäsar prachtvoll und Else Eckersberg als Cleopatra nicht ge¬
2036 2752 3210 2804 rade elementar, aber doch schlicht und liebenswürdig. Von
2046 2789 3209 2847 den Nebenrolsen aber waren manche recht mäßig besetzt und die
2036 2829 3203 2893 Regie von Fritz Wendhausen machte etwas undisziplinierten
2042 2872 3199 2935 Lärm. Es war wohl wesentlich der Respekt den sich der Name
2036 2914 3206 2977 Shaw inzwischen erobert hat, der diesmal ein so viel besser
2034 2962 3195 3012 zuhörendes Puhlikum sicherte. Und dessen soll man sich freuen.
2043 2999 3184 3058 Shaw irrt sich, wenn er glaubt, „Besseres als Shakespeare“
2034 3044 3195 3103 zu geben. Dessen Antonius und Cleopatra“ ist keineswegs
2028 3070 3206 3148 eine Orgie der Sinlichkeit, sondern der Fall großer Seelen,
2039 3131 3204 3188 dargestellt am erotischen Thema. Aber Shaw, der nicht die
2032 3174 3204 3219 Seelengröße des Dichters Shakespeare hat, ist durch die gristige
2036 3211 3208 3285 Leidenschaft seines sozialen Weltgewissens als Schriftsteller
2039 3254 2630 3325 hundertmal „besser als Wilde“,
2837 3255 3175 3343 Julius Bah
