3392 4192
283 169 388 244 11
995 168 1405 261 box 18/2
470 180 791 277 Reigen
572 563 1225 690 Klose & Seide
635 672 1207 751 Bureau für Zeitungsausschnitte
566 737 1253 826 Berlin NO. 43, Georgenkirchplatz 21
735 900 1239 988 Tägliche Rundschau
559 932 740 1002 Zeitung:
902 977 1048 1054 Berlin
565 1002 668 1070 Ort:
559 1041 1274 1132 Datum:
952 1113 997 1183 3
553 1260 1597 1341 (Der Aufschrei eines Schauspielers.
500 1329 1657 1407 Zugleich ein Ausblick auf die gewerkschaft¬
708 1392 1496 1444 ichg Bewegung des Standes.
782 1432 1322 1511 * Von Erich Schlaikjer.
602 1493 1656 1551 Als der Kampf der Schauspieler mit dem Theater¬
514 1536 1664 1616 kapital in eine so bösartige Entwicklung geraten war, daß
506 1587 1656 1648 der Schauspieler Hermann Nissen als Führer seiner
503 1638 1666 1694 Kameraden in lebensgefährlicher Weise gehetzt wurde, schlug
508 1677 1668 1728 ich mich auf die Seite der Schauspieler und unterstützte sie
515 1720 1662 1777 in der öffentlichen Meinung durch einen längeren, mit
521 1762 1656 1814 Energie geführten literarischen Feldzug. Man hat mir da¬
513 1811 1659 1867 mals gelegentlich den Vorwurf gemacht, daß ich mich in die
509 1850 1666 1899 Angelegenheiten fremder Leute mische und meine
512 1892 1667 1942 dramatischen Arbeiten in sinnloser Weise der Feindseligkeit
513 1936 1650 1993 der Direktoren aussetze. So wohlgemeint der Vorwur
511 1980 1655 2030 indessen war, so wenig war er in der Sache begründet. Ich
511 2028 1658 2075 nahm die Last des Kampfes durchaus nicht auf mich, weil
514 2065 1658 2112 ich bei jeder Rauferei dabei sein muß oder weil ich die
508 2108 1659 2158 Folgen nicht überschaute, die für mich notwendig dabei
505 2151 1654 2210 herauskommen mußten. Ich ging in die Arena, weil ich
511 2195 1661 2236 in einer starken gewerkschaftlichen Bewegung der Schau¬
519 2235 1653 2285 pieler einen mächtigen Bundesgenossen gegen die Theater¬
507 2283 1658 2330 korruption erblickte, die ich aus idealistischen Erwägungen
509 2322 1665 2382 damals wie heute bekämpfte. Ich bemühte mich, auch dem
504 2364 1658 2415 Publikum den Irrtum zu nehmen, als handle es sich um
507 2412 1648 2467 eine einfache Standesfrage, die nur die Beteiligten anginge,
510 2451 1660 2503 und machte ihm klar, daß die kulturelle Intelligenz unseres
501 2492 1662 2543 Volkes in diesem Fall auf die Seite der Schauspieler
498 2536 650 2602 gehöre.
594 2578 1648 2633 Seit jenen Tagen nun ist die Theaterkorruption so ent¬
511 2628 1645 2680 setzlich geworden, daß wir in ihr umzukommen drohen, und
500 2674 1642 2719 wenn meine Rechnung richtig war, müßten wir jetzt die
506 2714 1650 2774 Stimme der Schauspieler vernehmen. Der Einwand, daß
494 2754 1655 2811 sie sich in wirtschaftlicher Abhängigkeit von eben dem
501 2794 1650 2856 Theaterkapital befinden, von dem die Korruption stammt,
504 2850 1651 2911 verschlägt in diesem Zusammenhang nichts, da ihre starke
512 2879 1649 2937 gewerkschaftliche Organisation sie von den Stricken der
506 2926 1656 2981 wirtschaftlichen Abhängigkeit freigemacht hat. Den Direktor
504 2975 1645 3028 möchte ich sehen, der einer Gruppe von protestierenden
494 3015 1652 3064 Schauspielern auch nur ein Haar zu krümmen wagte, wenn
495 3049 1649 3108 die Schauspieler von ihrer eigenen Genossenschaft geschützt
496 3102 1646 3149 würden. Trotzdem aber die Genossenschaft da ist und trotz¬
499 3135 1652 3200 dem wir immer tiefer in den Sumpf der Würdelosigkeit
501 3179 1641 3251 hineinsinken, vernehmen wir die Stimme der Schau¬
486 3218 736 3292 spieler nicht.
585 3250 1641 3328 Als am ersten Weihnachtstag vorigen Jahres die
489 3316 1641 3372 unabhängig=bolschewistische „Tribüne“ in Charlottenburg
501 3357 1641 3420 eine Schauspielerin nackt auf die Bühne ließ, stellte ich die
496 3400 1643 3455 organisierten Schauspieler durch scharf formulierte Fragen,
488 3446 1642 3506 um sie auf diese Weise zum Reden zu zwingen. Es ergab
499 3482 1634 3539 sich damals, daß sie sich durch einen Aufruf in ihrem Organ
494 3534 1632 3584 und durch eingeleitete Schritte bei der Behörde zu wehren
488 3565 1636 3629 suchten, in der Oeffentlichkeit vor dem Publikum
496 3617 1634 3674 aber wurde nichts unternommen, obwohl die Mißhandlung
485 3651 1639 3731 des Standes in der Oeffentlichkeit vor dem Publikum
492 3695 786 3766 begangen war.
587 3741 1643 3806 Selbst die Anwandlung des Widerstands aber, die die
491 3778 1628 3841 Genossenschaft damals zeigte, scheint gewissen Elementen
489 3831 1634 3884 zuviel gewesen zu sein. Als sich überall in unserem Volk
492 3876 1627 3943 die gebildeten Kreise gegen den. Schnitzlerschen „Reigen“ zur
493 3912 1642 3981 Wehr setzten, in dem alle ästhetischen Qualitäten in
495 3953 1636 4015 Stu ossinn erloschen, während der Geschlechtsakt in schauer¬
481 3997 1627 4069 liche Einförmigkeit gezeigt wurde, druckte das Fachorgan
488 4039 1640 4100 der Schauspieler ein kunstfremdes, gerichtliches Urteil ab,
479 4080 1637 4148 das den „meigen“ deckte und ihn nach meiner Erinnerung
1153 4136 1201 4186 W
473 4131 931 4182 gar als eine sittliche T
959 4132 1101 4185 tpries.
1704 862 2867 939 ländisches Ehrgefühl nicht rebelliert, wenn sie wie nationale
1714 926 2876 991 Masochisten den französischen Dreck fressen müssen, während
1708 970 2866 1023 die sadistische Pariser Peitsche ihren Rücken trifft? Wenn
1712 1013 2875 1072 man das aber nicht annehmen darf: warum zerbrechen
1706 1055 2874 1119 sie nicht die Ketten ihrer Schmach, um sich mit uns anderen
1700 1100 2872 1159 in rechtschaffenem Kampf zu wehren? Ich frage: warum?,
1711 1148 2865 1204 und nur ein trauriges Schweigen kommt mir als Antwort.
1794 1182 2865 1245 Wenn man diesen unanfechtbaren Tatbestand über¬
1709 1218 2864 1282 schlägt, könnte man leicht zu der Ansicht kommen, ich sei ein
1705 1278 2874 1339 rechter Narr gewesen, als ich damals in den organisierten
1709 1316 2874 1387 Schauspielern Bundesgenossen im Kampf gegen die Kor¬
1707 1362 2864 1424 ruption erblickte. Die Dinge liegen aber wahrscheinlich
1708 1408 2865 1459 doch anders und weniger einfach. Ich rechnete mit der ge¬
1705 1449 2867 1522 sunden, kräftigen gewerkschaftlichen Bewegung, die ich vor
1702 1500 2856 1556 mir sah und die inzwischen erfolgreich um die Ecke gebracht
1712 1538 2856 1590 vorden ist. Ich habe seit Ausbruch des Krieges die Schau¬
1707 1582 2858 1650 spielerbewegung im einzelnen nicht mehr verfolgt, meine
1700 1635 2858 1687 aber als Zuschauer aus der Ferne im ganzen ein richtiges
1694 1669 2858 1722 Bild gewonnen zu haben. Ich habe den Eindruck, daß man
1696 1713 2858 1780 die gewerkschaftliche Bewegung der Schauspieler, nachdem
1699 1758 2864 1809 man im offenen Frontkampf unterlegen war, durch das be¬
1697 1807 2861 1865 währte Mittel der Zersetzung von innen heraus vergiftet
1702 1848 2864 1912 hat. Man hat auf die Schauspieler im kleinen die Methode
1701 1900 2860 1966 angewandt, die man mit stärkstem Erfolg im großen auf die
1719 1942 2862 2000 zialdemokratische Arbeiterbewegung anwandte, als man
1697 1980 2860 2040 durch undeutsche Elemente die Gruppe der sogenannten
1699 2021 2859 2087 Unabhängigen schuf. Wenn es mir gelingt, eine Bewegung
1696 2065 2850 2132 in zwei oder mehrere sich bekämpfende Gruppen aufzulösen,
1697 2117 2864 2170 von denen ich die eine in der Hand habe, habe ich die ganze
1691 2151 2864 2208 Bewegung in der Hand, weil die anderen Gruppen sich aus
1691 2196 2850 2261 Rücksicht auf meine Gruppe nicht mehr frei bewegen können,
1692 2248 2858 2295 und eben diese Methode hat das Theaterkapital mit er¬
1697 2291 2711 2343 probter Tüchtigkeit auf die Schauspieler angewandt.
1768 2333 2856 2395 Es sind in der Bühnengenossenschaft Elemente auf¬
1701 2378 2844 2441 getaucht, die nach außen hin ebenso schauspielerfreundlich
1696 2425 2853 2489 waren wie die Unabhängigen nach außen hin arbeiterfreund¬
1695 2460 2856 2525 lich sind, und die unter der Parole „Alles für die Schau¬
1701 2510 2858 2562 pieler!“ Anhang gewannen. Sie steigerten die an sich not¬
1690 2559 2847 2614 wendige gewerkschaftliche Art der Genossenschaft in so
1692 2595 2856 2653 krasser Weise, daß die künstlerisch gesonnenen Mitglieder
1690 2639 2853 2689 notwendig daran Anstoß nehmen mußten. Die Folge davon
1695 2689 2849 2738 war natürlich, daß die Bewegung schon durch inneren Zwist
1694 2731 2854 2775 nach außen gelähmt wurde, so daß nunmehr eine machtvolle
1692 2768 2853 2826 Kundgebung gegen die Theaterkorruption nicht zustande¬
1687 2811 2847 2868 kommen konnte, weil die Radikalinskis sie sofort als eine
1699 2855 2848 2920 Interstützung von Junkern und Pfaffen verdächtigt hätten.
1694 2903 2840 2967 Meine Ansicht von damals, daß eine starke Gewerkschafts¬
1684 2945 2846 3009 bewegung der Schauspieler notwendig einen Bundesgenossen
1693 2997 2853 3053 im Kampfe gegen die Korruption ergeben müßte, war voll¬
1689 3031 2847 3083 kommen richtig, aus der starken Bewegung aber ist in¬
1686 3076 2846 3147 zwischen zur höheren Ehre des undeutschen Theaterkapitals
1682 3124 2632 3183 eine gelähmte, zerrüttete und vergiftete geworden.
1766 3159 2845 3224 In der Not frißt Seine Majestät der Satan bekanntlich
1679 3190 2839 3271 Fliegen, und wenn innerhalb eines Stands die Dinge so
1679 3252 2833 3316 liegen oder wenigstens so zu liegen anfangen, freut man sich
1682 3296 2711 3367 auch über ein bescheidenes Zeichen der Gesundung.
2710 3300 2845 3358 Im
1680 3344 2842 3406 „Neuen Weg“ vom 15. Oktober, finde ich den folgenden
1676 3383 2837 3447 Aufschrei einer bedrängten Schauspielerseele, der mir wohl¬
1689 3434 2838 3488 getan hat, und den ich darum in den folgenden Zeilen weiter¬
1686 3469 1896 3536 geben will:
1792 3516 2837 3578 „Am Abend ging ich durch die Stätten, die gebaut sind, daß
1721 3549 2836 3623 darin das Wort ertöne, so euch die Größeren der Erde gegeben
1712 3599 2831 3662 haben. Und siehe, mich faßte ein Grauen an über das, was sich
1714 3641 2829 3712 dort breit machte an Plattheit, Seichtheit. Geil¬
1710 3674 1968 3728 heit, Lüge.
1790 3715 2831 3772 Ward euch dazu vor allem Geschöpf der Erde Vernunft und
1705 3743 2830 3813 Sprache, meistert ihr deshalb als einziges Wesen in der Natur
1714 3796 2828 3851 die Rede, daß sie gebraucht werde, um Zoten und Aberwitz
1706 3835 2825 3881 zu verkünden? Gab euch der Gott Kraft der Bewegung und
1721 3867 2824 3937 Bewalt der Miene, damit ihr in Handlung und Geste eure
1705 3904 2163 3967 Tierheit widerspiegelt?
1791 3943 2825 4007 Wahrlich, Seen von Schlamm, Meers voll Dummheit,
1710 3974 2828 4050 Ozeane, bis an den Rand angefüllt mi Brunst, mußte ich auf
1707 4019 2126 4068 jenem Weg durchwaten.
1785 4047 2818 4134 Sind das eure Spiele? Ist das eure Schaubühne?“
1750 4108 2832 4179 In dieser vortrefflichen Art geht es dann noch ein ganzes
2979 873 3319 962 Daß es aus diese
2913 936 3308 1001 andern sähmt, dam
2903 983 3299 1048 kapitals nicht gestör
2915 1024 3303 1093 inen Weg nach obe
2905 1075 3287 1133 dürfen. Selbst der
2915 1107 3244 1181 offen, daß sie
2909 1160 3309 1224 werden: dazu müßte
2901 1198 3305 1263 ein Rütteln an dem
2905 1248 3287 1309 und wir vernehmen
2904 1294 3311 1355 In dem furchtbaren
2909 1345 3310 1396 zwischen dem Theate
2910 1378 3314 1446 rannt ist, ist von de
2904 1427 3308 1491 irwarken, und insofer
2898 1473 3319 1526 mal getrogen. Der K
2897 1520 3317 1578 vom Publikum geführ
2907 1559 3318 1619 und Publikum gesieg
2897 1606 3319 1680 wieder aufatmen und
2894 1649 3127 1720 vornehmen.
