3336 4416
894 373 1699 558 Neues Wiener
113 654 231 752 ving
138 739 232 798 50 K
139 789 231 856 50 K
141 845 233 929 50 K
137 913 228 984 64 K
130 1056 223 1130 6588,
128 1120 221 1158 2189.
147 1148 215 1189 720.
751 1083 1808 1227 Demokratisches Organ.
126 1172 231 1234 6791.
792 1283 1773 1369 Samstag, den 12. Februar 1921.
99 1421 1710 1552 ede von Riga unterzeichnet.
109 1582 1251 1667 Eine Radiomeldung aus Moskau.
114 1653 673 1747 f.) Ein Radlofuntspruch
751 1673 1758 1765 Meutereien in der russischen Flotte.
123 1727 662 1815 3 der russisch -polnische
767 1751 1849 1816 Paris, 11. Februar. (Funkspruch) Ueber Kopenhagen
133 1776 568 1875 eichnet worden set.
685 1809 1841 1865 werden aus Kronstadt gewaltige Meutereien bei der
680 1850 1843 1909 russischen Ostseeflotte gemeldet. Die Meuterer
685 1895 1397 1981 marschieren angeblich auf Petersburg.
121 1895 652 1992 au liegt noch keine Bestäti¬
111 1965 666 2044 Die letzten Warschauer Mel¬
124 2015 669 2076 sen definitiven Friedensschluß
121 2072 668 2128 neu entstandenen Differenzen
763 2082 1849 2143 Krakau, 11. Februar. (Tel.=Komp.) Aus Sluck meldet die
127 2122 668 2183 Friedens als eine nicht mehr
678 2140 1843 2196 „Nova Reforma“, daß die Bolschewisten in der Um¬
131 2171 656 2239 Die gleichzeitig einlaufende
681 2193 1839 2247 gebung Truppen in der Stärke von 80,000 Mann
93 2216 660 2287 der Bolschewiken für eine
682 2236 1838 2285 konzentrieren. Längs der Grenze werden unter Mit¬
693 2271 1838 2338 irbeit der Zivilbevölkerung Befestigungen und Schützengräben
141 2321 660 2393 Moskau jedoch wird jede
688 2324 1842 2393 angelegt. Die Bolschewisten berufen immer weitere
126 2360 207 2433 lt.
655 2371 1077 2452 [Jahrgänge ein.
678 2469 1848 2542 als der Regierungsvertreter weiter erklärte, Ministerpräsident
177 2490 657 2588 Pariser Konferenz.
690 2541 1840 2593 Dr. v. Kahr sei wegen andrer dienstlicher Angelegenheiten
685 2584 1842 2641 verhindert, im Hause zu erscheinen. Auf Antrag des
112 2623 661 2682 Paris ist bisher noch nicht
691 2627 1849 2693 Abgeordneten Timm wurde unter lebhafter Unruhe auf der
108 2669 657 2731 rlamentarischen Kreifen ver¬
686 2672 1851 2728 Rechten beschlossen, die Sitzung auf eine Stunde zu vertagen,
122 2715 657 2772 auptsächlich darauf zurück¬
685 2723 1850 2777 damit die Fraktionen der Linken zu diesem Vorkommnis
113 2756 655 2809 Beschlüsse, der die Wieder¬
684 2768 1848 2819 Stellung nehmen können. Nach einer sehr stürmischen Debatte
108 2805 654 2874 Beziehungen Oesterreichs mit
680 2814 1841 2888 erzwang die sozialdemokratische Fraktion einen Beschluß,
109 2846 665 2916 der auch eine der Grundlagen
678 2861 1522 2938 wonach die Sitzung abgebrochen wurde.
136 2895 659 2963 bilden haben wird, Vor¬
111 2941 657 2997 mit den Regierungen der
764 2943 1776 3026 Einschüchterung oder Militärgewalt.
101 2985 668 3050 goslawiens erforderlich
780 3020 1842 3083 Paris, 11. Februar. (Privattelegramm.) „Petit
107 3035 529 3090 bschluß gediehen sind.
685 3066 1844 3122 Journal“ erklärt, daß es für die Durchsetzung der Entschädi¬
112 3061 662 3139 #tokolls wird also bis zu dem
681 3118 1843 3172 gungsforderung an Deutschland nur zwei Mittel gebe: Ein¬
116 3133 656 3194 k. in dem die Versprechungen
684 3160 1840 3218 schüchterung oder Militärgewalt. Die Anwendung
114 3168 392 3241 sein werden.
676 3201 1850 3249 der letzteren koste viel Geld und ziehe schwere wirtschaftliche
683 3249 1844 3296 und politische Folgen nach sich. Es sei also die Einschüch¬
167 3253 508 3351 Oesterreich.
674 3297 1842 3355 terung vorzuziehen, und diese werde gegen Deutsch¬
681 3341 1848 3397 land immer gelingen, solange die französisch=englische Allianz
120 3325 342 3409 nicht teil.
682 3391 1369 3457 den europäischen Weltfrieden sichere.
106 3364 656 3457 ., Nach der „Etoile Belge“
107 3446 660 3511 wärtigen Jaspar in der
98 3488 673 3554 Wärtige Angelegenheiten, daß
721 3475 1813 3565 Die Präsidentenwahl in Amerika.
98 3529 665 3594 Sonsortium nicht teil¬
774 3548 1852 3626 Washington, 11. Februar. (Tel.=Komp.) Die offizielle
112 3588 665 3668 weck verfolge, Oester¬
683 3598 1845 3669 Wahl Hardings zum Präsidenten und Calvin Colidges
680 3670 1850 3719 zum Vizepräsidenten wird am kommenden Mittwoch stattfinden,
682 3714 1852 3762 und zwar unter Leitung des Vizepräsidenten Marshall.
180 3728 594 3824 ung in Tirol.
684 3754 1844 3808 Marfhall wird in dieser Sitzung die förmliche Feststellung
680 3809 1854 3860 machen, daß Harding und Colidges mit 404 Stimmen von
109 3795 433 3884 ng verschoben.
692 3846 1842 3903 37 Staaten gewählt wurden. Im ganzen hat bei der
123 3856 660 3926 is dem Landhause wird mit¬
691 3896 1843 3950 Wahl im November Harding etwas über 16 Millionen Stim¬
114 3923 660 3980 agsparteien traten gestern zu
694 3943 1844 4005 mnen erhalten, während der demokratische Kandidat Cooks es
116 3961 661 4024 zur Durchführung der
694 3989 1604 4063 auf mehr als 9 Millionen Stimmen gebracht hat.
96 4008 661 4084 en Volksabstimmung
117 4056 673 4118 zu nehmen. Zunächst gab der
683 4080 1841 4155 Zunahme der Arbeitslosigkeit in England.
116 4096 664 4167 chraffl eine genaue Dar¬
116 4147 660 4205 sonferenz in Wien, auf der
770 4142 1845 4214 London, 11. Februar. (Wolff.) „Daily Expreß“ zufolge
109 4196 664 4258 Pertretern der Länder gegen¬
691 4200 1845 4262 hat die Arbeitslosigkeit im Vereinigten Königreich in
117 4235 662 4297 habe, daß die Regierung den
690 4254 1842 4298 der mit dem 5. d. zu Ende gegangenen Woche ständig
2358 405 2963 507 Bezngspreise für das Ausland:
2322 456 2615 520 Eschecho=Slowatei:
2341 484 3003 555 einmal täglich monatlich tichechosslowal. 17 K
2346 544 2993 607 zwermal täglich monatlich tschecho=slowat. 18 K
2311 556 2453 620 Angarn:
2339 603 2988 659 einmal täglich monatlich ung.  50 K
2340 641 2983 701 zweimal täglich monatlich ung. 54
2315 664 2515 727 Iugosiawien
2524 677 2898 723 o monatlich 10 Dinar
2316 712 2410 746 Dolen
2529 715 2891 752 * .  monatlich 50 Mark
2314 716 2762 785 Deutschland monatlich
2774 742 2886 778 12 Mar
2316 767 2438 801 Italien
2795 764 2950 810 6 Fres. 717.
2442 772 2609 809 * * „
2316 796 2758 843 Schweiz monatlich
2795 788 2989 850 5 Fret,chtreiz.
2322 827 2758 869 Frantreich monatlich
2793 826 2888 865 6 Free
2889 831 2941 866 irz.
2318 848 2769 903 Weltposberein monatlich
2764 840 3002 905 5 Fres. schweiz.
2373 889 2918 945 Annahme von Bezugsbestellungen:
2302 921 2604 1004 I. Wollzeile Nr. 22.
2657 933 2988 993 Fernsprechen Nr. 5961.
2308 976 2995 1082 Hauptverwalkung, Versandstelle, Annabmt
2478 1039 2818 1086 von Ankündigungen:
2301 1060 2590 1141 k. Wollzelle Nr. 23.
2656 1070 2995 1140 sternsprecher Nr. 1652.
2593 1078 2646 1131 8
2498 1123 2795 1192 Kleiner Anzeiger:
2305 1161 2994 1240 I. Schulerstraße Nr. d. Fernsprecher Nr. 1203.
2559 1285 2993 1384 55. Jahrgang.
2102 1412 2799 1565 Vorhang, nieder!
1953 1518 3044 1614 In dem älteren, wahrhaftig gemütlicheren Wien,
1869 1575 3029 1663 das noch nicht von Niggersongs und rohen Stampf= und
1872 1654 3046 1718 Schiebetanzweisen widerhallte, sang mngn ein Couplet
1860 1694 3044 1757 mit dem Kehrreim: „Glückliche Leut', ham zu so #as
1869 1742 3041 1807 a Zeit!“ Die gestrigen Vorgänge im Parlament rufen
1873 1780 3026 1839 diesen Refrain in die Erinnerung zurück. Zum ersten¬
1877 1832 3028 1895 mal seit dem Umsturz ist es zu wüsten Tumulten und
1870 1875 3034 1939 tätlichen Zusammenstößen im Nationalrat gekommen.
1868 1919 3034 1982 All das Unglück, das uns in diesen zweieinhalb Jahren
1858 1965 3043 2037 heimgesucht hat, alle die leidenschaftlichen Gegensätze,
1868 2014 3042 2070 die die öffentliche Meinung aufwühlten, haben die Ge¬
1862 2064 3045 2127 müter im Parlament nicht so sehr entflammt wie die
1881 2108 2937 2170 Angelegenheit des „Reigen“. Der elende Friede,
2951 2110 3031 2168 die
1880 2155 3036 2217 Hungersnot, die Feindseligkeiten zwischen Land und
1880 2202 3028 2264 Wien, der Machtkampf zwischen Bürgerlichen und
1881 2248 3027 2315 Sozialisten, die Drohungen eines kommunistischen Um¬
1874 2295 3026 2349 sturzes, die Zerschlagung der Koalition, die Oktober¬
1879 2349 3031 2407 wahlen. mit ihrer Umwälzung der parlamentarischen
1861 2383 3039 2453 Machtverhältnisse — alles ist vorbeigezogen, ohne die
1863 2442 3045 2490 Volksvertretung aus dem seelischen Gleichgetsichte zu
1869 2478 3028 2544 bringen. Aber die Aufführung einer Szenenreihe, die
1879 2530 3024 2580 neunundneunzig Hundertstel unsrer Bevölkerung gleich¬
1879 2577 3023 2633 gültig läßt, schon weil sie durch die Höhe der Eintritts¬
1876 2628 3027 2678 preise auch von diesem frag.vürdigen Glück ausgeschlossen
1877 2672 3037 2731 sind, hat den Sturm im Wasserglase heraufbeschworen.
1879 2718 3031 2779 Das ist eine grundschlechte parlamentarische Regie, die
1874 2762 3029 2814 die Meinung befestigt, daß das Parlament fern von den
1879 2810 3034 2860 Nöten der Zeit sich in eine Kulissenpolitik einspinnt und
1870 2859 3028 2921 ein Eigenleben führt, durch das es sich dem Volks¬
1952 2944 3040 3005 Mehr als einmal im Laufe der Zeiten ist #e ge¬
1875 2975 3035 3046 schehen, daß die Leidenschaften sich an der Frage der
1868 3048 3036 3100 Zulassung oder Nichtzulassung eines Bühnenwerkes
1869 3091 3037 3150 zur öffentlichen Aufführung entzündeten. Schnitzlers
1874 3129 3045 3195 „Reigen“ aber bietet nicht den Anlaß zur Aufrollung
1880 3185 3039 3233 der großen Prinzipienfrage über die Grenzen der
1861 3222 3035 3278 Bühnenfreiheit. Man konnte sich vorstellen, daß Grill¬
1874 3273 3036 3334 varzers „Ottokar“ oder „Bruderzwist“, daß Haupt¬
1867 3314 3035 3371 manns „Weber“ oder Schönherrs „Glaube und
1868 3366 3038 3421 Heimat“ den würdigen Anlaß bieten, um das Problem
1865 3402 2931 3461 in seinen Tiefen auszuschöpfen. Dem „Reigen“
2985 3415 3035 3472 ist
1875 3451 3039 3528 dieser Ruhm verwehrt. Der Verfasser selbst hat sehr
1869 3499 3038 3559 wohl gewußt, warum er lange Zeit diese Dialogreihe
1880 3554 3041 3608 nur als Manuskript im Freundeskreise von Hand zu
1872 3599 3039 3669 Hand gehen ließ und an eine öffentliche Aufführung
1874 3651 3036 3704 nicht dachte. Was als Schriftwerk durch Kühnheit,
1888 3688 3030 3743 charfe Beobachtung und dialogischen Witz fesseln
1878 3737 3037 3786 konnte, gewinnt im grellen Rampenlicht ein ganz andres
1869 3787 3028 3835 Gesicht und wird nur zu leicht ein Zugeständnis an die
1882 3831 3030 3894 üsternen Instinkte. Den Sozialdemokraten selbst ist
1877 3873 3028 3935 snicht beigefallen, ihre Reputation mit einer Ver¬
1875 3922 3028 3981 teidigung des Werkes und seiner Aufführung zu ver¬
1865 3972 3038 4024 knüpfen, sie haben ausdrücklich abgelehnt, die ästhetische
1867 4022 3025 4075 oder kulturpolitische Seite der Frage zu entscheiden,
1867 4061 3027 4109 und ihr publizistisches Organ ist schon gestern erkenn¬
1877 4109 3029 4164 bar von dem „Reigen“ abgerückt, indem es erklärte,
1877 4156 3036 4208 daß wahrscheinlich viele Besucher der Aufführung nicht
1867 4206 3029 4263 wegen der künstlerischen Idee kommen und für sie un¬
2797 4242 2946 4298 orklärt,
2980 4254 3034 4298 es
1870 4243 2805 4297 empfänglich bleiben; auch hat das Blatt
