3436 4256
324 185 838 285 11. Reigen
195 1404 693 1482 htsbrüche hätte sein
193 1467 688 1553 ##issionsmitgliedern durch¬
220 1537 695 1617 erfährt, ist dieser geplante
199 1611 700 1672 escheitert, weil es in
206 1650 690 1719 ändigung zwischen
181 1701 682 1764 merikanischen Mit¬
202 1748 700 1803 ry und Boyden, in der
212 1783 692 1853 ist. Wie wir hören, sollen
200 1837 688 1908 gen erfolgt sein, die die
223 1884 693 1951 geres Moratorium
195 1930 693 1997 und Februarverpflichtungen
212 1983 334 2042 haben.
207 2052 484 2136 in Belfast.
193 2125 516 2180 Korrespondenten.
250 2158 661 2225 London. 21. November.
178 2210 691 2285 und heute mehrfach zu Un¬
184 2258 697 2340 en sich Straßenkämpfe, bei
213 2308 700 2376 Panzerwagen und
196 2350 700 2419 griff, um die Straßen zu
196 2403 690 2480 ideten und Toten ist bisher
206 2474 692 2560 eine Konferenz zwischen
188 2546 692 2626 ames Craig statt, wahr¬
183 2593 248 2654 eit.
190 2665 673 2749 änder in München.
207 2726 428 2783 Freien Presse.*)
211 2759 668 2829 München, 22. November.
189 2804 696 2880 Nachrichten“ veröffentlichen
184 2861 691 2930 st „Verlauft nicht an Aus¬
188 2906 693 2976 d eine Reihe bereutender
213 2957 694 3021 die bereits erilärt haben,
196 3003 700 3058 an Deutsche, beson¬
202 3047 695 3116 abgeben, und daß sie
186 3106 699 3181 n bereits wiederholt ab¬
489 3180 620 3238 E
1035 187 1427 283 box 18/2
830 1394 1858 1472 Je mehr Deutschland seine Ausfuhr steigert, um s0
741 1456 1863 1511 mehr wächst die Höhe seiner Reparationsverpflichtungen. Für
739 1511 1856 1568 jeden wirtschaftlich denkenden Menschen ist es klar, daß solche
748 1553 1865 1606 Summen weder durch Ausfuhr noch durch Steuerleistungen
739 1599 1852 1651 aufgebracht werden können. Müssen wir aber zu ihrer Auf¬
741 1644 1861 1694 bringung Devisen kaufen, so muß die Mark automatisch und
737 1690 1867 1760 zwangsläufig in beschleunigter Geschwindigkeit die schiefe
741 1739 1101 1792 Ebene hinabgleiten.
829 1758 1855 1843 Das habe ich unmittelbar vor der Annahme des Ulti¬
744 1823 1866 1883 matums als dessen Folge apodiktisch vorausgesagt und leider
748 1878 1146 1937 nur zu recht behalten.
821 1970 1852 2047 Die 2. Fortsetzung der Novelle „Das Fräulein“
730 2047 1714 2115 von Ernst Lothar befindet sich auf Seite 16.
1116 2150 1490 2266 Feuilleton.
1013 2278 1585 2367 Der Berliner „Reigen“.
821 2337 1853 2410 Nach Wien und München hatte nun auch Berlin seinen
752 2406 1857 2459 ergiebigen „Reigen"=Skandal. Das „Vorspiel auf dem
738 2448 1860 2505 Theater“ fiel allerdings minder geräuschvoll aus. Nachdem
752 2492 1868 2557 hundert und einige Vorstellungen in aller Ruhe verlaufen
743 2543 1860 2607 waren, kam es einmal unvermittelt zu einer ziemlich lauen
739 2591 1857 2646 und flauen Gemütserregung von seiten weniger Jugendlichen
739 2643 1861 2691 vom „nationalethischen Fache, die es jedoch dank recht¬
735 2674 1861 2745 zeitiger polizeilicher Einschreitung bloß bei einigen Stink¬
744 2723 1858 2782 bomden bewenden ließen. Nach dieser Episode, die nur zu
748 2781 1862 2837 sehr auf die Urheberschaft rechtsradikaler Scharfmacher hin¬
738 2820 1861 2888 gewiesen hatte, durften weitere hundert Aufführungen ohne
738 2865 1857 2934 jegliche Störung vor sich gehen. Dann erst kam der all¬
747 2910 1859 2978 gegenwärtige Staatsanwalt, protestierte feierlich im Namen
748 2955 1867 3021 jener sittlichen Volkskräfte, um deren Konservierung sich
753 3002 1866 3061 der deutsche Amtsschimmel seit Jahr und Tag mit gläubiger
752 3055 1858 3109 Umständlichkeit bemüht, und es entstand ein bewegtes
750 3106 1856 3165 „Nachspiel vor Gericht“, das an tragikomischen Wendungen
742 3144 1152 3230 Unvergleichliches bot.
1916 1401 1955 1465 —
1908 1433 3027 1507 und daß, wenn Deutschland mit den Zahlungen im Ruck¬
1908 1486 3041 1551 stand bleibt, sie dieses Pfandrecht geltend machen kann. Bei
1907 1550 3030 1602 einem gemischten Unternehmen kann ie sich aber nur an
1910 1583 2887 1646 die im Besitz des Reiches befindlichen Aktien halten.
1993 1632 3027 1693 Die Sozialisten aller Schattierungen verlangen zur
1904 1677 3025 1740 Erfüllung der Reparationsforderungen bei den Steuern den
1907 1727 3035 1780 Eingriff in die Substanz. Abgesehen davon, daß damit das
1908 1772 3034 1827 Vermögen und damit die steuerliche Leistungsfähigkeit
1919 1824 3024 1887 ständig verringert wird, hat die Entente gar keinen An¬
1909 1865 3025 1929 spruch auf das Privaivermögen des deutschen Bürgers.
1998 1962 3037 2026 Schon der Umstand, die Schauspielerin Gertrud Eysoldt
1905 2016 3039 2066 aus Sinlichkeitsgründen auf die Anklagebank gezerrt zu
1912 2051 3038 2125 sehen, mußte wundernehmen. Die Eysoldt, die sich nicht so
1917 2098 3030 2169 sehr als Darstellerin der Schnitzterschen Szenenfolge, denn
1906 2150 3030 2203 als Mitbeteiligte am künstlerischen Unternehmen „Kleines
1921 2195 3033 2253 Schauspielhaus zu verantworten hatte, gehort mit zu den
1906 2241 3035 2304 Stützen des modernen volldramatischen Bestandes auf
1914 2285 3029 2344 der deutschen Bühne. Sie gehört zu jenen wenigen Schau¬
1906 2339 3034 2398 spielerinnen neuester Prägung, deren Talent, von
1914 2371 3023 2434 einem unstreitbaren sittlichen Ernst der Auffassung getragen,
1910 2422 3034 2488 stets auf das Wesen dringt. Man mag ihr im altklassischen
1917 2480 3029 2540 Rollenfache, in Strindbergs dramatischer Offenbarung oder
1905 2527 3037 2581 in neuartigen Gesellschaftsszenen gelauscht haben, imm.r
1909 2567 3029 2630 wieder wirkte jene überzeugende Naturkraft einer Eigenen,
1914 2616 3032 2666 an die Laszivitäten des täglichen Daseins nicht heranreichen.
1914 2659 3032 2716 Nun wurde ihr ehrlicher Künstlername hineingedrängt in das
1919 2713 3028 2765 moralisierende Geplänkel der Parteien, und — wie schon
2654 2748 3026 2810 geriet wieder reines
2584 2757 2652 2802 —
1913 2756 2586 2809 so oft in der jüngsten Vergangenheit
1912 2803 3031 2862 Streben in die Fangarme eines reinlich tuenden Strebertums.
1993 2863 3026 2919 Als Einleitung ließ sich das Gericht ins Theater laden.
1914 2907 3033 2967 Eine „Reigen"=Matinee in ursprünglicher Inszenierung,
1908 2949 3027 3006 einer geladenen Gruppe der Richter, Zeugen und Sachver¬
1924 3000 3026 3053 tändigen vorgeführt, sollte die Anklage erhärten oder ent¬
1916 3043 3033 3102 kräften. Auch die musikalischen Begleitakkorde, denen ein
1910 3092 3030 3147 „unmoralischer Rhythmus“ vorgeworfen wurde, mußten her¬
1900 3138 3030 3222 halten, Man sah es auf eine möglichst bunte Schar un¬
