3436 4224
295 115 426 213 11.
998 128 1381 227 box 17/1
482 130 795 235 Reigen
375 1042 838 1130 greesten Helerngen ger#
364 1092 1509 1180 tum allüberall; es störte die Treue nie, die festhielt an
358 1147 1509 1221 Brauch und Art der Vorfahren. Der Einzug der ver¬
464 1269 1507 1349 Die heutige Nummer der „Deutschen Zeitung“
365 1308 1517 1396 enthält eine Österbeilage, welche sich auf den Seiten
368 1383 1509 1448 elf bis achtzehn befindet. Der Inhalt der Beilage ist
365 1421 581 1499 folgender:
464 1492 1325 1563 Österkunde. — Von Franz Christel.
461 1554 1505 1617 Ostern in den Alpen. — Von Hans Kersch¬
365 1602 538 1666 baum.
459 1644 1506 1726 Die liebe Christel. — Von Vest v. Paum¬
368 1712 615 1784 gartten.
452 1757 1430 1839 Anto. — Eichenflirt. — Von Karl Ptak.
451 1818 1498 1904 Eine saubere Freundschaft. — Von F. G.
361 1859 742 1945 Frimberger.
459 1928 1497 2003 Ein Wiener Platz. — Von Alexander v. Biczo.
456 1983 1497 2053 Frühlingslust. — Von Albert Geßmann d. J.
451 2043 1499 2117 Zerstörter Frühlingstraum. — Von Dr. Day.
449 2101 1454 2170 Die Heimat. — Von Albertine Luhde=Ilg.
448 2158 1183 2216 Saisonschluß. — Von Forster.
451 2185 1352 2271 Die Hübner=Kati. — Von H. Löffler.
450 2262 1492 2337 Ein empfehlenswertes Lokal. — Von Ignaz
356 2288 553 2385 Pauer.
447 2353 1499 2449 Von der Adria. — Von Franz v. Salzburg.
451 2413 1213 2478 Festtagswürze. — Von Josef Th.
1199 2520 1468 2602 Nachdruck verboten.
577 2581 1281 2695 Die vierte Dimension.
444 2663 1488 2753 Daß es mitunter nicht ganz ungefährlich ist, die
355 2742 1485 2805 vierte Dimension zu zitieren, hat jüngst ein Berlmer
355 2780 1498 2860 Prozeß bewiesen. Frau Rothe, die dem Publikum die
354 2839 1489 2887 nähere Bekanntschaft mit ihr vermitteln wollte, vier¬
355 2881 1497 2941 dimensionale Geister materialisierte und Blumen aus dem
343 2922 1485 2998 Jenseits herüberholte, ist einfoch eingesperrt worden. Die
356 2976 1484 3035 Behörden und das Gericht sind von der höchst unspiri¬
354 3028 1491 3098 tistischen Anschauung ausgegangen, daß die ganze Ge¬
357 3074 1484 3141 schichte mit der Zilierung und Belebung der vierten
356 3127 1490 3203 Dimension ein Schwindel sei und Frau Rothe Betrug
1543 1102 2680 1207 in Finsternis — siehe, es rang sich zum Licht. Wohl war
1547 1182 2684 1261 das ein Auferstehn, aber ein Auferstehn vor der Erlösung.
1549 1283 2680 1345 getrieben habe. Punktum. Die vierte Dimension ist wieder
1555 1346 2677 1407 einmal ex #llo abgetan und erledigt. Aber bloß für
1546 1387 2676 1448 diesen Fall, bloß in Sachen des Spiritismus. Die vierte
1547 1432 2678 1505 Dimension aber, das Element des Ewig=Unbegreiflichen,
1537 1478 2684 1553 das Nichts, das mit einem Male dem staunenden Mittel¬
1540 1537 2678 1591 europäer als bedeutsames Etwas vorgesetzt wird, das
1537 1586 2688 1645 Irreelle und absolut Unwahre, an das er schließlich nach
1549 1629 2683 1703 heftig betriebener Suggestion entgegen seiner innersten
1540 1677 2673 1747 Ueberzeugung dennoch glaubt, hauptsächlich, weil er
1541 1729 2678 1792 fürchtet, sich zu blamieren, diese unwägbare Kraft des
1538 1780 2677 1825 mit allem Nachdruck der Wahrheit vorgetragenen Unver¬
1539 1823 2671 1882 nünftigen umgibt uns im heutigen Leben überall und
1538 1878 2676 1931 tausende von uns unterstehen ihren Einflüssen mehr, als
1540 1923 2675 1982 sie ahnen. Seltsam, daß gerade die Zeit, die den dürren
1539 1973 2670 2036 Naturalismus erzog, deren Canon die norwegischen und
1537 2023 2681 2085 russischen Wahrheitseiferer sind, für solche Einwirkungen
1541 2073 2628 2139 zugänglich ist, aber — sie herrschen jetzt mehr denn je.
1621 2121 2678 2172 Vor einiger Zeit wurde in einem hiesigen Theater
1533 2165 2671 2229 die Aufführung eines Stückes angekündigt, das als be¬
1548 2226 2669 2280 ondere Sensation einen außerordentlichen englischen
1535 2266 2669 2334 Dichter in Wien einführen sollte. Bernard Shaw heißt
1538 2306 2675 2370 der Mann, und einige Zeit vor der Aufführung konnte
1533 2366 2675 2418 man Dutzende von Feuilletons lesen, in denen die
1531 2416 2673 2478 wunderliche Eigenart dieses „Poeten“ gefeiert und als
1531 2458 2667 2517 ein Sphinxrätsel hingestellt wurde. Für den ersten Blick
1539 2507 2670 2573 sähen seine Schriften recht trivial aus, aber — wer sie
1533 2563 2667 2627 nur mit feinem Gefühl in lesen verstünde! Welche
1535 2600 2667 2671 Zauber und Perlen echter Dichtung würde der in den
1540 2663 2673 2715 scheinbar alltäglichen Werken finden! Also verkündete
1539 2706 2673 2760 zunächst der „Entdecker“ Shaws für Wien, ein Herr
1532 2750 2663 2812 Trebitsch, und man hörte aufmerksam und gespannt auf
1541 2796 2662 2867 seine und seiner Genossen Rede. Dann wurde das Stück
1527 2855 2668 2916 gegeben. Ein ganz erbärmliches, schlecht gemachtes,
1531 2897 2668 2967 ordinäres Spektakelstück mit ein paar witzlos frechen
1534 2939 2659 3014 Wendungen. Man sah sich erstaunt an. Also dieses lang¬
1529 2995 2670 3060 weilige Geplapper...?! Ja, wenn der Verfasser ein
1527 3039 2662 3110 Herr Maier aus Wien oder Oberhuber aus Linz wäre, dann
1525 3088 2662 3154 könnte man kurzen Prozeß damit machen. Man würde
1524 3136 2669 3195 einfach vom zweiten Akte an lachen, höhnen und mit¬
2723 1112 3308 1210 die Herren Ugron und Hollo
2722 1187 3253 1256 nicht mehr Herren ihrer
3250 1197 3327 1263 ei
2727 1290 3303 1352 spielen und das Stück könnte
2732 1349 3244 1411 Aber so! Dieser Shaw
3242 1343 3324 1410 sol
2733 1392 3289 1463 Essays versichert wird, trotz
2718 1439 3312 1513 sein und weil sich in England.
2719 1487 3330 1560 um ihn kümmert, bei uns in
2717 1544 3340 1613 Von Poesie ist zwar in diese
2718 1591 3302 1665 Sudelwerke nichts zu merken,
2721 1637 3325 1704 behauptet wird, könnte ja a
2730 1677 3321 1752 ein. Also seien wir vorsichtig
2724 1739 3304 1807 Stück nicht durchfiel, sondern
2713 1783 3257 1852 zu Ende angehört wurde.
2717 1840 3263 1899 wird man vergeblich suchen.
2817 1879 3278 1942 Ein anderes Bild eines
2719 1920 3326 2001 Im Carl=Theater trat eine Tä
2723 1988 3333 2038 wurde, und sie selbst verkünd
2722 2026 3333 2096 ihr Tanz der Tanz der Zuku
2720 2082 3338 2147 von und ohne Beruf zerpurzell
2715 2128 3321 2186 die Linien dieses Tanzes. End
2721 2173 3265 2244 nerin schottischer Abkunft,
2707 2221 3337 2299 tänzerin Loie Fuller in die gr
2711 2281 3279 2344 war, ließ sich gnädig von
2717 2320 3319 2391 Reporter, die in ihrem ganzen
2709 2365 3326 2434 gesehen hatten und in ihren
2717 2422 3331 2482 Terpsicheres nicht über die Ku
2714 2464 3331 2533 hinauskamen, interwieden, auf
2718 2520 3339 2573 arrogantesten Ansichten über un
2711 2563 3335 2629 der Gemeinde der Ewigahnung
2706 2618 3324 2678 geringste Vorstellung von ihr
2719 2654 3326 2727 üiberhaupt hatten, aber bei ihr
2706 2716 3325 2779 eingeladen waren, verhimmelt
2706 2757 3344 2842 Bühne eines ihrer berühmt
2706 2794 3330 2871 hatte. Endlich war der Aben
2707 2851 3321 2923 unverschämt hohen Preise ein
2710 2895 3327 2968 Diva erscheint. Erste Enttäuf
2710 2957 3318 3016 robuste Person mit einem Pro¬
2716 3002 3283 3067 Gabriel Rossetti, nichts von
2709 3043 3318 3115 Burne Jones hatte, sondern
2716 3096 3286 3162 „krowotisch“ erschien. Dann
2714 3152 3287 3227 chläfernden Musik. Allerhand
