3336 4416
277 173 402 255 11
972 169 1390 259 box 17/6
469 184 790 284 Reigen
520 895 1631 984 Arberten uber die „Reigen =Schande.
533 962 1447 1059 46rU0 ein Frübf aa Düggerwalster Reumm.
591 1029 1631 1110 In einer Verkammlün christlicher Arbeiter, die
489 1086 1625 1163 heite im Katholischen G###nvereinshause stattfand,
488 1147 1620 1213 wunde beschlossen, ein Schreihen an Bünermeister Reu¬
491 1193 1374 1271 mann zu senden, jskem es u. g. heißt:
584 1249 1624 1308 Sie sind aus dem Volke hervorgegangen; das in
490 1292 1624 1355 selnen schönsten Liedern, in seinem tiefstem Empfinden
501 1339 1613 1400 stets die A##g vor der weiblichen Würde zur Schau
490 1394 1621 1448 trägt, wi# in der Mutter, in dem Ideal einer ge¬
487 1438 1619 1505 liebten Lebensgefährtin sich verkörpert. Und nun haben
492 1486 1622 1561 Sie trotz bringender Abmahnungen die Aufführung
490 1545 1632 1602 eines Theaterstückes gestattet, das von den größten, der
492 1583 1623 1648 Prüderie wahrhaftig nicht zu zeihenden Städten
488 1624 1625 1688 Deutschlands als Kulturschande empfunden und
494 1677 1624 1741 abgelehnt wurde, ein Theaterstück, das im Weibe
495 1734 1065 1797 nur mehr eine Dirne sieht!
584 1773 1619 1854 Es ist ein Irrtum, wenn Sie diese Aufführung und
480 1822 1517 1896 die Gestattung derselben als eine Geringfügigkeit
1525 1836 1616 1896 hin¬
495 1878 1616 1937 stellen. Es ist damit die letzte Schranke gefallen, die
477 1935 1618 1993 uns noch von dem Tiefstand eines Rom zur Kaiserzeit
486 1978 1608 2029 trennte. Es wäre Ihre Pflicht gewesen, der Wiener Volks¬
495 2023 1618 2081 seele, die auch heute noch der überwiegenden Mehrheit
481 2079 1618 2143 nach christlich empfindet, diese empsvende Erniedrigung
495 2124 1608 2184 zu ersparen. Sie hätten damit Ihrer eigenen Partei ge¬
487 2170 1604 2241 dient, deren Anhänger vielfach unsere Meinung teilen.
575 2222 1608 2289 Viele von uns sind Heimkehrer. War unser Kampf
496 2280 1609 2333 und unser Blut nicht mehr wert, als mit einer republi¬
486 2320 1605 2388 kanischen Freiheit in solcher Auffassung belohnt zu
487 2372 1606 2436 werden? Manche von uns möchten sich einen Hausstand
485 2419 1608 2486 gründen und können es nicht, da die ortsfremden
488 2465 1608 2522 Wuchever noch immer ungestört ihre Zimmerfluchten
486 2508 1609 2571 bewohnen dürfen. Sollen jetzt diesem Gesindel auch unsere
485 2564 1619 2620 Kunststätten vollends ausgeliefert werden? Fast jede
489 2603 1611 2672 Woche folgen wir trauernd den Särgen entschlafener
483 2652 1614 2724 Kollegen, die an den Folgen des Krieges oder der
483 2701 1606 2765 Unterernährung in der Blüte ihrer Jahre dabinsterben,
489 2751 1605 2808 und ausgerechnet jetzt, angesichts solcher Gräber lassen
482 2799 1609 2867 Sie einen „Reigen“ eröffnen, um Schiebern und aus¬
476 2847 1616 2905 geschämten Wüstlingen es zu ermöglichen, vor öffentlichen
483 2894 1609 2964 Bühnen ihrer Geilheit zu frönen. Wir richten darum
483 2941 1610 3010 die Aufforderung an Sie: Verbieten Sie den
483 2997 1606 3059 „Reigen“ oder lassen Sie wenigstens der Entscheidung
479 3037 1616 3112 des Bundesministeriums freien Lauf! Wenn nicht, dann
485 3081 1604 3158 glauben Sie wenigstens uns, wenm Sie schon an eine
487 3141 1610 3204 ewige Gerechtigkeit nicht glauben wollen: Sie werden
478 3182 1609 3251 mit Ihrem Vorgehen neue unzufriedene
474 3228 1612 3305 Massen schaffen, die eines Tages Sie samt Ihrem
464 3268 1605 3343 Anhang aus dem öffentlichen Leben hinwegfegen werden.
495 3388 1540 3444 Arbeiter und Angestellte! Wenn ihr
400 3446 1540 3512 noch keinen richtigen Stimmzettel habt, so schneidet diesen
393 3481 859 3557 aus und gebt ihn ab!
1899 431 2660 558 Das Polizeiverbol des
2117 551 2439 670 „Reigen“
1870 645 2711 714 Was wird der Landeshauptmann
2095 704 2477 781 Reumann tun?
1922 730 2775 824 Heute nachmittags 4 Uhr ver¬
1813 787 2779 867 sammelt sich der Lamdtag Wien.] Manzglaubt
1817 834 2770 909 im Rathause, der Landeshauptmann werde den MMit
1823 886 2777 960 gliedern des Landtags= Mitteilungen Tüber den Stand
1823 930 2788 999 der Angelegenheit erstätten. Ein solcher Bericht könnte
1814 976 2790 1048 möglicherweise den Anlaß zu lebhaften Aus¬
1817 1023 2785 1083 einandersetzungen zwischen den
1825 1070 2791 1123 Parteien geben, besonders dann, wenn die
1823 1105 2791 1176 Form eines Dringlichkeitsantreges
1823 1141 2792 1215 gewählt wird, um den Landeshauptmann zur Ein¬
1821 1190 2792 1257 greifen in eine Debatte über diesen Antrug zu
1826 1250 2015 1317 bestimmen.
1940 1265 2792 1346 Ueber den Standpunkt des Landeshauptmannes
1827 1322 2800 1387 macht ein heute in der „Arbeiter=Zeitung erschienener
1829 1361 2742 1440 Artikel Andeutungen. Dort heißt es unter anderem:
1951 1391 2799 1472 „Was nun die Rechtsfrage betrifft, so wird
1820 1447 2798 1515 der Landeshauptmann die „nach¬
1826 1496 2802 1566 träglicheinzuholende Genehmigung",
1826 1539 2802 1606 wie wir glauben, keineswegs er¬
1834 1581 2801 1649 teilen. Dazu liegt weder eine Verpflichtung noch
1837 1625 2801 1693 ein Anlaß vor. Verpflichtet ist nur die Sicherheits¬
1831 1665 2800 1746 behörde, die Genehmigung einzuholen; das besagt
1835 1712 2811 1784 natürlich nicht, daß sie der Landeshauptmann aussprechen
1837 1755 2804 1825 muß. Auch kein Anlaß: denn gegen den Theaterdirektor
1835 1797 2809 1873 ist auch die Einstellung durch die Sicherheitsbehörde
1837 1842 2809 1915 wirksam. Die Genehmigung würde aber auch einen
1839 1885 2802 1955 absurden Zustand herbeiführen. Da der Direktion
1845 1935 2809 1999 gegen die Entscheidung des Polizeipräsidenten der
1833 1962 2803 2042 Rekurs an den Landeshauptmann zusteht, so würde
1839 2017 2805 2086 eine Genehmigung der Entscheidung des Polizei¬
1848 2062 2800 2129 räsidenten durch den Landeshauptmann zur Folge
1847 2100 2815 2173 haben, daß sich dann der Rekurs an den Landes¬
1847 2142 2805 2216 hau mann als ein Rekurs gegen eine Entscheidung
1854 2188 2812 2258 des Londeshauptmannes darstellen würde. Der Herr
1853 2239 2816 2307 Polizeipäisident wird also auf die Deckung seiner frag¬
1855 2282 2812 2354 würdigen Entscheidung durch eine Genehmigung schon
1847 2337 2187 2410 verzichten mussen
1999 2390 2683 2455 Was Direktor Beraau sagt.
1964 2429 2821 2497 Einer unserer Redakteure hatte heute Gelegen¬
1861 2477 2825 2550 heit, mit Direktor Bernau über die Sachlage zu
1851 2527 2643 2598 sprechen. Der Direktor sagte unter anderem:
1966 2549 2821 2631 Der Rekurs gegen das Polizeiverbot wich
1852 2615 2830 2685 heute überreicht. Unabhängig davon werde ich
1856 2653 2832 2725 meine Schadenersatzansprüche ver¬
1860 2696 2833 2770 folgen. Denn ich habe durch das Verbot großen
1855 2739 2833 2817 Schaden erlitten. Sämtliche Doppelvorstellungen
1856 2786 2832 2857 waren bis Sonntag inklusive ausverkauft. Ich muß
1869 2845 2832 2896 das Geld für die gelösten Karten zurückerstatten.
2740 2872 2830 2929 die
2346 2876 2685 2944 ch bemüht,
2163 2886 2262 2944 vin
1863 2888 2159 2948 Derzeit
2172 3000 3135 3086 Namen und die Persönlichkeiten
2174 3051 3128 3117 der Skandalmacher festzustellen.
2172 3088 3136 3162 Gegen die Exzedenten werde ich vorgehen. Man
2160 3131 3137 3187 kaun doch unmöglich die Führung
2169 3176 3133 3250 eines Theaters, die Bildung eines
2163 3217 3126 3277 Repertoires in die Willkür der
2164 3262 3122 3325 Straße legen. Wenn auch gegen „Flamme“
2170 3303 3125 3375 Sturm gelaufen wird, so läßt mich diese künstlich ge¬
2158 3356 3115 3419 nährte Empötung kalt. Ich bin jetzt orientiert und
2166 3391 3125 3455 vorbereitet. So leicht wie vorgestern wird man den
2155 3440 3121 3512 Krawallmachern die Angriffe auf das Theater und
2159 3484 2936 3565 gesittete Theaterbesucher nicht mehr machen.
