3444 4352
312 157 459 241 11.
517 165 823 257 Reigen
1002 153 1423 245 box 17/6
1792 257 2433 429 Areien Zelene Wie
2560 493 2765 572 Seite 3
1817 498 2256 579 12 Februar 1921
1698 631 2821 718 Das Verbot und die Antwort des
2028 693 2518 801 Bürgermeisters.
1817 777 2820 864 Der Erlaß des Herrn Glanz, der das Verbot des
1714 832 2812 905 „Reigen“ ausspricht, ist an den Magistrat als politische Lendes¬
1716 887 2526 962 behörde gerichtet und hat folgenden Wortlaut:
1859 940 2805 995 Mit der dortigen Entscheidung vom 12. Jänner 1921
1761 983 2807 1039 wurde das Bühnenwerk „Reigen“, zehn Dialoge von Arthur
1758 1021 2816 1080 Schit###auf Einschreiten der Direktion des Deutschen
1751 1058 2816 1122 Volkstheaters in Wien nach Anhörung des
1747 1101 2810 1162 Zensurbeirates im Sinne des § 3 der Ministerial¬
1755 1141 2815 1192 verordnung vom 25. November 1850 zur Aufführung
1753 1189 2054 1247 zugelassen.
1877 1195 2813 1277 Die bisherigen Aufführungen dieses Bühnenwerkes
1760 1264 2806 1320 haben nun den Nachweis erbracht, daß seine Vorführung auf
2680 1298 2805 1344 seinet
2369 1303 2676 1352 von der Frage
1757 1312 2371 1362 der Bühne, ganz unabhängig
1755 1343 2813 1392 künstlerischen Bedeutung, eine arge Verletzung der öffent¬
1755 1383 2828 1438 lichen Sittlichkeit bedeutet. Nicht minder haben Kund¬
1760 1408 2812 1475 gebungen aus der Bevölkerung und zahlreiche Aeußerungen
1758 1454 2803 1509 der Tagespresse verschiedener Parteirichtungen dargetan, daß
1759 1500 2818 1549 die Aufführung des Werkes mit dem sittlichen Empfinden des
1765 1533 2819 1593 weilaus überwiegenden Mehrheit der Wiener Bevölkerung im
1756 1582 2166 1639 scharfen Gegensatz steht.
1885 1582 2815 1668 Das Bundesministerium für Inneres und Unterricht
2014 1644 2813 1698 daher bestimmt, die mitder eingangs
1769 1653 2016 1709 findet sich
1764 1685 2815 1749 ziierten Entscheidung erteilte Aufführungsbewilligung
1760 1729 2814 1785 außer Kraft zu setzen und im Grunde des § 5 der
1768 1759 2829 1815 obbezeichneten Ministerialverördnung die weitere Auf¬
1763 1790 2828 1861 führung des bezeichneten Bühnenwerkes
1764 1854 2158 1905 zu untersagen.
1793 1883 2817 1944 Der Bundesminister für Inneres und Unterricht: Glanz
1838 1931 2828 2003 Der Erlaß ist vom Donnerstag datiert und ist im
1731 1980 2820 2056 Magistrat erst Freitag eingelangt. Selbstverständlich hat Herr
1737 2037 2828 2107 Glanz schon am Donnerstag der „Reichspost“ die Mitteilung
1728 2075 2819 2151 gemacht, er muß doch seinen eigentlichen Auftraggeber sofort
1734 2120 2835 2195 verständigen. Im Wiener Landtag, der Freitag
1728 2168 2835 2240 Sitzung hielt, teilie Landeshauptmann Reumann mit, was
1733 2218 2828 2295 ei dem Herrn Glanz geantwortet habe. Die Sozialdemokraten
1727 2262 2834 2336 hatten nämlich durch Speiser einen Dringlichkeitsantrag ein¬
1737 2313 2828 2388 gebracht, worin nach Darlegung des Sachverhalts gesagt
1737 2372 2826 2433 wird, der Bürgermeister als Landeshauptmann wolle die
1737 2406 2826 2478 Autonomie Wien gegen jeden Eingriff der Bundesregierung
1732 2465 2831 2534 energisch wahren. In der Begründung des Dringlichkeits¬
1737 2521 2336 2589 antrages führie Speiser aus:
1846 2541 2836 2625 Das Verbot des Ministers für Inneres stellt den ersten
1729 2605 2835 2669 Versuch eines Eingriffs in die Aukonomie des Landes Wien
1743 2641 2837 2705 dar. Der Gegen and, an dem sich dieer Eingriff vollzieht, ist
1743 2680 2838 2747 für meinen Dringlich eitsantrag ohne Belang. Es handelt sich
1741 2724 2836 2784 durchaus nicht darum, daß sich etwa der Wiener Landtag als
1735 2772 2835 2817 eine Stelle für Theaterkritik auftue. Aver es ist notwendig,
1736 2798 2829 2865 daß wir uns in dem Augenblick, wo es eine Bundesregierung
1741 2838 2834 2902 zum erstenmal versucht, die Autonomie des Landes
1748 2879 2836 2935 Wien anzulasten, dagegen sosolt und
1748 2917 2844 2973 mit aller Energie zur Wehr setzen. Es ist
1745 2959 2841 3010 bekanm, daß meine Partei durch lange Zeit dafür ge¬
1741 2987 2841 3061 kämpft hat, daß die Bundesverfassung der Republik Oester¬
1864 3027 2834 3093 nuch zenralistischen Prinzizen eingerichtet werde,
1736 3049 1821 3093 reich
1831 3054 2832 3131 mußten uns schließlich fügen und der autonomistischen
1757 3102 2843 3164 Gestaltung der Republit uniere Zustimmung geben. Nun aber
1739 3140 2835 3198 sind wir selbstverständlich entschlossen, die autonomen
1753 3172 2846 3249 Rechte, die dem Lande Wien durch die Bundesvertassung
1743 3218 2845 3290 gewährleistet sind, zu verteidigen; wir werden nicht
1746 3244 2844 3321 zugeben, daß ein Bundesminister die Rechte dieses
1749 3291 2839 3355 freien und auionomen Landes und seines
1744 3328 2838 3396 Landeshauptmannes einsach wegeskamotiert.
1752 3370 2849 3434 Niemals hätte es dieser Herr Bundesminister gewagt, etwa mit
1754 3404 2844 3479 dem Herrn Landeshauptmann von Vorarlbeig oder Tirol so
1744 3444 2849 3512 zu verfahren, wie er es sich gegenüber dem Landeshauptmann
1752 3480 2839 3548 von Wien herausnimmt. Ich bin überzeugt, daß uns der
1746 3524 2848 3584 Bürgermeister als Landeshaup mann beruhigende Austünfte
1748 3558 2846 3628 darüber geben wird, was er zur Wahrung seiner Rechte und
1761 3599 2849 3665 der diechte des Landes Wien zu tun gedenkt. Indem wir diesen
1758 3635 2850 3705 ersten Angriff auf unsere Autonomie energisch abweisen, ver¬
1756 3677 2735 3755 teidigen wir unsere aulonomen Freiheiten für alle Zeit.
1869 3738 2852 3806 Zu dem Antrag sprach zuerst Frau Dr. Seitz=Motzko,
1754 3773 2849 3844 die sich natürlich nur mil der Unsittlichkeit dieses Stückes be¬
1764 3825 2846 3898 schäftigte, das sie dahin charakterisierte, es sei „eine Kenzession
1757 3867 2849 3947 auf die Geilheit eines auswärtigen Schiebertums“ Herr
1750 3916 2852 3996 Kunschak vervollständigte diese literarische K.itik, indem er das
1751 3962 2856 4035 Werk ein „Saustück“ nannte. Dann meinte er, es wäre besser,
1761 4021 2313 4091 den Sachverhalt erst zu prüfen.
1844 4077 2768 4150 Die Antwort des Landeshauptmannes.
