3484 4256
1056 136 1467 224 box 18/3
347 134 877 234 11. Reigen
683 1847 1349 1963 Helikreion.
830 1994 1260 2090 Stadttheater.
599 2072 1505 2141 „Reigen“ von Arthur Schnitzler.
551 2146 1604 2208 „Beobachtungsgabe kann nur ein selbstlos=aüfrichtiger
460 2182 1606 2247 Mensch besitzen. Denn um die Dinge zu sehen, wie sie sind,
462 2225 1600 2301 darf man sich ihnen nicht mit einem persönlichen Interesse
467 2263 628 2325 nähern.“
541 2301 1603 2359 Diese Worte des Franzosen Flaubert hätte sich der Vor¬
459 2331 1614 2405 stand des nationalen Frauendienstes, Pächter der Sittlichkeit
468 2388 1601 2439 aus eigener Machtvollkommenheit, und ein Teil des gestrigen
461 2419 1597 2485 Theaterrublikums einige Dutzend Male vorsagen sollen, um
468 2463 1605 2519 nicht selbst mit der Geste dieser gepachteten Moral oder des
460 2503 1596 2576 unmotivierten Gelächters selbst ein Gegenstand des Lächelns
454 2539 655 2591 zu werden.
529 2577 1606 2635 Denn dieser Reigen ist letzten Endes Beobachtung mit den
461 2600 1601 2674 scharfen Augen des Arztes Schnitzler, der nicht ober¬
467 2654 1597 2707 flächlich durch Mantille, Bluse und übrige Gewänder den
466 2693 1596 2754 chronischen Herzsehler „mooerner Moral“ feststellt, sondern
460 2729 1590 2793 seine Diagnose an der „Nacktheit“ vornimmt. Und das ist eine
466 2768 1606 2828 Aufrichtigkeit, die die Fäulnisse der Gesellschaft, der unteren
462 2808 1598 2872 und oberen, in den zehn Dialogen rücksichtslos aufdeckt. Es
460 2853 1592 2910 gehören nun eben ernste Augen dazu, um in die Tiefe zu
467 2897 1594 2950 chauen und nicht ängstlich zugekniffene oder im Feixen ge¬
459 2926 1592 2987 schlitzte, diese Satiren zu verstehen. Die ist Schnitzlers Reigen.
464 2962 1593 3028 Ihm aber, dem Satiriker selbst, den offenen Vorwurf der Wür¬
454 3003 1589 3065 delosigkeit zu machen, beweist die Verständnislosigkeit der An¬
459 3051 1591 3109 greifer gegenüber dem satirischen Temperament, das letzten
457 3084 1589 3152 Endes einen starken Willen zum Guten in sich birgt.
509 3130 1589 3193 Gar mancher, der mit Hoffnung auf Kitzel die gestrige Auf¬
447 3161 1588 3230 führung sah, wird nicht auf seine Rechnung gekommen sein.
452 3212 1540 3249 Ein Lob für die Regie Direktor Zieglers
1538 3227 1597 3268 der
449 3246 1586 3304 die Schärfen des Manuskriptes, eigentlich nur zur Lektüre be¬
455 3284 1592 3353 stimmt, dezent durch Streichungen und durch Fallen des alles
452 3327 1580 3382 beschönigenden Vorhanges herabminderte, wo der Autor rest¬
451 3365 1584 3430 los die roten Liebesmäntel der Gesellschaft vom ängstlich ge¬
451 3405 1416 3464 hüteten Leibe reißt: „Das ist euer eigenstes Gesicht!“
530 3440 1585 3504 Mit geistigen Feigenblättern schafft man keine Klarheiten,
448 3483 1594 3547 auch wenn unentwegte Nuditätenschnüffler ängstlich Hamlets
445 3515 1586 3587 Worte umwerten: Schwein oder nicht Schwein, das ist hier
453 3558 1594 3617 die Frage! Um das entscheiden zu können, empfehlen wir allen
445 3593 1341 3657 jenen den Besuch der nächsten Reigenvorstellung
1736 1780 2805 1829 Dramatisch gewertet muß Schnitzlers Werk zusam¬
1645 1824 2791 1872 menfallen. Es bleibt eine Episode, ein Reigen in zehn Touren
1661 1865 2797 1916 vom Schiebertanz der Dirne und des Soldaten bis zum Jazz
1654 1893 2798 1951 des Grafen und der Schauspielerin und letzten Rausschmeißer
1650 1939 2796 1989 des Grafen und der Dirne. Dazwischen die Schnitzlerche
1667 1978 2788 2023 „Sehnsucht nach Tugend“. Mancher wird sagen „Viel Deka¬
1654 2017 2793 2075 dence“ wenn dieses Wort nicht eine Eielsbrücke für das sitt¬
1659 2055 2793 2115 liche Weltbild der Gegenwart wäre. Es waren doch nicht alle
1659 2093 2789 2152 Zeiten dekadent, nicht wahr? Zeitbilder nur, aber typisch,
1660 2140 2796 2194 wiederkehrend vom augustischen Reiche über Flagelanten,
1653 2171 2789 2236 August den Starken, französisches und deutsches Rokolo bis
1659 2211 2074 2266 zum Heute. Dekadent?
2080 2227 2160 2262 * * *
2184 2212 2735 2263 Und dabei schritten wir weiter.
1724 2248 2783 2304 Wie jubeln diesem Reigen nicht zu. Aber wir wenden
1645 2279 2795 2352 uns gegen die von gewisser Seite angestrebte Sittlichkeits¬
1645 2326 2782 2389 zensur, die das Sexualproblem, das ans Licht gehört, zum
1661 2368 2791 2442 Kellerpflanze mit dem Mantel eingebildeter Sittlichkeit zu er¬
1652 2406 1860 2469 sticken sucht.
1731 2447 2793 2507 Der Dank, dem die Stirn geboten zu haben, gebühhrt dem
1651 2481 2784 2550 Leiter des gestrigen Abends, Nolf Ziegler. Man fühlte,
1644 2531 2787 2576 es war gearbeitet worden in Szene und Spiel. Die Bühnen¬
1641 2567 2783 2627 bilder trugen die Intimität der Schnitzlerschen Gespräche, Ba¬
1641 2608 2784 2664 nales fein gedämpft, Pikanterien im Ausmaß vom Gazevor¬
1650 2638 2781 2715 hang abgeschnitten. Es gibt also auch Geschmack mit einsachen
1652 2676 1796 2740 Mitteln.
1719 2720 2777 2785 In diesem Rahmen standen die Spieler gut. Anne¬
1652 2747 2789 2818 mnarie Zeyß als Dirne des ersten und letzten Bildes, die
1652 2797 2685 2854 honigsüße Dirne“ von der schon Jesus Sirach erzählt.
2688 2829 2757 2861 * *
1646 2826 2494 2894 Schnitzlersche Probleme der grauen Vorzeit!
2660 2852 2787 2902 Hans
2494 2856 2611 2903 * * *
1642 2873 2779 2934 Rathmann als Soldat, wie vorgezeichnet, der etwas
1642 2915 2781 2978 plumpe Kavalier, dann wieder abstoßend und robust. Seine
1640 2951 2770 3012 Breitschultrigkeit hebt sein Spiel, wenn er mit kurzer Schulter¬
1644 2988 2779 3059 bewegung sein: „Laß dir noch ein Bier geben!“ herausknurrt,
1648 3028 2781 3096 Annemarie Eggert nimmt das mit Verblüfftheit der
1646 3069 2773 3135 Unerfahrenen und Verratenen hin. Die ihr sonst anhaftende
1636 3107 2776 3170 Unbeweglichkeit kam ihr in der Eckigkeit des Stubenmädchens
1642 3150 2768 3217 gut zu statten, wenn sie dem jungen Herrn des Otto Ma¬
1646 3195 2766 3254 thies zu Willen sein muß. Er war nicht, wie einer aus dem
1645 3224 2778 3293 Publikum bemerkte, zu waschlappig, sondern gab gerade damit
1639 3266 2772 3335 der Entnerotheit des jungen Herrn guten Ausdruck. Bewun¬
1634 3302 2763 3371 dern muß man das junge Frauchen der Harriet Domker
1645 3344 2774 3414 olcher männlichen Entnervtheit zu verfallen. Sie war nun
1644 3380 2773 3450 eben das kleine Dummchen, dann wieder das versteckte
1638 3421 2766 3486 Schlängelchen, wenn sie mit Sehnsuchtsaugen dem Worte ihres
1644 3460 2767 3530 Ehegespenstes, von Bruno Rings fein verkörpert, folgte:
1640 3502 2765 3566 „Nur wenige erinnern sich noch nach fünf Jahren an ihr
1638 3540 2762 3601 Venedig. Rings Stimme klingt tief und angenehm. Auch im
1638 3577 2760 3645 Chambre separee zur Seite des süßen Mädels. Wirklich ein
1632 3615 2770 3694 fütee Mädel, die Lilly Rapp. Lachen, waschechter Weaner
2849 1789 3339 1846 diglekt. Witz. Bewegung:
2834 1824 3378 1885 tung. Kein Wunder, wenn 9
2850 1868 3381 1918 lausenden Augen als Herr B
2848 1911 3372 1963 er etwas groben Auffassung
2841 1950 3372 1999 tigs unterlegen fühlte. Er
2840 1990 3364 2040 ner Partnerin ab. die mit
2844 2030 3378 2082 registern meinem Ohr gerade
2836 2073 3360 2121 man keine Satire, auch wenn
2836 2109 3382 2164 mut. Der Graf des Nichar
2833 2145 3383 2191 theater in Wien stapfte schne
2843 2184 3381 2239 Boudoir und Dirnenhaus her
2821 2213 3393 2280 stung. Ein Recznicekzeichnung
2905 2265 3388 2324 Daß man in Publikumskr
2835 2314 3395 2358 auf d# barke Polieiaufgelet
2825 2346 3398 2420 lerischen Erfolg des D
