<?xml version="1.0" encoding="UTF-8" standalone="yes"?>
<PcGts xmlns="http://schema.primaresearch.org/PAGE/gts/pagecontent/2013-07-15" xmlns:xsi="http://www.w3.org/2001/XMLSchema-instance" xsi:schemaLocation="http://schema.primaresearch.org/PAGE/gts/pagecontent/2013-07-15 http://schema.primaresearch.org/PAGE/gts/pagecontent/2013-07-15/pagecontent.xsd">
    <Metadata>
        <Creator>prov=University of Rostock/Institute of Mathematics/CITlab/Gundram Leifert/gundram.leifert@uni-rostock.de:name=ONB_Newseye_GT_M1+(htr_id=10810)::::v=2.4.3
prov=University of Rostock/Institute of Mathematics/CITlab/Tobias Gruening/tobias.gruening@uni-rostock.de:name=de.uros.citlab.module.baseline2polygon.B2PSeamMultiOriented:v=2.4.3
prov=University of Rostock/Institute of Mathematics/CITlab/Tobias Gruening/tobias.gruening@uni-rostock.de:name=/net_tf/LA73_249_0mod360.pb:de.uros.citlab.segmentation.CITlab_LA_ML:v=2.4.3
Transkribus</Creator>
        <Created>2019-10-07T11:42:46.543+02:00</Created>
        <LastChange>2019-12-05T04:58:56.541+01:00</LastChange>
        <TranskribusMetadata docId="223982" pageId="9506128" pageNr="1169" tsid="20425112" status="IN_PROGRESS" userId="40391" imgUrl="https://files.transkribus.eu/Get?id=OLKQMZSRNUETOBWKEUUJUIEZ&amp;fileType=view" xmlUrl="https://files.transkribus.eu/Get?id=QLELDEOIOSISYXIWNCWTDYLT" imageId="6196334"/>
    </Metadata>
    <Page imageFilename="223982_1169.jpeg" imageWidth="3392" imageHeight="4384">
        <ReadingOrder>
            <OrderedGroup id="ro_1711448870939" caption="Regions reading order">
                <RegionRefIndexed index="0" regionRef="r1"/>
                <RegionRefIndexed index="1" regionRef="r2"/>
                <RegionRefIndexed index="2" regionRef="r3"/>
                <RegionRefIndexed index="3" regionRef="r4"/>
            </OrderedGroup>
        </ReadingOrder>
        <TextRegion orientation="0.0" id="r1" custom="readingOrder {index:0;}">
            <Coords points="181,175 181,4184 1524,4184 1524,175"/>
            <TextLine id="r1l1" custom="readingOrder {index:0;}">
                <Coords points="1005,217 1166,200 1243,217 1374,204 1418,220 1418,148 1348,138 1317,153 1287,137 1200,160 1081,153 1058,166 1004,139"/>
                <Baseline points="1012,197 1038,199 1065,199 1091,200 1118,200 1145,200 1171,200 1198,200 1224,200 1251,199 1278,199 1304,199 1331,199 1357,198 1384,198 1411,198"/>
                <TextEquiv>
                    <Unicode>box 18/3</Unicode>
                </TextEquiv>
            </TextLine>
            <TextLine id="r1l2" custom="readingOrder {index:1;}">
                <Coords points="295,208 406,222 466,209 504,235 781,225 818,242 820,167 786,161 629,146 587,164 538,148 453,186 379,147 347,160 324,140 296,157"/>
                <Baseline points="302,205 327,206 353,206 378,208 404,208 429,209 455,210 480,212 506,213 531,214 557,215 582,216 608,217 633,218 659,219 684,219 710,219 735,219 761,219 786,219 812,218"/>
                <TextEquiv>
                    <Unicode>11. Reigen</Unicode>
                </TextEquiv>
            </TextLine>
            <TextLine id="r1l3" custom="readingOrder {index:2;}">
                <Coords points="454,764 547,757 559,767 690,761 741,770 757,765 757,702 728,694 700,713 636,711 602,724 525,702 454,724"/>
                <Baseline points="461,757 487,756 513,755 539,754 565,754 591,754 618,754 644,754 670,754 696,755 722,756 749,757"/>
                <TextEquiv>
                    <Unicode>„Montagsblatt.“</Unicode>
                </TextEquiv>
            </TextLine>
            <TextLine id="r1l4" custom="readingOrder {index:3;}">
                <Coords points="186,953 1337,945 1337,874 1213,811 1096,849 1000,812 927,854 188,805"/>
                <Baseline points="194,928 250,928 307,928 364,928 421,928 477,928 534,928 591,928 648,928 704,928 761,929 818,929 875,930 931,930 988,931 1045,932 1102,933 1158,934 1215,936 1272,938 1329,940"/>
                <TextEquiv>
                    <Unicode>itastrophe von Spezia.</Unicode>
                </TextEquiv>
            </TextLine>
            <TextLine id="r1l5" custom="readingOrder {index:4;}">
                <Coords points="175,1033 678,1051 785,1004 849,1037 1274,1052 1288,980 176,947"/>
                <Baseline points="183,1018 237,1017 292,1017 347,1016 402,1016 457,1017 512,1017 567,1018 622,1018 677,1019 732,1020 786,1020 841,1021 896,1022 951,1023 1006,1023 1061,1024 1116,1024 1171,1024 1226,1024 1281,1024"/>
                <TextEquiv>
                    <Unicode>ein Flammenmeer. — Zahlreiche Tote.</Unicode>
                </TextEquiv>
            </TextLine>
            <TextLine id="r1l6" custom="readingOrder {index:5;}">
                <Coords points="195,1095 261,1076 285,1091 404,1081 438,1097 485,1082 586,1086 585,1044 538,1026 412,1046 362,1031 330,1045 267,1025 195,1026"/>
                <Baseline points="203,1083 228,1081 253,1081 278,1079 303,1079 328,1078 353,1077 378,1077 403,1077 428,1077 453,1077 478,1077 503,1077 528,1077 553,1077 579,1077"/>
                <TextEquiv>
                    <Unicode>Zu der furchtbaren</Unicode>
                </TextEquiv>
            </TextLine>
            <TextLine id="r1l7" custom="readingOrder {index:6;}">
                <Coords points="680,1090 1167,1104 1252,1080 1287,1104 1482,1105 1530,1092 1531,1055 680,1046"/>
                <Baseline points="687,1080 728,1080 770,1080 812,1081 854,1081 896,1082 938,1082 979,1083 1021,1083 1063,1084 1105,1084 1147,1084 1189,1085 1231,1085 1272,1086 1314,1086 1356,1086 1398,1086 1440,1087 1482,1087 1524,1087"/>
                <TextEquiv>
                    <Unicode>Die Katastrophe von Spezia ist das größte</Unicode>
                </TextEquiv>
            </TextLine>
            <TextLine id="r1l8" custom="readingOrder {index:7;}">
                <Coords points="258,1139 370,1127 397,1137 427,1129 444,1143 492,1126 576,1143 576,1086 561,1083 485,1082 445,1095 385,1083 258,1083"/>
                <Baseline points="265,1123 290,1123 315,1122 341,1122 366,1122 391,1123 417,1123 442,1123 467,1123 493,1123 518,1123 543,1122 569,1121"/>
                <TextEquiv>
                    <Unicode>Hauptkriegshafen</Unicode>
                </TextEquiv>
            </TextLine>
            <TextLine id="r1l9" custom="readingOrder {index:8;}">
                <Coords points="601,1132 1506,1143 1521,1098 602,1079"/>
                <Baseline points="608,1124 653,1124 698,1125 743,1125 789,1126 834,1126 879,1127 924,1127 970,1127 1015,1128 1060,1129 1105,1129 1151,1129 1196,1130 1241,1130 1286,1131 1332,1131 1377,1131 1422,1131 1467,1132 1513,1132"/>
                <TextEquiv>
                    <Unicode>Brandunglück, von dem je eine italienische Stadt</Unicode>
                </TextEquiv>
            </TextLine>
            <TextLine id="r1l10" custom="readingOrder {index:9;}">
                <Coords points="176,1185 277,1171 366,1182 390,1167 424,1183 498,1173 521,1186 569,1170 569,1143 496,1127 456,1139 368,1127 322,1140 206,1125 176,1134"/>
                <Baseline points="183,1168 208,1168 233,1168 258,1168 284,1168 309,1168 334,1168 359,1168 385,1168 410,1167 435,1168 460,1168 486,1168 511,1169 536,1169 562,1170"/>
                <TextEquiv>
                    <Unicode>brik in die Luft ge¬</Unicode>
                </TextEquiv>
            </TextLine>
            <TextLine id="r1l11" custom="readingOrder {index:10;}">
                <Coords points="603,1177 1370,1193 1519,1185 1520,1138 1050,1132 993,1160 939,1131 845,1156 604,1133"/>
                <Baseline points="611,1170 656,1170 701,1170 746,1170 791,1170 836,1171 881,1171 926,1172 971,1172 1016,1173 1061,1173 1106,1174 1151,1174 1196,1175 1241,1175 1286,1176 1331,1176 1376,1176 1421,1176 1466,1176 1512,1175"/>
                <TextEquiv>
                    <Unicode>heimgesucht wurde. Durch die Explosion der</Unicode>
                </TextEquiv>
            </TextLine>
            <TextLine id="r1l12" custom="readingOrder {index:11;}">
                <Coords points="186,1241 218,1246 286,1223 318,1235 355,1215 443,1231 511,1217 565,1238 565,1170 539,1183 482,1172 424,1183 389,1167 322,1187 278,1171 251,1182 186,1174"/>
                <Baseline points="193,1215 219,1214 245,1214 271,1213 297,1213 323,1213 349,1212 375,1212 401,1212 427,1212 453,1211 479,1211 505,1211 531,1211 558,1211"/>
                <TextEquiv>
                    <Unicode>phtalager in Brand</Unicode>
                </TextEquiv>
            </TextLine>
            <TextLine id="r1l13" custom="readingOrder {index:12;}">
                <Coords points="610,1233 1519,1229 1519,1183 1456,1173 611,1182"/>
                <Baseline points="618,1213 662,1213 707,1214 752,1214 796,1214 841,1215 886,1216 930,1216 975,1217 1020,1218 1065,1218 1109,1219 1154,1219 1199,1220 1243,1220 1288,1220 1333,1221 1377,1221 1422,1220 1467,1220 1512,1219"/>
                <TextEquiv>
                    <Unicode>Pulverfabrik gerieten ganze Häuserzeilen</Unicode>
                </TextEquiv>
            </TextLine>
            <TextLine id="r1l14" custom="readingOrder {index:13;}">
                <Coords points="603,1264 1255,1282 1515,1272 1524,1232 604,1223"/>
                <Baseline points="611,1258 656,1258 701,1258 746,1259 792,1259 837,1259 882,1260 927,1260 973,1261 1018,1261 1063,1262 1108,1262 1154,1263 1199,1263 1244,1263 1289,1264 1335,1264 1380,1264 1425,1264 1470,1264 1516,1263"/>
                <TextEquiv>
                    <Unicode>in Brand, der durch den herrschenden Wind</Unicode>
                </TextEquiv>
            </TextLine>
            <TextLine id="r1l15" custom="readingOrder {index:14;}">
                <Coords points="607,1305 1507,1325 1520,1281 607,1276"/>
                <Baseline points="613,1302 660,1303 707,1303 754,1303 802,1304 849,1304 896,1305 944,1305 991,1306 1038,1306 1086,1307 1133,1307 1180,1308 1228,1308 1275,1309 1322,1309 1370,1309 1417,1309 1464,1309 1512,1308"/>
                <TextEquiv>
                    <Unicode>noch begünstigt wurde. In kurzer Zeit war der</Unicode>
                </TextEquiv>
            </TextLine>
            <TextLine id="r1l16" custom="readingOrder {index:15;}">
                <Coords points="177,1316 308,1325 421,1310 525,1327 565,1319 565,1255 528,1265 463,1256 412,1274 389,1256 331,1277 298,1264 177,1273"/>
                <Baseline points="184,1312 210,1312 237,1312 264,1311 290,1311 317,1311 344,1311 371,1311 397,1312 424,1312 451,1312 477,1312 504,1313 531,1313 558,1314"/>
                <TextEquiv>
                    <Unicode>e Katastrophe</Unicode>
                </TextEquiv>
            </TextLine>
            <TextLine id="r1l17" custom="readingOrder {index:16;}">
                <Coords points="604,1362 1516,1364 1516,1326 1354,1311 1043,1336 967,1308 604,1320"/>
                <Baseline points="611,1350 655,1349 700,1349 745,1348 790,1348 835,1348 880,1348 925,1349 970,1349 1015,1350 1060,1351 1104,1351 1149,1352 1194,1353 1239,1353 1284,1354 1329,1354 1374,1354 1419,1354 1464,1353 1509,1353"/>
                <TextEquiv>
                    <Unicode>größte Teil der Stadt in ein Flammen¬</Unicode>
                </TextEquiv>
            </TextLine>
            <TextLine id="r1l18" custom="readingOrder {index:17;}">
                <Coords points="188,1371 280,1374 344,1353 369,1369 482,1356 567,1372 568,1323 546,1315 501,1329 411,1315 337,1331 188,1314"/>
                <Baseline points="196,1355 222,1356 248,1356 274,1356 300,1356 326,1356 352,1356 378,1356 404,1357 430,1357 456,1357 482,1357 508,1357 534,1357 560,1357"/>
                <TextEquiv>
                    <Unicode>fang. Die Nach¬</Unicode>
                </TextEquiv>
            </TextLine>
            <TextLine id="r1l19" custom="readingOrder {index:18;}">
                <Coords points="607,1400 1519,1410 1519,1362 1465,1359 608,1361"/>
                <Baseline points="615,1392 659,1392 704,1392 749,1392 794,1393 839,1393 884,1393 928,1394 973,1394 1018,1394 1063,1395 1108,1395 1153,1396 1198,1396 1242,1397 1287,1397 1332,1398 1377,1398 1422,1398 1467,1398 1512,1399"/>
                <TextEquiv>
                    <Unicode>meer verwandelt. Auch die im Hafen liegenden</Unicode>
                </TextEquiv>
            </TextLine>
            <TextLine id="r1l20" custom="readingOrder {index:19;}">
                <Coords points="187,1418 224,1401 254,1416 385,1400 450,1413 466,1402 574,1408 573,1371 484,1356 393,1371 345,1354 325,1365 306,1355 282,1374 187,1371"/>
                <Baseline points="195,1403 221,1402 248,1402 274,1401 301,1401 327,1401 354,1401 381,1401 407,1401 434,1401 460,1401 487,1401 513,1401 540,1401 567,1401"/>
                <TextEquiv>
                    <Unicode>gen, sind scheinbar</Unicode>
                </TextEquiv>
            </TextLine>
            <TextLine id="r1l21" custom="readingOrder {index:20;}">
                <Coords points="598,1440 1517,1450 1517,1404 598,1399"/>
                <Baseline points="605,1437 650,1437 695,1438 740,1438 786,1438 831,1439 876,1439 921,1440 967,1440 1012,1440 1057,1441 1102,1441 1148,1441 1193,1442 1238,1442 1283,1442 1329,1443 1374,1443 1419,1443 1464,1444 1510,1444"/>
                <TextEquiv>
                    <Unicode>Schiffe fingen infolge der Explosion der gro¬</Unicode>
                </TextEquiv>
            </TextLine>
            <TextLine id="r1l22" custom="readingOrder {index:21;}">
                <Coords points="195,1452 388,1461 432,1452 462,1463 494,1449 555,1464 569,1457 570,1413 384,1401 330,1415 270,1406 251,1418 223,1402 195,1415"/>
                <Baseline points="202,1443 227,1444 253,1445 279,1445 304,1446 330,1446 356,1445 382,1445 407,1445 433,1445 459,1445 484,1445 510,1445 536,1445 562,1446"/>
                <TextEquiv>
                    <Unicode>stark abgeschwücht;</Unicode>
                </TextEquiv>
            </TextLine>
            <TextLine id="r1l23" custom="readingOrder {index:22;}">
                <Coords points="604,1495 1469,1506 1520,1497 1521,1449 605,1442"/>
                <Baseline points="612,1483 657,1482 702,1482 747,1482 792,1482 837,1482 882,1483 927,1483 972,1484 1017,1484 1062,1485 1107,1485 1152,1486 1197,1487 1242,1487 1287,1488 1332,1488 1377,1488 1422,1488 1467,1488 1513,1488"/>
                <TextEquiv>
                    <Unicode>ßen Naphtabehälter zu brennen an. Die Gewalt</Unicode>
                </TextEquiv>
            </TextLine>
            <TextLine id="r1l24" custom="readingOrder {index:23;}">
                <Coords points="183,1492 261,1503 310,1493 332,1506 361,1485 390,1502 461,1495 576,1510 576,1460 496,1450 413,1460 400,1448 379,1461 315,1444 183,1455"/>
                <Baseline points="189,1489 214,1489 239,1489 265,1489 290,1489 315,1490 341,1490 366,1490 391,1490 417,1490 442,1490 467,1490 493,1490 518,1490 543,1490 569,1490"/>
                <TextEquiv>
                    <Unicode>en nicht eingezogen</Unicode>
                </TextEquiv>
            </TextLine>
            <TextLine id="r1l25" custom="readingOrder {index:24;}">
                <Coords points="609,1535 1286,1547 1360,1521 1474,1549 1520,1545 1521,1497 609,1498"/>
                <Baseline points="616,1525 660,1526 705,1527 750,1527 795,1527 840,1528 885,1528 929,1529 974,1529 1019,1529 1064,1529 1109,1530 1154,1530 1199,1530 1243,1530 1288,1531 1333,1531 1378,1531 1423,1531 1468,1532 1513,1532"/>
                <TextEquiv>
                    <Unicode>der Explosion wurde viele Kilometer weit in</Unicode>
                </TextEquiv>
            </TextLine>
            <TextLine id="r1l26" custom="readingOrder {index:25;}">
                <Coords points="180,1557 204,1556 237,1530 275,1547 295,1537 313,1555 333,1535 359,1548 381,1538 495,1539 525,1553 565,1545 565,1509 546,1502 408,1494 330,1507 282,1493 180,1509"/>
                <Baseline points="187,1532 213,1533 240,1533 266,1534 293,1534 319,1534 346,1534 372,1534 399,1534 425,1533 452,1533 478,1533 505,1532 531,1532 558,1532"/>
                <TextEquiv>
                    <Unicode>selephonleitun¬</Unicode>
                </TextEquiv>
            </TextLine>
            <TextLine id="r1l27" custom="readingOrder {index:26;}">
                <Coords points="600,1579 1522,1576 1502,1539 601,1529"/>
                <Baseline points="608,1571 653,1571 698,1571 744,1571 789,1571 834,1572 880,1572 925,1573 970,1573 1016,1574 1061,1575 1106,1575 1152,1576 1197,1577 1242,1577 1288,1577 1333,1578 1378,1578 1424,1577 1469,1577 1515,1576"/>
                <TextEquiv>
                    <Unicode>den umliegenden Ortschaften einem Erd¬</Unicode>
                </TextEquiv>
            </TextLine>
            <TextLine id="r1l28" custom="readingOrder {index:27;}">
                <Coords points="207,1596 301,1574 343,1587 399,1576 446,1598 492,1583 578,1589 569,1543 524,1553 495,1539 383,1539 358,1549 333,1536 287,1554 258,1541 207,1543"/>
                <Baseline points="214,1578 239,1578 264,1577 290,1578 315,1578 341,1578 366,1579 392,1579 417,1579 442,1580 468,1580 493,1579 519,1578 544,1578 570,1576"/>
                <TextEquiv>
                    <Unicode>und der #örigen</Unicode>
                </TextEquiv>
            </TextLine>
            <TextLine id="r1l29" custom="readingOrder {index:28;}">
                <Coords points="607,1620 1528,1628 1528,1591 1487,1578 608,1580"/>
                <Baseline points="614,1613 659,1614 704,1616 749,1617 795,1617 840,1618 885,1618 931,1619 976,1619 1021,1619 1067,1620 1112,1620 1157,1620 1202,1620 1248,1620 1293,1620 1338,1621 1384,1621 1429,1622 1474,1622 1520,1623"/>
                <TextEquiv>
                    <Unicode>beben gleich verspürt, in weitem Umkreise</Unicode>
                </TextEquiv>
            </TextLine>
            <TextLine id="r1l30" custom="readingOrder {index:29;}">
                <Coords points="194,1631 366,1638 467,1616 492,1637 543,1632 573,1628 573,1585 522,1595 472,1580 460,1593 397,1594 294,1574 194,1591"/>
                <Baseline points="201,1622 227,1622 253,1622 279,1622 305,1622 331,1623 357,1623 383,1623 409,1623 435,1623 461,1623 487,1623 513,1623 539,1623 566,1622"/>
                <TextEquiv>
                    <Unicode>erbrochen sind.</Unicode>
                </TextEquiv>
            </TextLine>
            <TextLine id="r1l31" custom="readingOrder {index:30;}">
                <Coords points="597,1663 1514,1679 1505,1626 598,1624"/>
                <Baseline points="605,1660 650,1660 695,1660 740,1660 785,1660 830,1660 875,1661 920,1661 965,1662 1010,1663 1056,1664 1101,1664 1146,1665 1191,1666 1236,1666 1281,1667 1326,1667 1371,1668 1416,1668 1461,1668 1507,1667"/>
                <TextEquiv>
                    <Unicode>konnte man noch bemerken, wie die große Fabrik</Unicode>
                </TextEquiv>
            </TextLine>
            <TextLine id="r1l32" custom="readingOrder {index:31;}">
                <Coords points="180,1675 320,1675 354,1688 374,1672 391,1684 446,1670 491,1686 567,1668 566,1626 493,1638 477,1626 385,1627 363,1640 248,1623 180,1632"/>
                <Baseline points="187,1667 213,1668 240,1668 266,1669 293,1669 319,1669 346,1669 373,1669 399,1669 426,1669 452,1668 479,1668 505,1667 532,1666 559,1665"/>
                <TextEquiv>
                    <Unicode>tiert, daß die Explo¬</Unicode>
                </TextEquiv>
            </TextLine>
            <TextLine id="r1l33" custom="readingOrder {index:32;}">
                <Coords points="608,1727 847,1703 1202,1737 1355,1714 1355,1680 1202,1663 608,1673"/>
                <Baseline points="615,1706 651,1706 688,1706 724,1706 761,1706 798,1706 834,1706 871,1707 908,1707 944,1707 981,1708 1018,1708 1054,1709 1091,1709 1128,1709 1164,1709 1201,1710 1238,1710 1274,1710 1311,1710 1348,1710"/>
                <TextEquiv>
                    <Unicode>egelrecht in die Luft gewirbelt wurde.</Unicode>
                </TextEquiv>
            </TextLine>
            <TextLine id="r1l34" custom="readingOrder {index:33;}">
                <Coords points="187,1738 273,1720 297,1742 366,1727 470,1743 518,1714 571,1727 571,1667 491,1686 407,1673 373,1700 319,1675 282,1685 187,1672"/>
                <Baseline points="194,1713 220,1714 246,1714 273,1714 299,1714 326,1714 352,1714 379,1714 405,1714 431,1714 458,1714 484,1714 511,1713 537,1713 564,1712"/>
                <TextEquiv>
                    <Unicode>I von Todes¬</Unicode>
                </TextEquiv>
            </TextLine>
            <TextLine id="r1l35" custom="readingOrder {index:34;}">
                <Coords points="187,1851 245,1862 265,1849 356,1857 430,1837 454,1850 534,1852 534,1771 187,1766"/>
                <Baseline points="194,1834 219,1833 245,1832 270,1831 296,1832 322,1832 347,1833 373,1833 398,1834 424,1834 450,1834 475,1834 501,1834 527,1832"/>
                <TextEquiv>
                    <Unicode></Unicode>
                </TextEquiv>
            </TextLine>
            <TextLine id="r1l36" custom="readingOrder {index:35;}">
                <Coords points="738,1840 954,1868 1021,1840 1524,1839 1524,1781 1491,1774 739,1768"/>
                <Baseline points="746,1833 784,1833 823,1834 861,1834 900,1835 938,1835 977,1835 1015,1835 1054,1836 1092,1836 1131,1836 1169,1836 1208,1836 1246,1836 1285,1837 1323,1837 1362,1838 1400,1838 1439,1839 1477,1839 1516,1841"/>
                <TextEquiv>
                    <Unicode>Kadddal</Unicode>
                </TextEquiv>
            </TextLine>
            <TextLine id="r1l37" custom="readingOrder {index:36;}">
                <Coords points="579,1899 1511,1913 1511,1863 1386,1849 946,1869 783,1839 662,1867 580,1842"/>
                <Baseline points="587,1892 632,1893 678,1895 724,1896 770,1896 816,1897 862,1898 907,1898 953,1899 999,1899 1045,1900 1091,1900 1137,1900 1183,1901 1228,1901 1274,1901 1320,1902 1366,1902 1412,1902 1458,1903 1504,1903"/>
                <TextEquiv>
                    <Unicode>Die Behörden fördern zum Teil dieses Lärmchaos</Unicode>
                </TextEquiv>
            </TextLine>
            <TextLine id="r1l38" custom="readingOrder {index:37;}">
                <Coords points="187,1945 224,1931 239,1944 258,1936 278,1947 298,1936 441,1938 441,1874 412,1863 360,1871 319,1862 305,1872 282,1856 258,1865 241,1857 220,1866 187,1861"/>
                <Baseline points="194,1923 220,1925 247,1926 274,1927 300,1927 327,1926 354,1926 380,1926 407,1926 434,1927"/>
                <TextEquiv>
                    <Unicode>estorben.</Unicode>
                </TextEquiv>
            </TextLine>
            <TextLine id="r1l39" custom="readingOrder {index:38;}">
                <Coords points="598,1945 1521,1961 1521,1915 1470,1906 599,1901"/>
                <Baseline points="605,1938 650,1938 695,1939 741,1940 786,1940 832,1941 877,1942 923,1942 968,1943 1014,1944 1059,1944 1104,1945 1150,1945 1195,1945 1241,1946 1286,1946 1332,1946 1377,1947 1423,1947 1468,1947 1514,1947"/>
                <TextEquiv>
                    <Unicode>indem sie den Autos die tönenden Signale, die</Unicode>
                </TextEquiv>
            </TextLine>
            <TextLine id="r1l40" custom="readingOrder {index:39;}">
                <Coords points="601,1995 1517,2012 1526,1957 601,1950"/>
                <Baseline points="608,1983 653,1984 699,1984 744,1985 790,1986 835,1986 881,1986 926,1987 972,1987 1017,1988 1063,1988 1108,1989 1154,1989 1199,1989 1245,1990 1290,1990 1336,1990 1381,1991 1427,1991 1472,1991 1518,1992"/>
                <TextEquiv>
                    <Unicode>den musikalischen Sinn zu sehr in Anspruch neh¬</Unicode>
                </TextEquiv>
            </TextLine>
            <TextLine id="r1l41" custom="readingOrder {index:40;}">
                <Coords points="173,1994 307,2000 426,1985 571,2006 571,1950 548,1944 438,1957 364,1941 236,1960 211,1941 174,1945"/>
                <Baseline points="181,1986 206,1987 232,1987 257,1987 283,1987 308,1988 334,1988 359,1988 385,1988 410,1989 436,1989 461,1989 487,1989 512,1989 538,1989 564,1988"/>
                <TextEquiv>
                    <Unicode>mAbleben Adolf</Unicode>
                </TextEquiv>
            </TextLine>
            <TextLine id="r1l42" custom="readingOrder {index:41;}">
                <Coords points="606,2033 1511,2045 1522,2010 606,1998"/>
                <Baseline points="613,2026 658,2027 703,2028 748,2028 793,2029 838,2030 883,2030 928,2031 973,2031 1018,2032 1063,2032 1108,2033 1153,2033 1198,2033 1243,2034 1288,2034 1333,2034 1378,2034 1423,2034 1468,2034 1514,2033"/>
                <TextEquiv>
                    <Unicode>nen, verboten und statt dessen die Schnarren be¬</Unicode>
                </TextEquiv>
            </TextLine>
            <TextLine id="r1l43" custom="readingOrder {index:42;}">
                <Coords points="201,2036 266,2037 281,2050 300,2039 323,2046 345,2028 401,2045 563,2045 563,2005 520,2006 493,1989 475,2004 424,1984 306,2002 272,1989 201,1995"/>
                <Baseline points="208,2031 234,2032 261,2032 288,2033 314,2033 341,2033 368,2033 394,2033 421,2034 448,2034 474,2034 501,2034 528,2034 555,2034"/>
                <TextEquiv>
                    <Unicode>Kreisen Teilnahme</Unicode>
                </TextEquiv>
            </TextLine>
            <TextLine id="r1l44" custom="readingOrder {index:43;}">
                <Coords points="607,2077 1525,2093 1526,2049 607,2034"/>
                <Baseline points="614,2070 659,2070 704,2071 749,2072 794,2072 840,2073 885,2073 930,2074 975,2074 1020,2075 1066,2075 1111,2075 1156,2076 1201,2076 1246,2076 1292,2076 1337,2076 1382,2077 1427,2077 1472,2077 1518,2077"/>
                <TextEquiv>
                    <Unicode>billigt haben. Doch für die Nacht versprechen sie</Unicode>
                </TextEquiv>
            </TextLine>
            <TextLine id="r1l45" custom="readingOrder {index:44;}">
                <Coords points="203,2083 225,2089 258,2072 274,2087 302,2080 334,2091 385,2080 415,2099 475,2075 566,2094 566,2043 498,2050 434,2038 421,2049 360,2038 326,2049 300,2039 275,2050 204,2038"/>
                <Baseline points="211,2076 237,2075 264,2075 291,2075 318,2076 344,2076 371,2076 398,2076 425,2076 451,2077 478,2077 505,2077 532,2077 559,2078"/>
                <TextEquiv>
                    <Unicode>ist ein Mann aus</Unicode>
                </TextEquiv>
            </TextLine>
            <TextLine id="r1l46" custom="readingOrder {index:45;}">
                <Coords points="599,2118 1217,2114 1277,2143 1523,2127 1524,2093 599,2076"/>
                <Baseline points="606,2113 651,2114 697,2115 742,2115 788,2116 833,2117 879,2117 924,2118 970,2118 1015,2118 1061,2119 1106,2119 1152,2120 1197,2120 1243,2120 1288,2121 1334,2121 1379,2121 1425,2121 1470,2121 1516,2122"/>
                <TextEquiv>
                    <Unicode>dem Bürger die des Tags über fehlende Ruhe.</Unicode>
                </TextEquiv>
            </TextLine>
            <TextLine id="r1l47" custom="readingOrder {index:46;}">
                <Coords points="205,2131 243,2124 287,2140 322,2127 372,2152 425,2124 514,2138 561,2126 561,2089 538,2095 497,2080 449,2093 421,2080 409,2090 249,2076 226,2089 205,2084"/>
                <Baseline points="211,2121 237,2121 263,2121 290,2121 316,2122 342,2122 369,2122 395,2123 422,2123 448,2123 474,2123 501,2123 527,2122 554,2121"/>
                <TextEquiv>
                    <Unicode>Profil sich on je¬</Unicode>
                </TextEquiv>
            </TextLine>
            <TextLine id="r1l48" custom="readingOrder {index:47;}">
                <Coords points="603,2171 1471,2179 1516,2173 1517,2129 604,2119"/>
                <Baseline points="611,2160 655,2160 700,2160 745,2160 790,2160 835,2161 880,2161 925,2162 970,2162 1015,2162 1060,2163 1104,2163 1149,2164 1194,2164 1239,2164 1284,2164 1329,2164 1374,2164 1419,2164 1464,2164 1509,2164"/>
                <TextEquiv>
                    <Unicode>Die Polizei ist befugt, Unruhestifter zu bestrafen</Unicode>
                </TextEquiv>
            </TextLine>
            <TextLine id="r1l49" custom="readingOrder {index:48;}">
                <Coords points="195,2180 300,2168 344,2179 359,2169 417,2173 435,2184 559,2179 559,2127 484,2146 427,2123 363,2152 322,2127 288,2139 242,2125 196,2130"/>
                <Baseline points="203,2167 229,2166 256,2166 283,2166 310,2166 336,2166 363,2166 390,2167 417,2167 443,2168 470,2168 497,2168 524,2168 551,2167"/>
                <TextEquiv>
                    <Unicode>schen in nehr als</Unicode>
                </TextEquiv>
            </TextLine>
            <TextLine id="r1l50" custom="readingOrder {index:49;}">
                <Coords points="595,2209 1511,2215 1491,2168 595,2176"/>
                <Baseline points="602,2202 647,2202 692,2203 737,2204 782,2204 827,2205 872,2206 917,2206 962,2206 1007,2207 1053,2207 1098,2207 1143,2208 1188,2208 1233,2208 1278,2208 1323,2208 1368,2208 1413,2208 1458,2207 1504,2207"/>
                <TextEquiv>
                    <Unicode>und tut dies auch, wo sie gerade provoziert wird</Unicode>
                </TextEquiv>
            </TextLine>
            <TextLine id="r1l51" custom="readingOrder {index:50;}">
                <Coords points="212,2228 327,2224 341,2214 428,2229 455,2217 561,2215 561,2181 550,2178 436,2185 417,2172 340,2177 324,2168 300,2182 241,2168 212,2180"/>
                <Baseline points="219,2213 244,2212 270,2211 296,2211 322,2211 348,2211 374,2211 399,2211 425,2211 451,2212 477,2212 503,2212 529,2211 555,2211"/>
                <TextEquiv>
                    <Unicode>Indu##eller vom</Unicode>
                </TextEquiv>
            </TextLine>
            <TextLine id="r1l52" custom="readingOrder {index:51;}">
                <Coords points="603,2252 1495,2269 1521,2225 603,2210"/>
                <Baseline points="610,2245 655,2246 700,2247 745,2248 790,2249 836,2249 881,2250 926,2250 971,2250 1016,2251 1062,2251 1107,2251 1152,2251 1197,2251 1242,2251 1288,2251 1333,2251 1378,2251 1423,2251 1468,2251 1514,2251"/>
                <TextEquiv>
                    <Unicode>allerdings in den meisten Fällen scheint es ihr</Unicode>
                </TextEquiv>
            </TextLine>
            <TextLine id="r1l53" custom="readingOrder {index:52;}">
                <Coords points="190,2261 268,2271 393,2260 418,2274 462,2260 543,2273 569,2267 570,2232 537,2215 493,2227 453,2216 432,2229 358,2226 342,2213 304,2227 190,2216"/>
                <Baseline points="198,2256 224,2256 250,2255 276,2256 302,2256 328,2256 354,2256 380,2257 406,2257 432,2257 458,2257 484,2257 510,2256 536,2256 563,2255"/>
                <TextEquiv>
                    <Unicode>mit jenem gesunden</Unicode>
                </TextEquiv>
            </TextLine>
            <TextLine id="r1l54" custom="readingOrder {index:53;}">
                <Coords points="595,2300 1515,2303 1515,2266 1380,2248 1319,2273 595,2249"/>
                <Baseline points="601,2288 646,2289 691,2290 737,2291 782,2291 827,2292 873,2293 918,2293 963,2294 1009,2294 1054,2294 1099,2295 1145,2295 1190,2295 1235,2295 1281,2295 1326,2295 1371,2295 1417,2295 1462,2295 1508,2295"/>
                <TextEquiv>
                    <Unicode>bequemer zu sein, sich taub zu stellen. Geradezu</Unicode>
                </TextEquiv>
            </TextLine>
            <TextLine id="r1l55" custom="readingOrder {index:54;}">
                <Coords points="207,2317 364,2303 442,2319 467,2305 483,2318 528,2306 571,2326 571,2265 266,2271 208,2260"/>
                <Baseline points="215,2300 241,2299 268,2299 295,2299 322,2300 349,2300 376,2300 402,2301 429,2301 456,2301 483,2302 510,2302 537,2302 564,2302"/>
                <TextEquiv>
                    <Unicode>ihn dazu befähigte,</Unicode>
                </TextEquiv>
            </TextLine>
            <TextLine id="r1l56" custom="readingOrder {index:55;}">
                <Coords points="595,2350 1219,2329 1306,2361 1484,2355 1514,2346 1514,2299 595,2301"/>
                <Baseline points="602,2333 647,2333 692,2334 737,2334 783,2335 828,2335 873,2336 918,2336 964,2337 1009,2337 1054,2337 1099,2338 1145,2338 1190,2338 1235,2338 1280,2338 1326,2339 1371,2339 1416,2339 1461,2339 1507,2340"/>
                <TextEquiv>
                    <Unicode>grotesk wirkt es aber, wenn ein sangesfreudiger</Unicode>
                </TextEquiv>
            </TextLine>
            <TextLine id="r1l57" custom="readingOrder {index:56;}">
                <Coords points="200,2355 262,2344 343,2361 353,2351 363,2358 408,2346 459,2349 472,2360 498,2347 498,2319 466,2305 436,2318 368,2303 310,2316 290,2303 256,2319 235,2312 199,2321"/>
                <Baseline points="207,2345 232,2346 258,2346 284,2346 309,2346 335,2345 361,2345 387,2344 412,2344 438,2344 464,2345 490,2346"/>
                <TextEquiv>
                    <Unicode>zu treffen und</Unicode>
                </TextEquiv>
            </TextLine>
            <TextLine id="r1l58" custom="readingOrder {index:57;}">
                <Coords points="592,2388 1514,2393 1514,2344 593,2344"/>
                <Baseline points="599,2378 644,2377 689,2378 735,2378 780,2378 826,2378 871,2379 916,2379 962,2380 1007,2380 1053,2380 1098,2381 1143,2381 1189,2381 1234,2382 1280,2382 1325,2382 1370,2381 1416,2381 1461,2380 1507,2379"/>
                <TextEquiv>
                    <Unicode>Alkoholfreund mit einem Strafzettel, der zwei</Unicode>
                </TextEquiv>
            </TextLine>
            <TextLine id="r1l59" custom="readingOrder {index:58;}">
                <Coords points="203,2402 255,2407 278,2391 331,2391 359,2404 419,2404 476,2388 564,2398 564,2361 527,2344 487,2368 440,2366 416,2349 388,2363 261,2344 203,2355"/>
                <Baseline points="210,2388 236,2387 263,2387 289,2387 316,2387 343,2387 369,2387 396,2387 422,2388 449,2388 476,2388 502,2388 529,2388 556,2389"/>
                <TextEquiv>
                    <Unicode>hrsamkeit — die</Unicode>
                </TextEquiv>
            </TextLine>
            <TextLine id="r1l60" custom="readingOrder {index:59;}">
                <Coords points="593,2428 1519,2444 1519,2398 1474,2383 594,2388"/>
                <Baseline points="600,2420 645,2420 691,2421 736,2422 782,2422 828,2423 873,2423 919,2424 964,2424 1010,2424 1056,2425 1101,2425 1147,2425 1192,2425 1238,2425 1284,2425 1329,2426 1375,2426 1420,2426 1466,2426 1512,2426"/>
                <TextEquiv>
                    <Unicode>Kronen kostet, bedacht wird, während gleichzeitig</Unicode>
                </TextEquiv>
            </TextLine>
            <TextLine id="r1l61" custom="readingOrder {index:60;}">
                <Coords points="188,2463 242,2438 289,2456 335,2441 452,2454 471,2440 499,2451 566,2445 566,2403 497,2390 363,2411 331,2391 268,2408 189,2392"/>
                <Baseline points="195,2434 221,2434 247,2434 273,2434 299,2434 325,2434 351,2434 377,2434 403,2434 429,2434 455,2434 481,2435 507,2435 533,2435 559,2436"/>
                <TextEquiv>
                    <Unicode>nmenhänge klar zu</Unicode>
                </TextEquiv>
            </TextLine>
            <TextLine id="r1l62" custom="readingOrder {index:61;}">
                <Coords points="602,2472 1521,2478 1521,2450 1456,2428 603,2429"/>
                <Baseline points="610,2465 655,2465 700,2465 745,2466 790,2466 836,2467 881,2467 926,2467 971,2468 1016,2468 1062,2468 1107,2468 1152,2468 1197,2469 1242,2469 1288,2469 1333,2469 1378,2468 1423,2468 1468,2468 1514,2467"/>
                <TextEquiv>
                    <Unicode>ein Sentinellwagen durch die Straßen rollt, don¬</Unicode>
                </TextEquiv>
            </TextLine>
            <TextLine id="r1l63" custom="readingOrder {index:62;}">
                <Coords points="595,2513 1522,2524 1523,2478 595,2475"/>
                <Baseline points="602,2507 647,2508 693,2509 738,2509 784,2510 830,2510 875,2511 921,2511 967,2511 1012,2512 1058,2512 1104,2512 1149,2512 1195,2512 1241,2512 1286,2512 1332,2512 1378,2512 1423,2512 1469,2512 1515,2512"/>
                <TextEquiv>
                    <Unicode>nernd und tösend, daß man meinen möchte, es</Unicode>
                </TextEquiv>
            </TextLine>
            <TextLine id="r1l64" custom="readingOrder {index:63;}">
                <Coords points="189,2535 239,2532 271,2551 355,2531 445,2546 469,2534 503,2539 504,2481 472,2488 433,2472 390,2483 376,2475 323,2496 292,2483 258,2496 190,2481"/>
                <Baseline points="196,2529 221,2530 246,2530 271,2531 296,2531 321,2531 346,2532 371,2532 396,2532 421,2532 446,2532 471,2532 496,2531"/>
                <TextEquiv>
                    <Unicode>wie bei Glaser</Unicode>
                </TextEquiv>
            </TextLine>
            <TextLine id="r1l65" custom="readingOrder {index:64;}">
                <Coords points="592,2557 1488,2568 1513,2519 592,2512"/>
                <Baseline points="600,2553 645,2554 690,2554 735,2554 781,2555 826,2555 871,2555 916,2555 962,2555 1007,2555 1052,2555 1097,2555 1143,2555 1188,2555 1233,2555 1278,2555 1324,2555 1369,2555 1414,2555 1459,2556 1505,2556"/>
                <TextEquiv>
                    <Unicode>komme ein gewaltiges Erdbeben; dieser gröbliche</Unicode>
                </TextEquiv>
            </TextLine>
            <TextLine id="r1l66" custom="readingOrder {index:65;}">
                <Coords points="186,2589 250,2577 321,2593 365,2575 391,2596 457,2580 517,2596 530,2583 560,2585 560,2551 509,2534 407,2548 357,2531 344,2543 187,2532"/>
                <Baseline points="193,2574 218,2575 244,2575 269,2575 295,2576 321,2576 346,2577 372,2577 398,2578 423,2578 449,2578 475,2578 500,2577 526,2577 552,2576"/>
                <TextEquiv>
                    <Unicode>Energie und Tat¬</Unicode>
                </TextEquiv>
            </TextLine>
            <TextLine id="r1l67" custom="readingOrder {index:66;}">
                <Coords points="595,2601 1513,2608 1513,2565 1456,2555 595,2558"/>
                <Baseline points="602,2598 647,2597 692,2597 737,2597 782,2597 827,2597 872,2597 918,2597 963,2598 1008,2598 1053,2598 1098,2599 1143,2599 1188,2599 1234,2599 1279,2599 1324,2599 1369,2599 1414,2598 1459,2597 1505,2595"/>
                <TextEquiv>
                    <Unicode>Unfug aber bleibt unbestraft. Es grenzt an büro¬</Unicode>
                </TextEquiv>
            </TextLine>
            <TextLine id="r1l68" custom="readingOrder {index:67;}">
                <Coords points="184,2636 232,2622 370,2633 394,2622 417,2639 442,2624 567,2632 568,2590 532,2582 516,2596 490,2582 474,2593 457,2580 312,2593 251,2577 227,2592 184,2589"/>
                <Baseline points="191,2618 217,2619 243,2619 270,2620 296,2620 322,2621 349,2621 375,2622 401,2622 428,2622 454,2622 480,2622 507,2622 533,2621 560,2621"/>
                <TextEquiv>
                    <Unicode>wverten. Er gründete</Unicode>
                </TextEquiv>
            </TextLine>
            <TextLine id="r1l69" custom="readingOrder {index:68;}">
                <Coords points="599,2645 1522,2650 1522,2613 1439,2599 1238,2622 1143,2597 599,2601"/>
                <Baseline points="606,2641 651,2641 696,2641 742,2641 787,2641 833,2641 878,2642 923,2642 969,2642 1014,2642 1060,2642 1105,2642 1150,2642 1196,2642 1241,2642 1287,2642 1332,2642 1377,2642 1423,2642 1468,2642 1514,2642"/>
                <TextEquiv>
                    <Unicode>kratische Verrücktheit, diesen nicht mehr zu über¬</Unicode>
                </TextEquiv>
            </TextLine>
            <TextLine id="r1l70" custom="readingOrder {index:69;}">
                <Coords points="178,2676 237,2667 266,2682 331,2669 359,2682 383,2669 415,2682 467,2665 493,2681 555,2670 555,2626 484,2627 462,2645 433,2631 416,2639 399,2627 374,2635 293,2621 178,2630"/>
                <Baseline points="185,2662 210,2664 236,2664 262,2665 288,2666 314,2666 340,2666 366,2666 392,2666 418,2665 444,2665 470,2665 496,2665 522,2665 548,2665"/>
                <TextEquiv>
                    <Unicode>iner Cichorien= und</Unicode>
                </TextEquiv>
            </TextLine>
            <TextLine id="r1l71" custom="readingOrder {index:70;}">
                <Coords points="596,2689 1521,2687 1521,2650 1490,2646 596,2646"/>
                <Baseline points="603,2684 648,2684 694,2684 739,2685 785,2685 830,2685 876,2685 921,2685 967,2686 1012,2686 1058,2686 1104,2686 1149,2686 1195,2686 1240,2686 1286,2686 1331,2686 1377,2686 1422,2685 1468,2685 1514,2684"/>
                <TextEquiv>
                    <Unicode>bietenden Lärmmaschinen in der Nacht oder zeit¬</Unicode>
                </TextEquiv>
            </TextLine>
            <TextLine id="r1l72" custom="readingOrder {index:71;}">
                <Coords points="187,2716 284,2723 306,2709 367,2729 395,2713 452,2727 546,2719 555,2669 484,2687 442,2674 421,2685 384,2669 266,2681 238,2668 187,2672"/>
                <Baseline points="193,2710 218,2709 243,2709 268,2708 294,2708 319,2709 344,2709 370,2710 395,2710 420,2711 445,2711 471,2711 496,2711 521,2710 547,2709"/>
                <TextEquiv>
                    <Unicode>seiner Leitung von</Unicode>
                </TextEquiv>
            </TextLine>
            <TextLine id="r1l73" custom="readingOrder {index:72;}">
                <Coords points="597,2734 1481,2746 1521,2729 1521,2688 597,2690"/>
                <Baseline points="604,2729 649,2729 695,2729 740,2730 786,2730 831,2730 877,2730 922,2730 968,2730 1013,2731 1059,2731 1104,2731 1150,2731 1195,2731 1241,2731 1286,2731 1332,2731 1377,2730 1423,2730 1468,2729 1514,2729"/>
                <TextEquiv>
                    <Unicode>lich in der Früh freie Fahrt zu gestatten. Abge¬</Unicode>
                </TextEquiv>
            </TextLine>
            <TextLine id="r1l74" custom="readingOrder {index:73;}">
                <Coords points="188,2765 226,2757 247,2768 264,2756 304,2770 365,2755 385,2770 408,2759 563,2765 563,2716 456,2727 399,2714 335,2725 304,2708 284,2723 188,2719"/>
                <Baseline points="195,2753 220,2753 246,2753 272,2754 297,2754 323,2754 349,2754 375,2754 400,2755 426,2755 452,2755 477,2755 503,2754 529,2754 555,2753"/>
                <TextEquiv>
                    <Unicode>iner der führenden</Unicode>
                </TextEquiv>
            </TextLine>
            <TextLine id="r1l75" custom="readingOrder {index:74;}">
                <Coords points="599,2781 1513,2787 1513,2734 599,2734"/>
                <Baseline points="607,2772 651,2772 696,2772 741,2773 786,2773 831,2773 876,2774 921,2774 966,2774 1011,2774 1056,2774 1100,2774 1145,2774 1190,2774 1235,2774 1280,2774 1325,2773 1370,2773 1415,2773 1460,2772 1505,2772"/>
                <TextEquiv>
                    <Unicode>sehen von der schweren Erschütterung der alten</Unicode>
                </TextEquiv>
            </TextLine>
            <TextLine id="r1l76" custom="readingOrder {index:75;}">
                <Coords points="182,2809 243,2818 293,2800 327,2815 492,2801 514,2813 561,2801 562,2766 451,2771 399,2759 384,2769 366,2754 299,2772 274,2757 247,2770 224,2757 208,2769 183,2760"/>
                <Baseline points="190,2797 216,2797 242,2797 268,2797 294,2797 320,2797 346,2797 372,2798 398,2798 424,2799 450,2799 476,2800 502,2801 528,2801 554,2801"/>
                <TextEquiv>
                    <Unicode>ndustriezweiges ge¬</Unicode>
                </TextEquiv>
            </TextLine>
            <TextLine id="r1l77" custom="readingOrder {index:76;}">
                <Coords points="597,2830 1511,2828 1493,2776 597,2782"/>
                <Baseline points="604,2817 649,2817 694,2818 739,2818 784,2818 829,2818 874,2818 919,2818 964,2818 1009,2818 1054,2817 1099,2817 1144,2817 1189,2817 1234,2817 1279,2817 1324,2817 1369,2817 1414,2817 1459,2816 1504,2816"/>
                <TextEquiv>
                    <Unicode>Häuser, deren Lebensdauer stark verkürzt wird,</Unicode>
                </TextEquiv>
            </TextLine>
            <TextLine id="r1l78" custom="readingOrder {index:77;}">
                <Coords points="190,2855 275,2841 332,2855 454,2847 543,2861 559,2857 559,2800 491,2816 372,2804 328,2815 296,2800 232,2816 190,2803"/>
                <Baseline points="197,2842 222,2842 247,2842 273,2842 298,2842 323,2843 349,2843 374,2843 399,2843 425,2844 450,2844 475,2844 501,2843 526,2843 552,2843"/>
                <TextEquiv>
                    <Unicode>ber durchaus nicht</Unicode>
                </TextEquiv>
            </TextLine>
            <TextLine id="r1l79" custom="readingOrder {index:78;}">
                <Coords points="608,2863 1507,2871 1480,2818 608,2828"/>
                <Baseline points="615,2860 659,2860 703,2861 747,2861 792,2861 836,2861 880,2861 924,2861 969,2861 1013,2861 1057,2861 1101,2860 1146,2860 1190,2860 1234,2860 1278,2860 1323,2860 1367,2860 1411,2860 1455,2860 1500,2860"/>
                <TextEquiv>
                    <Unicode>vird es dem schlafbedürftigen Bürger unmöglich</Unicode>
                </TextEquiv>
            </TextLine>
            <TextLine id="r1l80" custom="readingOrder {index:79;}">
                <Coords points="192,2898 270,2905 295,2891 316,2904 348,2889 370,2905 408,2892 452,2908 557,2895 557,2858 525,2852 361,2848 341,2862 294,2862 239,2845 192,2858"/>
                <Baseline points="199,2888 224,2888 249,2888 274,2888 299,2888 324,2889 349,2889 374,2889 399,2889 424,2889 449,2889 474,2888 499,2888 524,2887 550,2887"/>
                <TextEquiv>
                    <Unicode>eis zur Gänze von</Unicode>
                </TextEquiv>
            </TextLine>
            <TextLine id="r1l81" custom="readingOrder {index:80;}">
                <Coords points="606,2909 1509,2917 1509,2868 1460,2861 1058,2888 1008,2864 606,2868"/>
                <Baseline points="613,2903 657,2904 701,2904 746,2905 790,2905 835,2906 879,2906 924,2906 968,2906 1013,2905 1057,2905 1101,2905 1146,2905 1190,2905 1235,2905 1279,2904 1324,2904 1368,2904 1413,2904 1457,2905 1502,2905"/>
                <TextEquiv>
                    <Unicode>eine Nerven auszuruhen. Dazu kommt, daß Prag</Unicode>
                </TextEquiv>
            </TextLine>
            <TextLine id="r1l82" custom="readingOrder {index:81;}">
                <Coords points="270,2938 341,2947 392,2926 406,2939 543,2941 554,2938 554,2891 530,2898 512,2887 479,2905 435,2905 408,2892 370,2905 353,2890 270,2898"/>
                <Baseline points="277,2930 304,2930 331,2930 358,2931 385,2931 412,2931 439,2932 466,2932 493,2932 520,2931 547,2930"/>
                <TextEquiv>
                    <Unicode>Sein warmes</Unicode>
                </TextEquiv>
            </TextLine>
            <TextLine id="r1l83" custom="readingOrder {index:82;}">
                <Coords points="192,2944 199,2944 204,2938 217,2939 226,2932 237,2935 246,2929 253,2935 270,2937 270,2902 261,2902 258,2905 254,2901 230,2901 219,2907 210,2898 203,2901 192,2898"/>
                <Baseline points="199,2930 231,2934 263,2930"/>
                <TextEquiv>
                    <Unicode>d.</Unicode>
                </TextEquiv>
            </TextLine>
            <TextLine id="r1l84" custom="readingOrder {index:83;}">
                <Coords points="594,2956 1406,2965 1507,2955 1520,2915 594,2920"/>
                <Baseline points="601,2947 646,2947 692,2948 737,2948 783,2948 828,2948 874,2948 919,2948 965,2948 1010,2948 1056,2948 1102,2948 1147,2948 1193,2947 1238,2947 1284,2947 1329,2947 1375,2947 1420,2947 1466,2947 1512,2947"/>
                <TextEquiv>
                    <Unicode>noch fast überall elendes und elendestes Pflaster</Unicode>
                </TextEquiv>
            </TextLine>
            <TextLine id="r1l85" custom="readingOrder {index:84;}">
                <Coords points="199,2991 252,3001 290,2974 358,2994 395,2981 420,2995 512,2978 539,2994 559,2988 559,2943 537,2936 441,2937 418,2951 246,2930 199,2938"/>
                <Baseline points="206,2976 232,2976 259,2976 285,2976 312,2976 339,2977 365,2977 392,2977 418,2977 445,2977 472,2977 498,2976 525,2976 552,2976"/>
                <TextEquiv>
                    <Unicode>auch in den Dienst</Unicode>
                </TextEquiv>
            </TextLine>
            <TextLine id="r1l86" custom="readingOrder {index:85;}">
                <Coords points="600,3009 1484,3002 1508,2954 600,2955"/>
                <Baseline points="608,2994 652,2993 697,2993 741,2993 786,2993 831,2993 875,2993 920,2993 965,2993 1009,2993 1054,2993 1099,2993 1143,2993 1188,2993 1233,2993 1277,2993 1322,2993 1367,2992 1411,2992 1456,2991 1501,2990"/>
                <TextEquiv>
                    <Unicode>hat, das durch Aufreißen von Jahr zu Jahr</Unicode>
                </TextEquiv>
            </TextLine>
            <TextLine id="r1l87" custom="readingOrder {index:86;}">
                <Coords points="265,3038 297,3025 312,3035 339,3026 351,3038 390,3033 404,3045 425,3028 469,3025 508,3045 530,3032 567,3034 567,2984 540,2994 513,2980 482,2991 444,2985 434,2995 400,2984 378,2995 327,2991 290,2974 265,2989"/>
                <Baseline points="272,3019 298,3020 324,3021 350,3021 376,3022 402,3022 429,3022 455,3022 481,3022 507,3021 533,3020 560,3019"/>
                <TextEquiv>
                    <Unicode>Man fand ihn</Unicode>
                </TextEquiv>
            </TextLine>
            <TextLine id="r1l88" custom="readingOrder {index:87;}">
                <Coords points="601,3046 1413,3049 1514,3042 1514,2999 601,3009"/>
                <Baseline points="608,3036 655,3035 702,3035 749,3035 797,3035 844,3035 891,3035 939,3036 986,3036 1033,3036 1081,3036 1128,3036 1175,3036 1223,3036 1270,3035 1317,3035 1365,3034 1412,3034 1459,3033 1507,3031"/>
                <TextEquiv>
                    <Unicode>holpriger wird. Der Sommer ist heuer bereits</Unicode>
                </TextEquiv>
            </TextLine>
            <TextLine id="r1l89" custom="readingOrder {index:88;}">
                <Coords points="249,3074 293,3071 329,3087 344,3074 368,3085 409,3066 469,3080 527,3070 538,3082 557,3076 557,3034 487,3040 438,3026 357,3039 300,3024 270,3040 249,3037"/>
                <Baseline points="256,3065 282,3065 309,3065 336,3066 362,3066 389,3066 416,3067 443,3067 469,3067 496,3066 523,3066 550,3064"/>
                <TextEquiv>
                    <Unicode>indessen nur an</Unicode>
                </TextEquiv>
            </TextLine>
            <TextLine id="r1l90" custom="readingOrder {index:89;}">
                <Coords points="191,3074 197,3075 209,3089 217,3090 225,3042 219,3042 210,3034 206,3037 197,3035"/>
                <Baseline points="200,3066 214,3068"/>
                <TextEquiv>
                    <Unicode>n</Unicode>
                </TextEquiv>
            </TextLine>
            <TextLine id="r1l91" custom="readingOrder {index:90;}">
                <Coords points="611,3095 1490,3092 1512,3040 611,3043"/>
                <Baseline points="618,3079 662,3079 706,3080 751,3080 795,3080 839,3080 884,3080 928,3080 972,3080 1017,3080 1061,3080 1105,3080 1150,3080 1194,3080 1238,3080 1283,3079 1327,3079 1371,3078 1416,3077 1460,3076 1505,3075"/>
                <TextEquiv>
                    <Unicode>ehr fortgeschritten, ohne daß Anstalten gemacht</Unicode>
                </TextEquiv>
            </TextLine>
            <TextLine id="r1l92" custom="readingOrder {index:91;}">
                <Coords points="225,3119 266,3128 296,3115 307,3125 365,3115 404,3124 428,3111 476,3129 487,3119 526,3127 554,3117 554,3081 527,3069 468,3079 402,3066 368,3084 354,3073 306,3083 292,3071 276,3080 225,3071"/>
                <Baseline points="232,3110 258,3109 284,3108 310,3109 337,3109 363,3110 389,3110 415,3111 442,3111 468,3111 494,3111 520,3109 547,3107"/>
                <TextEquiv>
                    <Unicode>Arbeit zu leisten</Unicode>
                </TextEquiv>
            </TextLine>
            <TextLine id="r1l93" custom="readingOrder {index:92;}">
                <Coords points="589,3131 1490,3130 1508,3090 589,3092"/>
                <Baseline points="597,3122 642,3123 687,3123 732,3123 777,3123 823,3123 868,3124 913,3124 958,3124 1003,3124 1049,3124 1094,3124 1139,3124 1184,3123 1229,3123 1275,3123 1320,3122 1365,3122 1410,3122 1455,3121 1501,3120"/>
                <TextEquiv>
                    <Unicode>wurden, irgendwo das Steinpflaster durch eine</Unicode>
                </TextEquiv>
            </TextLine>
            <TextLine id="r1l94" custom="readingOrder {index:93;}">
                <Coords points="195,3142 280,3172 347,3168 361,3156 434,3169 563,3156 563,3114 476,3128 427,3111 373,3127 353,3115 266,3127 222,3110 195,3118"/>
                <Baseline points="203,3153 228,3154 253,3154 278,3155 303,3155 329,3156 354,3156 379,3156 404,3156 429,3156 455,3155 480,3155 505,3154 530,3154 556,3152"/>
                <TextEquiv>
                    <Unicode>war. Er war der</Unicode>
                </TextEquiv>
            </TextLine>
            <TextLine id="r1l95" custom="readingOrder {index:94;}">
                <Coords points="592,3175 1517,3185 1517,3137 1483,3124 592,3132"/>
                <Baseline points="599,3165 644,3166 690,3167 735,3167 781,3168 826,3168 872,3168 917,3168 963,3168 1008,3168 1054,3168 1100,3168 1145,3167 1191,3167 1236,3167 1282,3166 1327,3166 1373,3165 1418,3165 1464,3164 1510,3164"/>
                <TextEquiv>
                    <Unicode>dem Lärm wirksam entgegenwirkende Asphalt¬</Unicode>
                </TextEquiv>
            </TextLine>
            <TextLine id="r1l96" custom="readingOrder {index:95;}">
                <Coords points="190,3217 282,3204 377,3214 415,3205 433,3218 458,3205 559,3212 558,3160 538,3157 416,3168 362,3156 348,3168 282,3171 220,3153 189,3161"/>
                <Baseline points="197,3201 222,3202 247,3202 272,3202 298,3201 323,3201 348,3201 374,3200 399,3200 424,3200 449,3200 475,3199 500,3199 525,3199 551,3199"/>
                <TextEquiv>
                    <Unicode>ählte Präsident der</Unicode>
                </TextEquiv>
            </TextLine>
            <TextLine id="r1l97" custom="readingOrder {index:96;}">
                <Coords points="593,3234 871,3207 1490,3224 1511,3173 592,3174"/>
                <Baseline points="600,3210 645,3211 690,3211 735,3212 780,3212 826,3212 871,3212 916,3212 961,3212 1006,3212 1052,3212 1097,3211 1142,3211 1187,3211 1232,3210 1278,3210 1323,3209 1368,3209 1413,3208 1458,3208 1504,3208"/>
                <TextEquiv>
                    <Unicode>pflasterung zu ersetzen. Was ist mit dem so ver¬</Unicode>
                </TextEquiv>
            </TextLine>
            <TextLine id="r1l98" custom="readingOrder {index:97;}">
                <Coords points="204,3261 270,3243 299,3263 398,3246 551,3262 551,3210 517,3217 493,3204 455,3220 405,3206 372,3219 283,3203 246,3227 203,3216"/>
                <Baseline points="211,3245 236,3245 262,3245 288,3245 313,3245 339,3244 365,3244 390,3244 416,3244 442,3244 467,3244 493,3244 519,3245 545,3246"/>
                <TextEquiv>
                    <Unicode>n Kultusge¬</Unicode>
                </TextEquiv>
            </TextLine>
            <TextLine id="r1l99" custom="readingOrder {index:98;}">
                <Coords points="589,3267 1517,3256 1516,3214 1435,3208 589,3220"/>
                <Baseline points="596,3253 641,3254 687,3254 732,3255 778,3255 824,3255 869,3255 915,3255 961,3255 1006,3254 1052,3254 1098,3254 1143,3253 1189,3253 1235,3253 1280,3253 1326,3252 1372,3252 1417,3252 1463,3252 1509,3252"/>
                <TextEquiv>
                    <Unicode>heißungsvoll ausposannten Asphaltierungspro¬</Unicode>
                </TextEquiv>
            </TextLine>
            <TextLine id="r1l100" custom="readingOrder {index:99;}">
                <Coords points="202,3304 259,3296 277,3307 340,3290 412,3293 441,3310 462,3293 539,3303 556,3297 556,3256 471,3249 411,3262 356,3248 286,3262 273,3249 242,3249 202,3262"/>
                <Baseline points="210,3292 236,3290 262,3289 288,3289 314,3289 340,3289 366,3290 392,3290 418,3291 444,3291 470,3291 496,3290 522,3289 548,3288"/>
                <TextEquiv>
                    <Unicode>seinem konzilian¬</Unicode>
                </TextEquiv>
            </TextLine>
            <TextLine id="r1l101" custom="readingOrder {index:100;}">
                <Coords points="590,3307 1506,3313 1506,3263 1477,3253 590,3268"/>
                <Baseline points="597,3299 642,3299 687,3299 732,3299 777,3299 822,3299 867,3298 912,3298 957,3298 1002,3298 1048,3298 1093,3297 1138,3297 1183,3297 1228,3296 1273,3296 1318,3296 1363,3295 1408,3295 1453,3294 1499,3294"/>
                <TextEquiv>
                    <Unicode>gramm, und wie lange noch soll Prag durch die</Unicode>
                </TextEquiv>
            </TextLine>
            <TextLine id="r1l102" custom="readingOrder {index:101;}">
                <Coords points="198,3335 249,3345 269,3337 283,3351 357,3334 401,3343 440,3331 463,3349 487,3336 516,3347 547,3335 547,3303 519,3291 456,3297 439,3312 401,3292 198,3302"/>
                <Baseline points="205,3332 230,3332 256,3332 282,3333 308,3333 333,3333 359,3333 385,3333 411,3333 436,3333 462,3333 488,3333 514,3334 540,3334"/>
                <TextEquiv>
                    <Unicode>i, daß diese Jahr</Unicode>
                </TextEquiv>
            </TextLine>
            <TextLine id="r1l103" custom="readingOrder {index:102;}">
                <Coords points="608,3355 1500,3347 1500,3303 1452,3298 608,3299"/>
                <Baseline points="616,3341 659,3341 703,3342 747,3342 791,3343 835,3343 879,3343 922,3343 966,3342 1010,3342 1054,3342 1098,3341 1142,3341 1186,3340 1229,3340 1273,3339 1317,3338 1361,3338 1405,3337 1449,3336 1493,3335"/>
                <TextEquiv>
                    <Unicode>zollgummikraftwagen zur harbarischesten Gerne¬</Unicode>
                </TextEquiv>
            </TextLine>
            <TextLine id="r1l104" custom="readingOrder {index:103;}">
                <Coords points="195,3380 276,3388 301,3378 327,3390 378,3370 487,3394 571,3365 571,3335 513,3347 493,3334 465,3350 439,3331 401,3343 360,3334 287,3352 263,3336 195,3337"/>
                <Baseline points="202,3371 227,3372 253,3372 279,3373 305,3373 331,3373 357,3373 383,3373 408,3373 434,3373 460,3373 486,3374 512,3374 538,3375 564,3376"/>
                <TextEquiv>
                    <Unicode>en neuen Verbält¬</Unicode>
                </TextEquiv>
            </TextLine>
            <TextLine id="r1l105" custom="readingOrder {index:104;}">
                <Coords points="620,3416 686,3393 953,3407 1119,3385 1246,3408 1314,3391 1314,3349 619,3349"/>
                <Baseline points="626,3384 660,3383 694,3382 728,3382 762,3381 796,3381 830,3381 864,3381 898,3381 932,3382 966,3382 1000,3382 1034,3382 1068,3382 1102,3382 1136,3382 1170,3382 1204,3381 1238,3380 1272,3379 1307,3378"/>
                <TextEquiv>
                    <Unicode>ößstadt des Ostens gemacht werden?</Unicode>
                </TextEquiv>
            </TextLine>
            <TextLine id="r1l106" custom="readingOrder {index:105;}">
                <Coords points="196,3419 277,3427 298,3444 341,3425 375,3439 395,3429 442,3448 467,3433 557,3427 556,3382 487,3394 456,3375 412,3383 379,3371 338,3390 302,3377 196,3382"/>
                <Baseline points="203,3417 229,3418 256,3418 283,3418 309,3418 336,3418 363,3418 389,3418 416,3418 443,3417 469,3417 496,3417 523,3417 550,3417"/>
                <TextEquiv>
                    <Unicode>manche Schwierig¬</Unicode>
                </TextEquiv>
            </TextLine>
            <TextLine id="r1l107" custom="readingOrder {index:106;}">
                <Coords points="660,3440 1344,3450 1505,3435 1505,3390 1400,3413 1126,3385 660,3398"/>
                <Baseline points="667,3434 708,3434 750,3434 791,3433 833,3433 874,3433 916,3433 957,3433 999,3433 1040,3433 1082,3433 1124,3434 1165,3434 1207,3434 1248,3433 1290,3433 1331,3433 1373,3433 1414,3432 1456,3432 1498,3431"/>
                <TextEquiv>
                    <Unicode>Der kommende Germanist der Prager dent¬</Unicode>
                </TextEquiv>
            </TextLine>
            <TextLine id="r1l108" custom="readingOrder {index:107;}">
                <Coords points="595,3482 1503,3489 1502,3435 595,3431"/>
                <Baseline points="602,3478 646,3478 691,3477 736,3477 780,3477 825,3477 870,3477 914,3477 959,3477 1004,3476 1049,3476 1093,3476 1138,3476 1183,3476 1227,3476 1272,3476 1317,3476 1361,3476 1406,3476 1451,3476 1496,3476"/>
                <TextEquiv>
                    <Unicode>chen Universität Dr. Herbert Cysarz hat im</Unicode>
                </TextEquiv>
            </TextLine>
            <TextLine id="r1l109" custom="readingOrder {index:108;}">
                <Coords points="209,3517 240,3522 267,3505 384,3509 402,3522 419,3512 433,3521 536,3515 551,3508 552,3444 508,3465 377,3462 337,3479 262,3448 240,3463 210,3454"/>
                <Baseline points="216,3503 241,3503 266,3504 291,3504 316,3505 342,3505 367,3506 392,3506 417,3507 443,3507 468,3507 493,3506 518,3506 544,3505"/>
                <TextEquiv>
                    <Unicode>wurde Adolf Gla¬</Unicode>
                </TextEquiv>
            </TextLine>
            <TextLine id="r1l110" custom="readingOrder {index:109;}">
                <Coords points="589,3528 1505,3524 1505,3494 1437,3479 589,3487"/>
                <Baseline points="596,3521 641,3521 686,3522 731,3522 776,3522 821,3522 866,3521 911,3521 956,3521 1001,3521 1047,3520 1092,3520 1137,3520 1182,3519 1227,3519 1272,3519 1317,3519 1362,3519 1407,3519 1452,3519 1498,3519"/>
                <TextEquiv>
                    <Unicode>Verlag A. Francke A.=G. in Bern einen Vor¬</Unicode>
                </TextEquiv>
            </TextLine>
            <TextLine id="r1l111" custom="readingOrder {index:110;}">
                <Coords points="194,3556 258,3564 330,3545 343,3558 437,3564 553,3557 553,3514 541,3511 413,3524 382,3508 337,3529 268,3504 238,3524 194,3508"/>
                <Baseline points="201,3547 227,3547 254,3547 280,3547 307,3548 333,3548 360,3549 386,3549 413,3550 439,3550 466,3550 492,3550 519,3549 546,3548"/>
                <TextEquiv>
                    <Unicode>dend — durch den</Unicode>
                </TextEquiv>
            </TextLine>
            <TextLine id="r1l112" custom="readingOrder {index:111;}">
                <Coords points="579,3572 1502,3569 1502,3523 579,3523"/>
                <Baseline points="586,3565 631,3564 676,3564 722,3563 767,3563 813,3563 858,3563 903,3563 949,3563 994,3563 1040,3563 1085,3563 1130,3563 1176,3563 1221,3563 1267,3563 1312,3563 1357,3563 1403,3562 1448,3562 1494,3561"/>
                <TextEquiv>
                    <Unicode>trag erscheinen lassen, den er vor der Freistuden¬</Unicode>
                </TextEquiv>
            </TextLine>
            <TextLine id="r1l113" custom="readingOrder {index:112;}">
                <Coords points="181,3600 234,3613 277,3601 305,3615 340,3595 549,3605 549,3555 519,3565 375,3556 362,3568 329,3546 255,3567 182,3552"/>
                <Baseline points="189,3592 214,3593 239,3593 264,3594 289,3594 315,3595 340,3595 365,3595 390,3595 415,3595 441,3595 466,3595 491,3594 516,3594 542,3593"/>
                <TextEquiv>
                    <Unicode>betroffen. An seiner</Unicode>
                </TextEquiv>
            </TextLine>
            <TextLine id="r1l114" custom="readingOrder {index:113;}">
                <Coords points="585,3615 1503,3613 1491,3565 585,3568"/>
                <Baseline points="592,3608 637,3607 682,3607 727,3607 772,3606 817,3606 862,3606 908,3606 953,3606 998,3606 1043,3607 1088,3607 1133,3607 1178,3607 1224,3607 1269,3607 1314,3606 1359,3606 1404,3606 1449,3605 1495,3604"/>
                <TextEquiv>
                    <Unicode>tenschaft in Bern gehalten hat. Cysarz beschäftigt</Unicode>
                </TextEquiv>
            </TextLine>
            <TextLine id="r1l115" custom="readingOrder {index:114;}">
                <Coords points="260,3661 309,3639 399,3653 449,3640 480,3653 538,3647 548,3645 548,3605 474,3609 464,3599 440,3608 386,3595 260,3610"/>
                <Baseline points="267,3639 294,3638 321,3637 349,3637 376,3637 404,3637 431,3638 458,3638 486,3638 513,3638 541,3638"/>
                <TextEquiv>
                    <Unicode>Hinterbliebenen</Unicode>
                </TextEquiv>
            </TextLine>
            <TextLine id="r1l116" custom="readingOrder {index:115;}">
                <Coords points="189,3645 199,3644 203,3648 217,3647 219,3645 220,3647 231,3647 231,3600 223,3601 220,3598 216,3603 212,3604 204,3598 189,3598"/>
                <Baseline points="196,3639 224,3639"/>
                <TextEquiv>
                    <Unicode></Unicode>
                </TextEquiv>
            </TextLine>
            <TextLine id="r1l117" custom="readingOrder {index:116;}">
                <Coords points="594,3655 1502,3658 1502,3617 1452,3610 594,3614"/>
                <Baseline points="602,3652 646,3651 691,3651 735,3650 780,3650 825,3649 869,3649 914,3649 958,3649 1003,3649 1048,3649 1092,3649 1137,3649 1181,3649 1226,3649 1271,3649 1315,3649 1360,3649 1404,3649 1449,3648 1494,3648"/>
                <TextEquiv>
                    <Unicode>ich mit der Gestalt Schillers und zieht zwischen</Unicode>
                </TextEquiv>
            </TextLine>
            <TextLine id="r1l118" custom="readingOrder {index:117;}">
                <Coords points="183,3681 197,3683 202,3688 208,3685 213,3689 222,3686 226,3691 233,3688 250,3691 252,3654 227,3651 215,3643 204,3648 196,3643 185,3643"/>
                <Baseline points="190,3679 217,3682 244,3682"/>
                <TextEquiv>
                    <Unicode>der</Unicode>
                </TextEquiv>
            </TextLine>
            <TextLine id="r1l119" custom="readingOrder {index:118;}">
                <Coords points="296,3693 333,3689 361,3701 389,3689 412,3699 443,3691 459,3700 472,3689 509,3686 553,3700 553,3647 480,3653 449,3640 394,3657 369,3642 325,3649 296,3643"/>
                <Baseline points="303,3682 329,3683 356,3684 383,3684 410,3684 437,3684 464,3683 491,3683 518,3683 545,3683"/>
                <TextEquiv>
                    <Unicode>Not gebracht</Unicode>
                </TextEquiv>
            </TextLine>
            <TextLine id="r1l120" custom="readingOrder {index:119;}">
                <Coords points="586,3711 1499,3693 1499,3663 1433,3653 586,3652"/>
                <Baseline points="593,3693 640,3693 687,3693 734,3693 782,3693 829,3693 876,3693 924,3693 971,3693 1018,3693 1066,3693 1113,3692 1160,3692 1208,3692 1255,3692 1302,3692 1350,3692 1397,3692 1444,3691 1492,3691"/>
                <TextEquiv>
                    <Unicode>hr und der Nietzsches Parallelen, dabei in Ara¬</Unicode>
                </TextEquiv>
            </TextLine>
            <TextLine id="r1l121" custom="readingOrder {index:120;}">
                <Coords points="191,3760 201,3760 208,3755 219,3756 225,3750 236,3757 247,3755 245,3689 232,3689 211,3700 198,3690 196,3693 188,3693"/>
                <Baseline points="197,3727 240,3726"/>
                <TextEquiv>
                    <Unicode>ind</Unicode>
                </TextEquiv>
            </TextLine>
            <TextLine id="r1l122" custom="readingOrder {index:121;}">
                <Coords points="270,3750 291,3744 310,3755 334,3745 373,3760 408,3745 449,3746 463,3733 482,3746 497,3734 550,3743 549,3699 508,3686 433,3701 403,3690 363,3699 335,3691 306,3701 269,3696"/>
                <Baseline points="277,3730 303,3730 330,3730 356,3729 383,3729 409,3728 436,3728 462,3728 489,3727 515,3727 542,3728"/>
                <TextEquiv>
                    <Unicode>und warmfüh¬</Unicode>
                </TextEquiv>
            </TextLine>
            <TextLine id="r1l123" custom="readingOrder {index:122;}">
                <Coords points="583,3745 1500,3738 1500,3704 1355,3690 583,3700"/>
                <Baseline points="590,3738 635,3738 680,3737 725,3737 770,3736 815,3736 860,3736 906,3736 951,3736 996,3736 1041,3736 1086,3736 1131,3736 1176,3735 1222,3735 1267,3735 1312,3735 1357,3735 1402,3735 1447,3734 1493,3733"/>
                <TextEquiv>
                    <Unicode>besken eine Unmenge von Gestalten der Literatur¬</Unicode>
                </TextEquiv>
            </TextLine>
            <TextLine id="r1l124" custom="readingOrder {index:123;}">
                <Coords points="577,3800 1499,3791 1498,3735 577,3747"/>
                <Baseline points="584,3780 629,3779 674,3779 720,3779 765,3779 810,3779 856,3778 901,3778 946,3778 992,3778 1037,3778 1082,3778 1128,3778 1173,3778 1218,3778 1264,3778 1309,3778 1354,3778 1400,3777 1445,3777 1491,3776"/>
                <TextEquiv>
                    <Unicode>geschichte aufleuchten lassend. Schon rein stilistisch</Unicode>
                </TextEquiv>
            </TextLine>
            <TextLine id="r1l125" custom="readingOrder {index:124;}">
                <Coords points="582,3830 1484,3835 1497,3791 582,3796"/>
                <Baseline points="589,3823 634,3823 679,3823 724,3823 769,3823 814,3823 859,3822 904,3822 949,3822 994,3822 1039,3822 1084,3822 1129,3822 1174,3821 1219,3821 1264,3821 1309,3821 1354,3822 1399,3822 1444,3822 1490,3822"/>
                <TextEquiv>
                    <Unicode>ist es dankbar, diesen neuen Germanisten näher zu</Unicode>
                </TextEquiv>
            </TextLine>
            <TextLine id="r1l126" custom="readingOrder {index:125;}">
                <Coords points="265,3867 364,3877 482,3869 502,3878 518,3864 547,3865 546,3813 487,3827 403,3794 353,3805 317,3826 305,3817 264,3824"/>
                <Baseline points="272,3862 298,3863 325,3863 352,3862 379,3862 406,3861 432,3860 459,3859 486,3859 513,3859 540,3859"/>
                <TextEquiv>
                    <Unicode>daß die Nervo¬</Unicode>
                </TextEquiv>
            </TextLine>
            <TextLine id="r1l127" custom="readingOrder {index:126;}">
                <Coords points="193,3878 201,3879 202,3877 205,3879 211,3876 215,3879 226,3876 232,3879 242,3871 249,3871 252,3829 233,3828 219,3817 216,3820 212,3817 209,3819 204,3815 197,3814"/>
                <Baseline points="201,3862 243,3864"/>
                <TextEquiv>
                    <Unicode>nt,</Unicode>
                </TextEquiv>
            </TextLine>
            <TextLine id="r1l128" custom="readingOrder {index:127;}">
                <Coords points="580,3871 1498,3879 1497,3834 1441,3825 580,3829"/>
                <Baseline points="587,3865 632,3866 677,3866 722,3866 767,3866 813,3866 858,3866 903,3866 948,3866 993,3866 1039,3866 1084,3866 1129,3866 1174,3866 1219,3866 1265,3865 1310,3865 1355,3865 1400,3864 1445,3864 1491,3863"/>
                <TextEquiv>
                    <Unicode>besehen. Sein Ruf ist ausgezeichnet, dafür sprechen</Unicode>
                </TextEquiv>
            </TextLine>
            <TextLine id="r1l129" custom="readingOrder {index:128;}">
                <Coords points="245,3910 465,3911 486,3901 499,3913 546,3916 554,3914 554,3867 470,3878 405,3866 363,3878 348,3869 244,3866"/>
                <Baseline points="251,3905 277,3906 304,3906 331,3906 358,3906 385,3906 412,3905 439,3905 466,3904 493,3904 520,3904 547,3903"/>
                <TextEquiv>
                    <Unicode>Teil in dem nie</Unicode>
                </TextEquiv>
            </TextLine>
            <TextLine id="r1l130" custom="readingOrder {index:129;}">
                <Coords points="582,3916 1492,3920 1492,3878 1411,3866 582,3872"/>
                <Baseline points="589,3907 633,3907 678,3907 723,3907 768,3907 813,3907 858,3907 902,3907 947,3907 992,3907 1037,3907 1082,3907 1127,3907 1172,3907 1216,3907 1261,3907 1306,3907 1351,3907 1396,3906 1441,3906 1486,3906"/>
                <TextEquiv>
                    <Unicode>bereits seine Gegner, die ihn heftig befehden</Unicode>
                </TextEquiv>
            </TextLine>
            <TextLine id="r1l131" custom="readingOrder {index:130;}">
                <Coords points="185,3965 193,3965 203,3956 209,3959 213,3955 222,3952 224,3955 231,3955 231,3914 224,3914 222,3916 217,3914 203,3921 199,3916 197,3918 193,3915 185,3915"/>
                <Baseline points="192,3946 225,3946"/>
                <TextEquiv>
                    <Unicode>er</Unicode>
                </TextEquiv>
            </TextLine>
            <TextLine id="r1l132" custom="readingOrder {index:131;}">
                <Coords points="258,3952 292,3965 372,3945 402,3971 436,3953 556,3960 556,3917 498,3913 485,3900 437,3921 410,3921 385,3906 334,3916 258,3910"/>
                <Baseline points="266,3948 291,3948 317,3947 343,3947 369,3947 395,3947 420,3948 446,3948 472,3948 498,3948 524,3948 550,3947"/>
                <TextEquiv>
                    <Unicode>Stadt begründet</Unicode>
                </TextEquiv>
            </TextLine>
            <TextLine id="r1l133" custom="readingOrder {index:132;}">
                <Coords points="588,3955 1090,3973 1283,3947 1442,3972 1507,3951 1507,3918 588,3924"/>
                <Baseline points="595,3952 640,3952 685,3951 730,3951 776,3951 821,3951 866,3951 911,3951 957,3951 1002,3952 1047,3952 1092,3952 1138,3952 1183,3952 1228,3952 1273,3952 1319,3952 1364,3952 1409,3951 1454,3951 1500,3950"/>
                <TextEquiv>
                    <Unicode>veil sie ihn völlig ernst nehmen. Daß in der Rede</Unicode>
                </TextEquiv>
            </TextLine>
            <TextLine id="r1l134" custom="readingOrder {index:133;}">
                <Coords points="248,3996 322,3988 376,4002 416,3990 481,4009 518,3994 548,3999 547,3955 495,3964 437,3953 400,3970 377,3949 289,3963 248,3952"/>
                <Baseline points="255,3990 280,3991 306,3992 332,3992 358,3992 384,3992 410,3992 436,3992 462,3991 488,3990 514,3989 540,3989"/>
                <TextEquiv>
                    <Unicode>ür das Singen</Unicode>
                </TextEquiv>
            </TextLine>
            <TextLine id="r1l135" custom="readingOrder {index:134;}">
                <Coords points="583,3996 1503,4005 1503,3954 583,3955"/>
                <Baseline points="590,3993 635,3993 680,3994 725,3994 771,3994 816,3994 861,3994 907,3994 952,3994 997,3994 1043,3994 1088,3994 1133,3994 1178,3994 1224,3994 1269,3994 1314,3994 1360,3994 1405,3994 1450,3994 1496,3994"/>
                <TextEquiv>
                    <Unicode>Flüchtigkeiten vorkommen, ist wohl mehr auf</Unicode>
                </TextEquiv>
            </TextLine>
            <TextLine id="r1l136" custom="readingOrder {index:135;}">
                <Coords points="195,4040 200,4040 203,4043 213,4040 219,4046 229,4041 238,4043 246,4008 238,4007 234,4004 229,4005 222,3997 218,3998 214,3993 206,3991"/>
                <Baseline points="204,4031 232,4037"/>
                <TextEquiv>
                    <Unicode>n,</Unicode>
                </TextEquiv>
            </TextLine>
            <TextLine id="r1l137" custom="readingOrder {index:136;}">
                <Coords points="254,4040 361,4040 398,4051 429,4039 450,4051 490,4041 555,4044 556,4007 519,4010 505,4000 480,4008 417,3992 357,4008 299,3993 255,4000"/>
                <Baseline points="261,4035 287,4035 313,4035 339,4035 365,4035 391,4035 417,4036 443,4036 469,4036 495,4036 521,4036 548,4036"/>
                <TextEquiv>
                    <Unicode>ist harthörig ge¬</Unicode>
                </TextEquiv>
            </TextLine>
            <TextLine id="r1l138" custom="readingOrder {index:137;}">
                <Coords points="585,4044 1504,4038 1464,4000 585,3999"/>
                <Baseline points="592,4037 637,4037 682,4037 727,4038 772,4038 818,4038 863,4038 908,4038 953,4038 998,4038 1044,4038 1089,4038 1134,4038 1179,4038 1224,4038 1270,4038 1315,4038 1360,4038 1405,4037 1450,4037 1496,4037"/>
                <TextEquiv>
                    <Unicode>Rechnung des Verlags zu setzen, der sie nicht ge¬</Unicode>
                </TextEquiv>
            </TextLine>
            <TextLine id="r1l139" custom="readingOrder {index:138;}">
                <Coords points="194,4084 556,4085 556,4047 544,4041 488,4052 430,4040 397,4051 342,4039 194,4044"/>
                <Baseline points="202,4075 228,4076 255,4076 282,4077 308,4077 335,4078 362,4078 388,4078 415,4078 442,4077 468,4078 495,4078 522,4078 549,4078"/>
                <TextEquiv>
                    <Unicode>ies Waldes und die</Unicode>
                </TextEquiv>
            </TextLine>
            <TextLine id="r1l140" custom="readingOrder {index:139;}">
                <Coords points="574,4097 1497,4089 1497,4045 574,4043"/>
                <Baseline points="581,4082 626,4082 671,4082 717,4082 762,4082 808,4082 853,4082 899,4082 944,4082 990,4082 1035,4081 1080,4081 1126,4081 1171,4081 1217,4081 1262,4081 1308,4081 1353,4081 1399,4081 1444,4081 1490,4082"/>
                <TextEquiv>
                    <Unicode>tilgt hat. Daß Cysarz Beistriche nicht liebt, mag</Unicode>
                </TextEquiv>
            </TextLine>
            <TextLine id="r1l141" custom="readingOrder {index:140;}">
                <Coords points="223,4127 438,4137 469,4118 491,4140 517,4124 545,4127 545,4091 530,4087 339,4082 308,4092 223,4083"/>
                <Baseline points="230,4121 255,4122 281,4122 307,4122 332,4122 358,4122 384,4122 409,4122 435,4122 461,4122 486,4121 512,4121 538,4121"/>
                <TextEquiv>
                    <Unicode>Denn auch der</Unicode>
                </TextEquiv>
            </TextLine>
            <TextLine id="r1l142" custom="readingOrder {index:141;}">
                <Coords points="576,4133 1491,4138 1501,4092 576,4096"/>
                <Baseline points="583,4124 628,4124 674,4124 719,4123 765,4123 810,4124 856,4124 901,4124 947,4124 992,4124 1038,4124 1084,4124 1129,4125 1175,4125 1220,4125 1266,4125 1311,4125 1357,4124 1402,4124 1448,4124 1494,4123"/>
                <TextEquiv>
                    <Unicode>eine moderne Note sein, die sich beizulegen, auch</Unicode>
                </TextEquiv>
            </TextLine>
            <TextLine id="r1l143" custom="readingOrder {index:142;}">
                <Coords points="199,4165 301,4165 303,4133 291,4132 275,4124 267,4128 265,4125 253,4126 234,4138 201,4125"/>
                <Baseline points="206,4161 235,4162 264,4163 294,4165"/>
                <TextEquiv>
                    <Unicode>kennt.</Unicode>
                </TextEquiv>
            </TextLine>
            <TextLine id="r1l144" custom="readingOrder {index:143;}">
                <Coords points="347,4161 356,4160 366,4166 394,4164 412,4176 422,4178 424,4136 404,4134 398,4138 387,4135 379,4139 366,4127 348,4130"/>
                <Baseline points="355,4164 385,4166 415,4166"/>
                <TextEquiv>
                    <Unicode></Unicode>
                </TextEquiv>
            </TextLine>
            <TextLine id="r1l145" custom="readingOrder {index:144;}">
                <Coords points="1203,4169 1364,4170 1372,4162 1386,4162 1385,4144 1340,4144 1313,4128 1301,4138 1272,4130 1264,4139 1224,4131 1200,4135"/>
                <Baseline points="1211,4173 1239,4171 1267,4169 1295,4165 1323,4163 1351,4161 1379,4161"/>
                <TextEquiv>
                    <Unicode>Iiien</Unicode>
                </TextEquiv>
            </TextLine>
            <TextLine id="r1l146" custom="readingOrder {index:145;}">
                <Coords points="723,4171 775,4162 823,4163 833,4171 874,4163 884,4171 971,4171 973,4131 936,4126 893,4139 859,4128 844,4142 780,4124 725,4131"/>
                <Baseline points="731,4170 756,4165 782,4161 808,4161 834,4162 860,4166 886,4169 912,4172 938,4174 964,4173"/>
                <TextEquiv>
                    <Unicode>oneren gefal</Unicode>
                </TextEquiv>
            </TextLine>
            <TextEquiv>
                <Unicode>box 18/3
11. Reigen
„Montagsblatt.“
itastrophe von Spezia.
ein Flammenmeer. — Zahlreiche Tote.
Zu der furchtbaren
Die Katastrophe von Spezia ist das größte
Hauptkriegshafen
Brandunglück, von dem je eine italienische Stadt
brik in die Luft ge¬
heimgesucht wurde. Durch die Explosion der
phtalager in Brand
Pulverfabrik gerieten ganze Häuserzeilen
in Brand, der durch den herrschenden Wind
noch begünstigt wurde. In kurzer Zeit war der
e Katastrophe
größte Teil der Stadt in ein Flammen¬
fang. Die Nach¬
meer verwandelt. Auch die im Hafen liegenden
gen, sind scheinbar
Schiffe fingen infolge der Explosion der gro¬
stark abgeschwücht;
ßen Naphtabehälter zu brennen an. Die Gewalt
en nicht eingezogen
der Explosion wurde viele Kilometer weit in
selephonleitun¬
den umliegenden Ortschaften einem Erd¬
und der #örigen
beben gleich verspürt, in weitem Umkreise
erbrochen sind.
konnte man noch bemerken, wie die große Fabrik
tiert, daß die Explo¬
egelrecht in die Luft gewirbelt wurde.
I von Todes¬

Kadddal
Die Behörden fördern zum Teil dieses Lärmchaos
estorben.
indem sie den Autos die tönenden Signale, die
den musikalischen Sinn zu sehr in Anspruch neh¬
mAbleben Adolf
nen, verboten und statt dessen die Schnarren be¬
Kreisen Teilnahme
billigt haben. Doch für die Nacht versprechen sie
ist ein Mann aus
dem Bürger die des Tags über fehlende Ruhe.
Profil sich on je¬
Die Polizei ist befugt, Unruhestifter zu bestrafen
schen in nehr als
und tut dies auch, wo sie gerade provoziert wird
Indu##eller vom
allerdings in den meisten Fällen scheint es ihr
mit jenem gesunden
bequemer zu sein, sich taub zu stellen. Geradezu
ihn dazu befähigte,
grotesk wirkt es aber, wenn ein sangesfreudiger
zu treffen und
Alkoholfreund mit einem Strafzettel, der zwei
hrsamkeit — die
Kronen kostet, bedacht wird, während gleichzeitig
nmenhänge klar zu
ein Sentinellwagen durch die Straßen rollt, don¬
nernd und tösend, daß man meinen möchte, es
wie bei Glaser
komme ein gewaltiges Erdbeben; dieser gröbliche
Energie und Tat¬
Unfug aber bleibt unbestraft. Es grenzt an büro¬
wverten. Er gründete
kratische Verrücktheit, diesen nicht mehr zu über¬
iner Cichorien= und
bietenden Lärmmaschinen in der Nacht oder zeit¬
seiner Leitung von
lich in der Früh freie Fahrt zu gestatten. Abge¬
iner der führenden
sehen von der schweren Erschütterung der alten
ndustriezweiges ge¬
Häuser, deren Lebensdauer stark verkürzt wird,
ber durchaus nicht
vird es dem schlafbedürftigen Bürger unmöglich
eis zur Gänze von
eine Nerven auszuruhen. Dazu kommt, daß Prag
Sein warmes
d.
noch fast überall elendes und elendestes Pflaster
auch in den Dienst
hat, das durch Aufreißen von Jahr zu Jahr
Man fand ihn
holpriger wird. Der Sommer ist heuer bereits
indessen nur an
n
ehr fortgeschritten, ohne daß Anstalten gemacht
Arbeit zu leisten
wurden, irgendwo das Steinpflaster durch eine
war. Er war der
dem Lärm wirksam entgegenwirkende Asphalt¬
ählte Präsident der
pflasterung zu ersetzen. Was ist mit dem so ver¬
n Kultusge¬
heißungsvoll ausposannten Asphaltierungspro¬
seinem konzilian¬
gramm, und wie lange noch soll Prag durch die
i, daß diese Jahr
zollgummikraftwagen zur harbarischesten Gerne¬
en neuen Verbält¬
ößstadt des Ostens gemacht werden?
manche Schwierig¬
Der kommende Germanist der Prager dent¬
chen Universität Dr. Herbert Cysarz hat im
wurde Adolf Gla¬
Verlag A. Francke A.=G. in Bern einen Vor¬
dend — durch den
trag erscheinen lassen, den er vor der Freistuden¬
betroffen. An seiner
tenschaft in Bern gehalten hat. Cysarz beschäftigt
Hinterbliebenen

ich mit der Gestalt Schillers und zieht zwischen
der
Not gebracht
hr und der Nietzsches Parallelen, dabei in Ara¬
ind
und warmfüh¬
besken eine Unmenge von Gestalten der Literatur¬
geschichte aufleuchten lassend. Schon rein stilistisch
ist es dankbar, diesen neuen Germanisten näher zu
daß die Nervo¬
nt,
besehen. Sein Ruf ist ausgezeichnet, dafür sprechen
Teil in dem nie
bereits seine Gegner, die ihn heftig befehden
er
Stadt begründet
veil sie ihn völlig ernst nehmen. Daß in der Rede
ür das Singen
Flüchtigkeiten vorkommen, ist wohl mehr auf
n,
ist harthörig ge¬
Rechnung des Verlags zu setzen, der sie nicht ge¬
ies Waldes und die
tilgt hat. Daß Cysarz Beistriche nicht liebt, mag
Denn auch der
eine moderne Note sein, die sich beizulegen, auch
kennt.

Iiien
oneren gefal</Unicode>
            </TextEquiv>
        </TextRegion>
        <TextRegion orientation="0.0" id="r2" custom="readingOrder {index:1;}">
            <Coords points="1533,742 1533,4182 2487,4182 2487,742"/>
            <TextLine id="r2l1" custom="readingOrder {index:0;}">
                <Coords points="2293,775 2306,778 2328,768 2341,774 2388,771 2394,777 2415,775 2423,767 2449,767 2449,731 2436,733 2399,717 2372,729 2318,712 2293,719"/>
                <Baseline points="2300,763 2328,764 2356,764 2385,764 2413,763 2442,764"/>
                <TextEquiv>
                    <Unicode>Nr. 32.</Unicode>
                </TextEquiv>
            </TextLine>
            <TextLine id="r2l2" custom="readingOrder {index:1;}">
                <Coords points="1627,894 1730,911 1824,888 1930,916 2040,882 2398,912 2420,905 2421,841 2367,819 1627,823"/>
                <Baseline points="1634,883 1675,883 1716,883 1757,882 1798,883 1839,883 1880,883 1921,883 1962,884 2003,884 2044,885 2085,885 2126,886 2167,886 2208,887 2249,887 2290,887 2331,887 2372,887 2413,886"/>
                <TextEquiv>
                    <Unicode>Schnitzler und Seff Watzlik.</Unicode>
                </TextEquiv>
            </TextLine>
            <TextLine id="r2l3" custom="readingOrder {index:2;}">
                <Coords points="1552,949 2494,960 2494,922 2412,904 2100,929 1824,888 1552,909"/>
                <Baseline points="1559,949 1605,948 1651,947 1698,947 1744,946 1791,946 1837,947 1883,947 1930,947 1976,948 2023,948 2069,949 2115,949 2162,950 2208,951 2255,951 2301,952 2347,952 2394,952 2440,953 2487,953"/>
                <TextEquiv>
                    <Unicode>Zur teutschvölkischen Razsia gegen die Teplitzer</Unicode>
                </TextEquiv>
            </TextLine>
            <TextLine id="r2l4" custom="readingOrder {index:3;}">
                <Coords points="1730,999 1847,1013 1884,994 2013,1010 2229,1000 2229,971 2198,956 1731,953"/>
                <Baseline points="1738,989 1763,989 1788,990 1814,990 1839,990 1865,990 1890,990 1916,991 1941,991 1967,991 1992,991 2018,991 2043,991 2069,991 2094,991 2120,992 2145,992 2171,993 2196,993 2222,994"/>
                <TextEquiv>
                    <Unicode>Aufführung des Reigens.</Unicode>
                </TextEquiv>
            </TextLine>
            <TextLine id="r2l5" custom="readingOrder {index:4;}">
                <Coords points="1552,1056 1808,1072 1992,1049 2283,1074 2284,1005 1552,1014"/>
                <Baseline points="1559,1051 1594,1052 1630,1052 1666,1053 1702,1053 1738,1053 1774,1053 1809,1054 1845,1054 1881,1054 1917,1054 1953,1054 1989,1054 2025,1054 2060,1054 2096,1054 2132,1054 2168,1055 2204,1056 2240,1056 2276,1057"/>
                <TextEquiv>
                    <Unicode>Der Tag verzittert im Zypressenhain,</Unicode>
                </TextEquiv>
            </TextLine>
            <TextLine id="r2l6" custom="readingOrder {index:5;}">
                <Coords points="1559,1109 1877,1101 1913,1118 1982,1101 2191,1123 2177,1059 1559,1055"/>
                <Baseline points="1566,1095 1596,1096 1627,1097 1658,1098 1689,1098 1720,1098 1751,1098 1782,1098 1813,1098 1844,1097 1875,1097 1905,1097 1936,1097 1967,1096 1998,1096 2029,1097 2060,1097 2091,1098 2122,1099 2153,1100 2184,1101"/>
                <TextEquiv>
                    <Unicode>Du stehst an deines Kindes Grab</Unicode>
                </TextEquiv>
            </TextLine>
            <TextLine id="r2l7" custom="readingOrder {index:6;}">
                <Coords points="2273,1107 2303,1109 2312,1116 2327,1115 2345,1124 2362,1109 2375,1116 2398,1116 2399,1057 2379,1048 2350,1054 2343,1050 2320,1062 2299,1058 2283,1069 2273,1069"/>
                <Baseline points="2280,1101 2307,1100 2335,1100 2362,1101 2390,1103"/>
                <TextEquiv>
                    <Unicode>allein.</Unicode>
                </TextEquiv>
            </TextLine>
            <TextLine id="r2l8" custom="readingOrder {index:7;}">
                <Coords points="1562,1183 1904,1203 2047,1178 2307,1205 2331,1196 2332,1127 1562,1144"/>
                <Baseline points="1568,1179 1605,1181 1643,1182 1681,1183 1719,1184 1757,1185 1794,1185 1832,1185 1870,1185 1908,1185 1946,1185 1983,1185 2021,1185 2059,1185 2097,1186 2135,1186 2172,1186 2210,1187 2248,1188 2286,1189 2324,1190"/>
                <TextEquiv>
                    <Unicode>Fernwo vergeigt die Welt die letzte Terz,</Unicode>
                </TextEquiv>
            </TextLine>
            <TextLine id="r2l9" custom="readingOrder {index:8;}">
                <Coords points="1558,1258 2486,1244 2486,1200 2378,1181 2306,1206 1559,1184"/>
                <Baseline points="1565,1226 1610,1227 1656,1227 1702,1228 1747,1228 1793,1228 1839,1228 1884,1229 1930,1229 1976,1229 2022,1229 2067,1229 2113,1229 2159,1229 2204,1230 2250,1231 2296,1231 2341,1232 2387,1234 2433,1236 2479,1238"/>
                <TextEquiv>
                    <Unicode>Du horchst in dich und hörst nur deinen Schmerz.</Unicode>
                </TextEquiv>
            </TextLine>
            <TextLine id="r2l10" custom="readingOrder {index:9;}">
                <Coords points="1561,1318 2344,1327 2344,1280 2206,1285 2129,1257 1770,1288 1561,1266"/>
                <Baseline points="1568,1311 1606,1313 1644,1313 1683,1314 1721,1315 1760,1315 1798,1316 1836,1316 1875,1316 1913,1316 1952,1316 1990,1316 2028,1316 2067,1316 2105,1316 2144,1316 2182,1316 2220,1316 2259,1317 2297,1317 2336,1318"/>
                <TextEquiv>
                    <Unicode>Dich nicht zu stören, hält der große Pan,</Unicode>
                </TextEquiv>
            </TextLine>
            <TextLine id="r2l11" custom="readingOrder {index:10;}">
                <Coords points="1565,1380 2375,1374 2375,1333 2231,1318 1565,1319"/>
                <Baseline points="1571,1356 1610,1357 1650,1358 1690,1359 1730,1359 1770,1360 1810,1360 1849,1360 1889,1360 1929,1360 1969,1360 2009,1360 2049,1359 2089,1359 2128,1359 2168,1359 2208,1360 2248,1360 2288,1361 2328,1361 2368,1362"/>
                <TextEquiv>
                    <Unicode>Der Herr des Lebens, selbst den Atem an.</Unicode>
                </TextEquiv>
            </TextLine>
            <TextLine id="r2l12" custom="readingOrder {index:11;}">
                <Coords points="1553,1448 2320,1455 2320,1400 2026,1419 1921,1396 1834,1419 1792,1392 1679,1420 1628,1388 1553,1393"/>
                <Baseline points="1560,1444 1597,1444 1635,1445 1672,1445 1710,1445 1748,1445 1785,1445 1823,1445 1860,1446 1898,1446 1936,1446 1973,1446 2011,1446 2048,1446 2086,1446 2124,1446 2161,1446 2199,1446 2236,1446 2274,1446 2312,1446"/>
                <TextEquiv>
                    <Unicode>Da kommt herangesprungen mit Gekläff</Unicode>
                </TextEquiv>
            </TextLine>
            <TextLine id="r2l13" custom="readingOrder {index:12;}">
                <Coords points="1563,1517 1829,1486 1886,1512 2157,1489 2361,1514 2414,1509 2414,1447 1563,1449"/>
                <Baseline points="1571,1487 1612,1488 1654,1489 1696,1489 1738,1490 1780,1490 1821,1490 1863,1490 1905,1489 1947,1489 1989,1489 2030,1489 2072,1489 2114,1489 2156,1489 2198,1489 2239,1490 2281,1490 2323,1491 2365,1492 2407,1494"/>
                <TextEquiv>
                    <Unicode>Ein Hündchen mit dem biedern Namen Seff.</Unicode>
                </TextEquiv>
            </TextLine>
            <TextLine id="r2l14" custom="readingOrder {index:13;}">
                <Coords points="1552,1602 1872,1612 2292,1572 2424,1602 2489,1591 2490,1542 1552,1533"/>
                <Baseline points="1560,1572 1606,1573 1652,1575 1698,1577 1744,1577 1790,1578 1836,1579 1882,1579 1928,1579 1974,1579 2021,1579 2067,1579 2113,1579 2159,1578 2205,1578 2251,1578 2297,1578 2343,1577 2389,1577 2435,1577 2482,1578"/>
                <TextEquiv>
                    <Unicode>Es bellt nach dir „Hepp, Hepp“! Und hebt das</Unicode>
                </TextEquiv>
            </TextLine>
            <TextLine id="r2l15" custom="readingOrder {index:14;}">
                <Coords points="2268,1627 2283,1626 2294,1634 2319,1628 2322,1631 2329,1625 2337,1627 2339,1591 2330,1591 2326,1595 2311,1579 2304,1583 2292,1581 2282,1585 2279,1582 2269,1582"/>
                <Baseline points="2275,1620 2303,1620 2331,1622"/>
                <TextEquiv>
                    <Unicode>ein</Unicode>
                </TextEquiv>
            </TextLine>
            <TextLine id="r2l16" custom="readingOrder {index:15;}">
                <Coords points="1553,1684 1783,1657 1864,1686 2009,1657 2269,1691 2488,1667 2424,1603 2317,1635 2133,1604 1958,1635 1899,1598 1649,1636 1554,1607"/>
                <Baseline points="1560,1661 1606,1661 1652,1661 1698,1661 1744,1661 1790,1662 1836,1662 1882,1662 1928,1663 1974,1663 2020,1663 2066,1664 2112,1664 2158,1665 2204,1665 2250,1665 2296,1666 2342,1666 2388,1666 2434,1666 2481,1666"/>
                <TextEquiv>
                    <Unicode>Dann trabt es wieder quietschvergnügt feldein.</Unicode>
                </TextEquiv>
            </TextLine>
            <TextLine id="r2l17" custom="readingOrder {index:16;}">
                <Coords points="1544,1754 2474,1774 2458,1694 1877,1721 1544,1697"/>
                <Baseline points="1551,1748 1596,1748 1642,1748 1688,1749 1734,1749 1779,1749 1825,1749 1871,1750 1917,1750 1962,1750 2008,1750 2054,1751 2100,1751 2145,1751 2191,1751 2237,1752 2283,1752 2328,1753 2374,1753 2420,1754 2466,1754"/>
                <TextEquiv>
                    <Unicode>En.pört erwacht die Nacht. Der Hain erbraust,</Unicode>
                </TextEquiv>
            </TextLine>
            <TextLine id="r2l18" custom="readingOrder {index:17;}">
                <Coords points="1552,1811 2335,1802 2335,1757 2305,1754 1552,1754"/>
                <Baseline points="1559,1791 1597,1792 1635,1793 1674,1794 1712,1794 1751,1794 1789,1794 1828,1794 1866,1794 1905,1794 1943,1794 1981,1794 2020,1794 2058,1794 2097,1793 2135,1794 2174,1794 2212,1794 2251,1795 2289,1796 2328,1797"/>
                <TextEquiv>
                    <Unicode>Der große Pan hebt zürnend seine Faust.</Unicode>
                </TextEquiv>
            </TextLine>
            <TextLine id="r2l19" custom="readingOrder {index:18;}">
                <Coords points="1558,1884 2322,1899 2347,1895 2348,1851 2227,1829 2146,1850 1558,1840"/>
                <Baseline points="1565,1878 1603,1878 1642,1879 1681,1879 1720,1880 1758,1880 1797,1880 1836,1880 1875,1880 1913,1880 1952,1880 1991,1880 2030,1880 2068,1880 2107,1881 2146,1881 2185,1881 2223,1882 2262,1882 2301,1883 2340,1884"/>
                <TextEquiv>
                    <Unicode>Du aber bleibst versenki im innern Hören,</Unicode>
                </TextEquiv>
            </TextLine>
            <TextLine id="r2l20" custom="readingOrder {index:19;}">
                <Coords points="1552,1934 2479,1954 2479,1884 2401,1868 2214,1899 1552,1881"/>
                <Baseline points="1559,1920 1604,1922 1650,1923 1695,1924 1741,1925 1787,1925 1832,1925 1878,1925 1924,1925 1969,1925 2015,1924 2061,1924 2106,1924 2152,1924 2198,1924 2243,1924 2289,1925 2335,1925 2380,1927 2426,1929 2472,1930"/>
                <TextEquiv>
                    <Unicode>Ein Hündchen kann besudeln dich,</Unicode>
                </TextEquiv>
            </TextLine>
            <TextLine id="r2l21" custom="readingOrder {index:20;}">
                <Coords points="2126,1981 2185,1970 2206,1984 2247,1970 2301,1986 2327,1968 2372,1992 2408,1974 2434,1982 2435,1944 2411,1932 2349,1941 2284,1929 2261,1940 2215,1929 2127,1940"/>
                <Baseline points="2133,1969 2159,1968 2186,1968 2213,1968 2239,1968 2266,1968 2293,1968 2320,1969 2346,1969 2373,1969 2400,1969 2427,1969"/>
                <TextEquiv>
                    <Unicode>nicht stören.</Unicode>
                </TextEquiv>
            </TextLine>
            <TextLine id="r2l22" custom="readingOrder {index:21;}">
                <Coords points="2313,2028 2337,2033 2344,2026 2367,2026 2378,2036 2400,2033 2415,2043 2438,2042 2439,1985 2409,1975 2372,1992 2349,1980 2338,1986 2314,1978"/>
                <Baseline points="2320,2021 2347,2021 2375,2020 2403,2020 2431,2024"/>
                <TextEquiv>
                    <Unicode>Giury.</Unicode>
                </TextEquiv>
            </TextLine>
            <TextLine id="r2l23" custom="readingOrder {index:22;}">
                <Coords points="1547,2090 2487,2099 2487,2037 2457,2033 2217,2047 2139,2011 2058,2045 1900,2010 1736,2041 1547,2009"/>
                <Baseline points="1553,2075 1599,2075 1645,2075 1691,2075 1738,2075 1784,2075 1830,2075 1877,2075 1923,2075 1969,2075 2016,2075 2062,2075 2108,2076 2154,2076 2201,2076 2247,2077 2293,2077 2340,2077 2386,2077 2432,2078 2479,2078"/>
                <TextEquiv>
                    <Unicode>Kaaaaaaaaatel</Unicode>
                </TextEquiv>
            </TextLine>
            <TextLine id="r2l24" custom="readingOrder {index:23;}">
                <Coords points="1556,2151 2477,2143 2477,2098 2441,2095 1557,2097"/>
                <Baseline points="1563,2140 1608,2140 1653,2140 1698,2140 1744,2141 1789,2141 1834,2141 1880,2141 1925,2141 1970,2142 2016,2142 2061,2142 2106,2142 2151,2142 2197,2142 2242,2142 2287,2142 2333,2142 2378,2142 2423,2142 2469,2142"/>
                <TextEquiv>
                    <Unicode>Zeit in Zeitloses umschafft, als vielmehr ein Herr¬</Unicode>
                </TextEquiv>
            </TextLine>
            <TextLine id="r2l25" custom="readingOrder {index:24;}">
                <Coords points="1564,2187 2484,2197 2471,2147 1564,2150"/>
                <Baseline points="1571,2183 1616,2183 1661,2183 1706,2183 1752,2184 1797,2184 1842,2184 1888,2184 1933,2185 1978,2185 2024,2185 2069,2185 2114,2186 2159,2186 2205,2186 2250,2186 2295,2187 2341,2187 2386,2187 2431,2188 2477,2188"/>
                <TextEquiv>
                    <Unicode>chertum, das vorerst eins und fällig ist mit</Unicode>
                </TextEquiv>
            </TextLine>
            <TextLine id="r2l26" custom="readingOrder {index:25;}">
                <Coords points="1560,2231 2482,2237 2482,2197 2407,2188 1560,2191"/>
                <Baseline points="1567,2226 1612,2226 1657,2226 1703,2227 1748,2227 1794,2227 1839,2227 1884,2227 1930,2227 1975,2227 2021,2227 2066,2227 2111,2227 2157,2227 2202,2228 2248,2228 2293,2229 2338,2229 2384,2230 2429,2231 2475,2232"/>
                <TextEquiv>
                    <Unicode>einem 18. Jahrhundert — und das dann seinen</Unicode>
                </TextEquiv>
            </TextLine>
            <TextLine id="r2l27" custom="readingOrder {index:26;}">
                <Coords points="1554,2271 2472,2280 2472,2236 1555,2234"/>
                <Baseline points="1561,2269 1606,2270 1651,2270 1696,2271 1741,2271 1787,2271 1832,2271 1877,2272 1922,2272 1967,2272 2013,2272 2058,2272 2103,2272 2148,2272 2193,2272 2239,2272 2284,2272 2329,2273 2374,2273 2419,2274 2465,2275"/>
                <TextEquiv>
                    <Unicode>Anstoß nicht als fortdauerder Inhalt</Unicode>
                </TextEquiv>
            </TextLine>
            <TextLine id="r2l28" custom="readingOrder {index:27;}">
                <Coords points="1551,2328 2486,2323 2476,2276 1552,2274"/>
                <Baseline points="1559,2313 1607,2313 1655,2313 1704,2314 1752,2314 1800,2314 1849,2315 1897,2315 1945,2315 1994,2315 2042,2315 2091,2316 2139,2316 2187,2316 2236,2316 2284,2317 2332,2317 2381,2318 2429,2318 2478,2319"/>
                <TextEquiv>
                    <Unicode>übt, sondern als fortzeugende Spannung, wie sie</Unicode>
                </TextEquiv>
            </TextLine>
            <TextLine id="r2l29" custom="readingOrder {index:28;}">
                <Coords points="1552,2359 2464,2366 2464,2325 1552,2327"/>
                <Baseline points="1559,2356 1603,2356 1648,2356 1693,2357 1738,2357 1783,2357 1828,2357 1872,2357 1917,2357 1962,2358 2007,2358 2052,2358 2097,2358 2142,2358 2186,2359 2231,2359 2276,2359 2321,2360 2366,2360 2411,2361 2456,2362"/>
                <TextEquiv>
                    <Unicode>ewig nur erworben, nie besessen werden kann.“</Unicode>
                </TextEquiv>
            </TextLine>
            <TextLine id="r2l30" custom="readingOrder {index:29;}">
                <Coords points="1544,2404 2482,2411 2453,2364 1770,2385 1545,2358"/>
                <Baseline points="1552,2398 1598,2399 1644,2399 1690,2399 1736,2400 1782,2400 1828,2400 1874,2401 1920,2401 1966,2401 2013,2401 2059,2402 2105,2402 2151,2402 2197,2402 2243,2403 2289,2403 2335,2403 2381,2404 2427,2404 2474,2404"/>
                <TextEquiv>
                    <Unicode>Man denke einmal nach über den Inhalt dieser</Unicode>
                </TextEquiv>
            </TextLine>
            <TextLine id="r2l31" custom="readingOrder {index:30;}">
                <Coords points="1541,2450 2295,2440 2475,2465 2475,2418 2414,2408 1930,2405 1896,2429 1541,2406"/>
                <Baseline points="1548,2442 1594,2442 1640,2443 1686,2443 1732,2443 1778,2443 1824,2443 1870,2443 1916,2443 1962,2443 2008,2443 2054,2443 2100,2443 2146,2444 2192,2444 2238,2444 2284,2444 2330,2445 2376,2446 2422,2447 2468,2447"/>
                <TextEquiv>
                    <Unicode>könenden Worte.— Wir übergehen im weiteren:</Unicode>
                </TextEquiv>
            </TextLine>
            <TextLine id="r2l32" custom="readingOrder {index:31;}">
                <Coords points="1544,2492 2478,2508 2478,2466 2295,2442 1544,2450"/>
                <Baseline points="1551,2486 1597,2487 1643,2488 1689,2488 1735,2488 1781,2489 1827,2489 1873,2488 1919,2488 1965,2488 2011,2488 2057,2488 2103,2488 2149,2488 2195,2488 2241,2488 2287,2489 2333,2489 2379,2490 2425,2491 2471,2492"/>
                <TextEquiv>
                    <Unicode>„Ganz fern bleibt füglich Schiller“, übergehen,</Unicode>
                </TextEquiv>
            </TextLine>
            <TextLine id="r2l33" custom="readingOrder {index:32;}">
                <Coords points="1544,2536 2474,2550 2474,2509 2421,2496 1544,2492"/>
                <Baseline points="1551,2528 1596,2529 1642,2529 1688,2529 1734,2530 1780,2530 1825,2530 1871,2530 1917,2530 1963,2531 2009,2531 2054,2531 2100,2531 2146,2531 2192,2532 2238,2532 2283,2532 2329,2533 2375,2533 2421,2534 2467,2534"/>
                <TextEquiv>
                    <Unicode>daß einmal eine abschließende Antithese („Europa</Unicode>
                </TextEquiv>
            </TextLine>
            <TextLine id="r2l34" custom="readingOrder {index:33;}">
                <Coords points="1541,2586 2480,2599 2480,2549 2449,2540 1541,2537"/>
                <Baseline points="1549,2570 1595,2571 1641,2571 1687,2572 1733,2573 1780,2573 1826,2574 1872,2574 1918,2575 1964,2575 2011,2576 2057,2576 2103,2576 2149,2576 2195,2577 2242,2577 2288,2577 2334,2577 2380,2577 2426,2578 2473,2578"/>
                <TextEquiv>
                    <Unicode>oder Asien) den vorangegangenen Ausführungen</Unicode>
                </TextEquiv>
            </TextLine>
            <TextLine id="r2l35" custom="readingOrder {index:34;}">
                <Coords points="1546,2624 2468,2635 2438,2585 1547,2576"/>
                <Baseline points="1553,2617 1598,2617 1643,2617 1689,2617 1734,2617 1780,2618 1825,2618 1870,2618 1916,2618 1961,2618 2007,2619 2052,2619 2097,2619 2143,2619 2188,2620 2234,2620 2279,2620 2324,2620 2370,2620 2415,2619 2461,2619"/>
                <TextEquiv>
                    <Unicode>ganz sinnlos widerspricht, übergehen, daß Seiten¬</Unicode>
                </TextEquiv>
            </TextLine>
            <TextLine id="r2l36" custom="readingOrder {index:35;}">
                <Coords points="1544,2665 2473,2679 2473,2639 2397,2625 1545,2625"/>
                <Baseline points="1551,2658 1596,2658 1642,2658 1688,2658 1734,2658 1779,2658 1825,2659 1871,2659 1917,2659 1962,2660 2008,2660 2054,2661 2100,2661 2145,2662 2191,2662 2237,2663 2283,2663 2328,2664 2374,2664 2420,2665 2466,2665"/>
                <TextEquiv>
                    <Unicode>bild mit Gegenbild verwechselt wird, übergehen,</Unicode>
                </TextEquiv>
            </TextLine>
            <TextLine id="r2l37" custom="readingOrder {index:36;}">
                <Coords points="1540,2703 2483,2725 2483,2680 2419,2668 1540,2663"/>
                <Baseline points="1547,2702 1593,2703 1639,2703 1686,2704 1732,2704 1779,2704 1825,2705 1872,2705 1918,2705 1965,2705 2011,2705 2057,2705 2104,2705 2150,2705 2197,2706 2243,2706 2290,2705 2336,2705 2383,2705 2429,2705 2476,2705"/>
                <TextEquiv>
                    <Unicode>daß sich hinter dem „realistisch=psychologistisch=indi¬</Unicode>
                </TextEquiv>
            </TextLine>
            <TextLine id="r2l38" custom="readingOrder {index:37;}">
                <Coords points="1544,2752 2476,2759 2476,2721 2442,2715 1545,2709"/>
                <Baseline points="1552,2742 1597,2744 1643,2745 1689,2746 1735,2747 1781,2747 1827,2748 1872,2748 1918,2748 1964,2748 2010,2748 2056,2748 2102,2748 2148,2749 2193,2749 2239,2749 2285,2749 2331,2749 2377,2750 2423,2751 2469,2751"/>
                <TextEquiv>
                    <Unicode>vidualistischen Aspekt“ ganz simple Gedanken ver¬</Unicode>
                </TextEquiv>
            </TextLine>
            <TextLine id="r2l39" custom="readingOrder {index:38;}">
                <Coords points="1545,2793 2465,2810 2466,2755 1546,2752"/>
                <Baseline points="1553,2786 1598,2788 1643,2789 1688,2790 1734,2790 1779,2791 1824,2791 1869,2791 1915,2792 1960,2792 2005,2792 2050,2792 2096,2792 2141,2792 2186,2793 2231,2793 2277,2793 2322,2794 2367,2795 2412,2796 2458,2797"/>
                <TextEquiv>
                    <Unicode>bergen, übergehen, daß eine Evolution gärt,</Unicode>
                </TextEquiv>
            </TextLine>
            <TextLine id="r2l40" custom="readingOrder {index:39;}">
                <Coords points="1544,2839 2420,2855 2464,2851 2465,2808 1545,2792"/>
                <Baseline points="1551,2828 1596,2830 1641,2831 1687,2832 1732,2833 1777,2834 1823,2834 1868,2834 1913,2835 1959,2835 2004,2835 2049,2835 2095,2835 2140,2835 2185,2835 2231,2835 2276,2835 2321,2836 2367,2836 2412,2837 2458,2838"/>
                <TextEquiv>
                    <Unicode>übergehen schließlich, daß keinem Leser klar wird,</Unicode>
                </TextEquiv>
            </TextLine>
            <TextLine id="r2l41" custom="readingOrder {index:40;}">
                <Coords points="1536,2877 2472,2882 2472,2854 2270,2837 1536,2839"/>
                <Baseline points="1543,2874 1589,2875 1635,2875 1681,2876 1727,2876 1773,2876 1819,2877 1865,2877 1911,2877 1957,2877 2004,2877 2050,2878 2096,2878 2142,2878 2188,2878 2234,2878 2280,2879 2326,2879 2372,2879 2418,2880 2465,2881"/>
                <TextEquiv>
                    <Unicode>was unter „Willens= und Wesens=Stil“ zu ver¬</Unicode>
                </TextEquiv>
            </TextLine>
            <TextLine id="r2l42" custom="readingOrder {index:41;}">
                <Coords points="1552,2929 2464,2931 2464,2885 1552,2884"/>
                <Baseline points="1559,2916 1603,2917 1648,2918 1693,2919 1738,2920 1783,2920 1828,2921 1873,2921 1918,2921 1963,2921 2008,2921 2052,2921 2097,2921 2142,2921 2187,2921 2232,2922 2277,2922 2322,2922 2367,2923 2412,2924 2457,2925"/>
                <TextEquiv>
                    <Unicode>tehen ist, wenn er nicht bei Simmel und</Unicode>
                </TextEquiv>
            </TextLine>
            <TextLine id="r2l43" custom="readingOrder {index:42;}">
                <Coords points="1539,2964 2365,2974 2365,2937 2185,2919 1539,2931"/>
                <Baseline points="1546,2961 1586,2961 1627,2962 1667,2962 1708,2963 1749,2963 1789,2963 1830,2963 1870,2964 1911,2964 1952,2964 1992,2964 2033,2964 2073,2964 2114,2965 2155,2965 2195,2966 2236,2966 2276,2967 2317,2967 2358,2969"/>
                <TextEquiv>
                    <Unicode>anderen Literaturwissenschaftlern bereits</Unicode>
                </TextEquiv>
            </TextLine>
            <TextLine id="r2l44" custom="readingOrder {index:43;}">
                <Coords points="2369,2963 2392,2962 2408,2967 2419,2977 2433,2971 2453,2980 2465,2978 2463,2933 2421,2928 2399,2949 2378,2941 2369,2943"/>
                <Baseline points="2377,2969 2403,2968 2430,2967 2457,2967"/>
                <TextEquiv>
                    <Unicode>die</Unicode>
                </TextEquiv>
            </TextLine>
            <TextLine id="r2l45" custom="readingOrder {index:44;}">
                <Coords points="1563,3008 2466,3017 2466,2981 2395,2965 2131,2991 1563,2965"/>
                <Baseline points="1570,3001 1614,3002 1658,3002 1703,3003 1747,3003 1792,3004 1836,3004 1881,3005 1925,3005 1970,3006 2014,3006 2058,3006 2103,3007 2147,3007 2192,3007 2236,3008 2281,3008 2325,3008 2370,3008 2414,3008 2459,3008"/>
                <TextEquiv>
                    <Unicode>Grundlagen kennen gelernt hat. Aber auch nach so</Unicode>
                </TextEquiv>
            </TextLine>
            <TextLine id="r2l46" custom="readingOrder {index:45;}">
                <Coords points="1548,3053 2466,3061 2466,3017 2388,3010 1549,3009"/>
                <Baseline points="1556,3043 1601,3044 1646,3045 1691,3046 1736,3047 1781,3047 1826,3048 1872,3048 1917,3049 1962,3049 2007,3049 2052,3049 2097,3050 2142,3050 2188,3050 2233,3050 2278,3050 2323,3051 2368,3051 2413,3052 2459,3052"/>
                <TextEquiv>
                    <Unicode>viel schonungsvollem Übergehen kennt sich selbst ein</Unicode>
                </TextEquiv>
            </TextLine>
            <TextLine id="r2l47" custom="readingOrder {index:46;}">
                <Coords points="1554,3099 2426,3111 2461,3107 2462,3057 1554,3049"/>
                <Baseline points="1561,3086 1605,3087 1650,3088 1694,3089 1739,3090 1784,3091 1828,3091 1873,3091 1918,3091 1962,3092 2007,3092 2052,3092 2096,3092 2141,3092 2186,3092 2230,3092 2275,3092 2320,3093 2364,3093 2409,3094 2454,3095"/>
                <TextEquiv>
                    <Unicode>in derartig flunkernde Geheimsprache Eingeweihter</Unicode>
                </TextEquiv>
            </TextLine>
            <TextLine id="r2l48" custom="readingOrder {index:47;}">
                <Coords points="1545,3136 2465,3146 2456,3102 1545,3097"/>
                <Baseline points="1551,3130 1596,3131 1641,3132 1686,3132 1732,3133 1777,3134 1822,3134 1868,3135 1913,3135 1958,3136 2004,3136 2049,3136 2094,3136 2139,3137 2185,3137 2230,3137 2275,3137 2321,3138 2366,3138 2411,3138 2457,3138"/>
                <TextEquiv>
                    <Unicode>noch lange nicht aus. Wenn er aber noch den</Unicode>
                </TextEquiv>
            </TextLine>
            <TextLine id="r2l49" custom="readingOrder {index:48;}">
                <Coords points="1546,3180 2376,3201 2461,3189 2462,3146 1546,3148"/>
                <Baseline points="1553,3175 1598,3175 1643,3176 1688,3176 1733,3177 1778,3177 1823,3178 1868,3178 1913,3179 1958,3180 2004,3180 2049,3181 2094,3181 2139,3182 2184,3182 2229,3182 2274,3182 2319,3183 2364,3183 2409,3182 2455,3182"/>
                <TextEquiv>
                    <Unicode>barocken Ballast von Beschwörungen aller Geister</Unicode>
                </TextEquiv>
            </TextLine>
            <TextLine id="r2l50" custom="readingOrder {index:49;}">
                <Coords points="1542,3228 2454,3241 2455,3190 1542,3183"/>
                <Baseline points="1549,3218 1596,3219 1643,3220 1690,3221 1738,3221 1785,3222 1832,3223 1880,3223 1927,3224 1974,3224 2022,3225 2069,3225 2116,3225 2164,3226 2211,3226 2258,3227 2306,3227 2353,3228 2400,3229 2448,3229"/>
                <TextEquiv>
                    <Unicode>von Theokrit und Plutarch bis Kreneks „Jonny“</Unicode>
                </TextEquiv>
            </TextLine>
            <TextLine id="r2l51" custom="readingOrder {index:50;}">
                <Coords points="1538,3268 2463,3284 2463,3234 1539,3231"/>
                <Baseline points="1545,3262 1590,3263 1636,3264 1681,3265 1727,3265 1772,3266 1818,3266 1863,3266 1909,3267 1954,3267 2000,3267 2045,3267 2091,3268 2136,3268 2182,3268 2227,3268 2273,3269 2318,3269 2364,3270 2409,3270 2455,3271"/>
                <TextEquiv>
                    <Unicode>und dem „Leibvergottungs=Gottverleibungs=Evan¬</Unicode>
                </TextEquiv>
            </TextLine>
            <TextLine id="r2l52" custom="readingOrder {index:51;}">
                <Coords points="1547,3314 2469,3317 2445,3277 1547,3273"/>
                <Baseline points="1554,3304 1599,3306 1644,3306 1690,3307 1735,3307 1780,3308 1826,3309 1871,3309 1916,3309 1962,3310 2007,3310 2052,3311 2098,3311 2143,3311 2188,3312 2234,3312 2279,3313 2324,3314 2370,3314 2415,3315 2461,3316"/>
                <TextEquiv>
                    <Unicode>zelium“ Georges über Bord wirft, dann steigt er</Unicode>
                </TextEquiv>
            </TextLine>
            <TextLine id="r2l53" custom="readingOrder {index:52;}">
                <Coords points="1552,3355 2473,3359 2473,3315 1553,3310"/>
                <Baseline points="1560,3346 1605,3347 1650,3348 1695,3349 1741,3349 1786,3350 1831,3351 1877,3351 1922,3352 1967,3352 2013,3352 2058,3353 2103,3353 2148,3353 2194,3353 2239,3354 2284,3354 2330,3354 2375,3354 2420,3355 2466,3355"/>
                <TextEquiv>
                    <Unicode>lötzlich in blaue Lüfte auf, wo sich der Blick im</Unicode>
                </TextEquiv>
            </TextLine>
            <TextLine id="r2l54" custom="readingOrder {index:53;}">
                <Coords points="1543,3404 2395,3409 2474,3397 2475,3357 1543,3361"/>
                <Baseline points="1550,3386 1595,3389 1641,3390 1687,3391 1733,3392 1779,3393 1825,3394 1870,3394 1916,3394 1962,3394 2008,3394 2054,3395 2100,3395 2146,3395 2191,3395 2237,3395 2283,3395 2329,3396 2375,3396 2421,3397 2467,3398"/>
                <TextEquiv>
                    <Unicode>volligen Dunst verliert. Und noch eins: Mit</Unicode>
                </TextEquiv>
            </TextLine>
            <TextLine id="r2l55" custom="readingOrder {index:54;}">
                <Coords points="1532,3438 2474,3454 2474,3397 1533,3401"/>
                <Baseline points="1540,3431 1586,3432 1632,3432 1678,3433 1725,3434 1771,3434 1817,3435 1864,3435 1910,3435 1956,3436 2003,3436 2049,3436 2095,3436 2141,3437 2188,3437 2234,3438 2280,3438 2327,3438 2373,3439 2419,3440 2466,3440"/>
                <TextEquiv>
                    <Unicode>wem wird Schiller verglichen? Eigentlich sollte man</Unicode>
                </TextEquiv>
            </TextLine>
            <TextLine id="r2l56" custom="readingOrder {index:55;}">
                <Coords points="1545,3484 2464,3494 2464,3454 2430,3445 1546,3436"/>
                <Baseline points="1552,3475 1597,3476 1642,3477 1687,3478 1733,3478 1778,3479 1823,3479 1868,3479 1914,3479 1959,3480 2004,3480 2049,3480 2095,3480 2140,3480 2185,3481 2230,3481 2276,3482 2321,3482 2366,3483 2411,3483 2457,3484"/>
                <TextEquiv>
                    <Unicode>ragen, mit wem wird er nicht verglichen; die</Unicode>
                </TextEquiv>
            </TextLine>
            <TextLine id="r2l57" custom="readingOrder {index:56;}">
                <Coords points="1544,3521 2465,3542 2443,3485 1544,3486"/>
                <Baseline points="1551,3518 1596,3519 1641,3520 1687,3520 1732,3521 1777,3521 1823,3522 1868,3522 1913,3522 1959,3523 2004,3523 2049,3523 2095,3523 2140,3524 2185,3524 2231,3524 2276,3524 2321,3524 2367,3524 2412,3524 2458,3524"/>
                <TextEquiv>
                    <Unicode>Untwort würde leichter sein. Heißt das aber noch</Unicode>
                </TextEquiv>
            </TextLine>
            <TextLine id="r2l58" custom="readingOrder {index:57;}">
                <Coords points="1534,3564 2460,3572 2460,3536 2425,3530 1535,3522"/>
                <Baseline points="1542,3559 1587,3560 1633,3561 1678,3561 1724,3562 1769,3562 1815,3563 1860,3563 1906,3564 1951,3564 1997,3564 2043,3565 2088,3565 2134,3565 2179,3565 2225,3565 2270,3566 2316,3566 2361,3566 2407,3566 2453,3567"/>
                <TextEquiv>
                    <Unicode>Charakteristik, wenn hier alles mit allem vergli¬</Unicode>
                </TextEquiv>
            </TextLine>
            <TextLine id="r2l59" custom="readingOrder {index:58;}">
                <Coords points="1532,3610 2459,3633 2459,3584 2370,3574 1532,3563"/>
                <Baseline points="1539,3606 1584,3606 1630,3606 1675,3607 1721,3607 1767,3608 1812,3608 1858,3608 1904,3609 1949,3609 1995,3609 2041,3610 2086,3610 2132,3610 2178,3611 2223,3611 2269,3611 2315,3611 2360,3611 2406,3611 2452,3611"/>
                <TextEquiv>
                    <Unicode>chen wird? Auch unter seinesgleichen Propheten</Unicode>
                </TextEquiv>
            </TextLine>
            <TextLine id="r2l60" custom="readingOrder {index:59;}">
                <Coords points="1533,3651 2457,3665 2457,3631 2392,3615 1533,3609"/>
                <Baseline points="1539,3646 1584,3647 1630,3648 1675,3648 1721,3649 1766,3650 1812,3651 1857,3651 1903,3652 1948,3652 1994,3652 2040,3653 2085,3653 2131,3653 2176,3654 2222,3654 2267,3655 2313,3655 2358,3655 2404,3656 2450,3657"/>
                <TextEquiv>
                    <Unicode>ist Cysarz nach diesem Vortrag nur ein Bluffer.</Unicode>
                </TextEquiv>
            </TextLine>
            <TextLine id="r2l61" custom="readingOrder {index:60;}">
                <Coords points="1542,3697 2436,3715 2448,3661 1542,3657"/>
                <Baseline points="1549,3690 1593,3691 1638,3692 1682,3692 1727,3692 1771,3693 1816,3694 1860,3694 1905,3695 1949,3695 1994,3696 2039,3696 2083,3697 2128,3697 2172,3697 2217,3698 2261,3698 2306,3698 2350,3698 2395,3698 2440,3698"/>
                <TextEquiv>
                    <Unicode>Ein sachlicher Kern ist nicht (und für niemand!)</Unicode>
                </TextEquiv>
            </TextLine>
            <TextLine id="r2l62" custom="readingOrder {index:61;}">
                <Coords points="1543,3740 2465,3751 2465,3711 2327,3700 1544,3694"/>
                <Baseline points="1550,3732 1595,3732 1640,3733 1686,3733 1731,3734 1777,3734 1822,3735 1867,3735 1913,3736 1958,3736 2004,3737 2049,3737 2094,3738 2140,3738 2185,3738 2231,3739 2276,3739 2321,3739 2367,3739 2412,3739 2458,3739"/>
                <TextEquiv>
                    <Unicode>u entdecken. Doch dieser Mann, der Scherer</Unicode>
                </TextEquiv>
            </TextLine>
            <TextLine id="r2l63" custom="readingOrder {index:62;}">
                <Coords points="1539,3786 2453,3799 2453,3754 2408,3745 1539,3745"/>
                <Baseline points="1546,3778 1591,3778 1636,3779 1681,3779 1726,3780 1771,3780 1816,3780 1861,3781 1906,3781 1951,3782 1996,3782 2041,3782 2086,3783 2131,3783 2176,3783 2221,3783 2266,3784 2311,3784 2356,3784 2401,3784 2446,3784"/>
                <TextEquiv>
                    <Unicode>perfid“ genannt hat, weil er sprachlich zwischen</Unicode>
                </TextEquiv>
            </TextLine>
            <TextLine id="r2l64" custom="readingOrder {index:63;}">
                <Coords points="1533,3830 2463,3835 2429,3789 1533,3790"/>
                <Baseline points="1540,3819 1585,3820 1631,3821 1677,3822 1723,3823 1769,3823 1814,3824 1860,3824 1906,3825 1952,3825 1998,3825 2043,3826 2089,3826 2135,3826 2181,3826 2227,3826 2272,3826 2318,3826 2364,3826 2410,3827 2456,3827"/>
                <TextEquiv>
                    <Unicode>„perfid“ und „antiquiert“ oder weiß Gott wel¬</Unicode>
                </TextEquiv>
            </TextLine>
            <TextLine id="r2l65" custom="readingOrder {index:64;}">
                <Coords points="1528,3868 2460,3879 2460,3837 2365,3825 1528,3829"/>
                <Baseline points="1535,3862 1580,3863 1626,3864 1672,3865 1718,3866 1764,3866 1810,3867 1855,3867 1901,3867 1947,3868 1993,3868 2039,3868 2085,3868 2131,3868 2176,3868 2222,3869 2268,3869 2314,3870 2360,3870 2406,3871 2452,3872"/>
                <TextEquiv>
                    <Unicode>chem anderen Fremdwort seines bombastischen</Unicode>
                </TextEquiv>
            </TextLine>
            <TextLine id="r2l66" custom="readingOrder {index:65;}">
                <Coords points="1535,3913 2463,3917 2463,3881 2432,3877 1536,3869"/>
                <Baseline points="1542,3905 1587,3906 1633,3907 1679,3908 1724,3909 1770,3909 1816,3910 1861,3910 1907,3911 1953,3912 1999,3912 2044,3912 2090,3913 2136,3913 2181,3914 2227,3914 2273,3914 2318,3914 2364,3915 2410,3915 2456,3915"/>
                <TextEquiv>
                    <Unicode>Sprachschatzes nicht unterscheiden konnte; dieser</Unicode>
                </TextEquiv>
            </TextLine>
            <TextLine id="r2l67" custom="readingOrder {index:66;}">
                <Coords points="1536,3956 2449,3969 2438,3919 1536,3912"/>
                <Baseline points="1543,3948 1590,3950 1637,3951 1684,3951 1732,3952 1779,3953 1826,3953 1874,3954 1921,3954 1968,3954 2016,3954 2063,3954 2110,3955 2158,3955 2205,3955 2252,3956 2300,3956 2347,3957 2394,3958 2442,3959"/>
                <TextEquiv>
                    <Unicode>Mann wird der Nachfolger August Sauers, eines</Unicode>
                </TextEquiv>
            </TextLine>
            <TextLine id="r2l68" custom="readingOrder {index:67;}">
                <Coords points="1528,3996 2449,4014 2449,3970 2354,3959 1529,3955"/>
                <Baseline points="1535,3994 1580,3994 1625,3994 1671,3994 1716,3994 1761,3995 1807,3995 1852,3995 1897,3996 1943,3996 1988,3997 2033,3997 2079,3998 2124,3998 2169,3999 2215,3999 2260,4000 2305,4000 2351,4001 2396,4001 2442,4002"/>
                <TextEquiv>
                    <Unicode>der größten Germanisten der älteren Generation.</Unicode>
                </TextEquiv>
            </TextLine>
            <TextLine id="r2l69" custom="readingOrder {index:68;}">
                <Coords points="1528,4039 2455,4059 2452,4007 1529,3997"/>
                <Baseline points="1535,4032 1580,4034 1626,4034 1671,4035 1717,4036 1763,4037 1808,4037 1854,4038 1900,4038 1945,4039 1991,4039 2037,4040 2082,4040 2128,4040 2174,4041 2219,4041 2265,4042 2311,4042 2356,4043 2402,4044 2448,4044"/>
                <TextEquiv>
                    <Unicode>Man hat an der deutschen Universität in Prag</Unicode>
                </TextEquiv>
            </TextLine>
            <TextLine id="r2l70" custom="readingOrder {index:69;}">
                <Coords points="1528,4081 2286,4103 2448,4096 2449,4058 1529,4040"/>
                <Baseline points="1535,4077 1580,4077 1625,4078 1670,4078 1716,4079 1761,4079 1806,4080 1852,4081 1897,4081 1942,4082 1988,4083 2033,4083 2078,4084 2123,4084 2169,4085 2214,4085 2259,4085 2305,4085 2350,4085 2395,4084 2441,4084"/>
                <TextEquiv>
                    <Unicode>vergessen, was Sauer in dreißig Jahren für die</Unicode>
                </TextEquiv>
            </TextLine>
            <TextLine id="r2l71" custom="readingOrder {index:70;}">
                <Coords points="1526,4126 2236,4142 2447,4135 2448,4108 1526,4084"/>
                <Baseline points="1533,4120 1578,4120 1623,4121 1669,4121 1714,4122 1760,4123 1805,4123 1850,4124 1896,4125 1941,4126 1987,4126 2032,4127 2077,4128 2123,4128 2168,4129 2214,4129 2259,4129 2304,4129 2350,4129 2395,4129 2441,4129"/>
                <TextEquiv>
                    <Unicode>Wissenschaft, für die Universität und für die Su¬</Unicode>
                </TextEquiv>
            </TextLine>
            <TextLine id="r2l72" custom="readingOrder {index:71;}">
                <Coords points="1532,4165 2014,4165 2014,4137 1985,4130 1950,4145 1841,4128 1799,4146 1727,4126 1532,4129"/>
                <Baseline points="1539,4168 1565,4168 1591,4169 1617,4169 1643,4169 1669,4170 1695,4170 1721,4171 1747,4171 1773,4172 1799,4172 1825,4172 1851,4172 1877,4172 1903,4172 1929,4171 1955,4169 1981,4169 2007,4167"/>
                <TextEquiv>
                    <Unicode>amHceiclefitatt</Unicode>
                </TextEquiv>
            </TextLine>
            <TextEquiv>
                <Unicode>Nr. 32.
Schnitzler und Seff Watzlik.
Zur teutschvölkischen Razsia gegen die Teplitzer
Aufführung des Reigens.
Der Tag verzittert im Zypressenhain,
Du stehst an deines Kindes Grab
allein.
Fernwo vergeigt die Welt die letzte Terz,
Du horchst in dich und hörst nur deinen Schmerz.
Dich nicht zu stören, hält der große Pan,
Der Herr des Lebens, selbst den Atem an.
Da kommt herangesprungen mit Gekläff
Ein Hündchen mit dem biedern Namen Seff.
Es bellt nach dir „Hepp, Hepp“! Und hebt das
ein
Dann trabt es wieder quietschvergnügt feldein.
En.pört erwacht die Nacht. Der Hain erbraust,
Der große Pan hebt zürnend seine Faust.
Du aber bleibst versenki im innern Hören,
Ein Hündchen kann besudeln dich,
nicht stören.
Giury.
Kaaaaaaaaatel
Zeit in Zeitloses umschafft, als vielmehr ein Herr¬
chertum, das vorerst eins und fällig ist mit
einem 18. Jahrhundert — und das dann seinen
Anstoß nicht als fortdauerder Inhalt
übt, sondern als fortzeugende Spannung, wie sie
ewig nur erworben, nie besessen werden kann.“
Man denke einmal nach über den Inhalt dieser
könenden Worte.— Wir übergehen im weiteren:
„Ganz fern bleibt füglich Schiller“, übergehen,
daß einmal eine abschließende Antithese („Europa
oder Asien) den vorangegangenen Ausführungen
ganz sinnlos widerspricht, übergehen, daß Seiten¬
bild mit Gegenbild verwechselt wird, übergehen,
daß sich hinter dem „realistisch=psychologistisch=indi¬
vidualistischen Aspekt“ ganz simple Gedanken ver¬
bergen, übergehen, daß eine Evolution gärt,
übergehen schließlich, daß keinem Leser klar wird,
was unter „Willens= und Wesens=Stil“ zu ver¬
tehen ist, wenn er nicht bei Simmel und
anderen Literaturwissenschaftlern bereits
die
Grundlagen kennen gelernt hat. Aber auch nach so
viel schonungsvollem Übergehen kennt sich selbst ein
in derartig flunkernde Geheimsprache Eingeweihter
noch lange nicht aus. Wenn er aber noch den
barocken Ballast von Beschwörungen aller Geister
von Theokrit und Plutarch bis Kreneks „Jonny“
und dem „Leibvergottungs=Gottverleibungs=Evan¬
zelium“ Georges über Bord wirft, dann steigt er
lötzlich in blaue Lüfte auf, wo sich der Blick im
volligen Dunst verliert. Und noch eins: Mit
wem wird Schiller verglichen? Eigentlich sollte man
ragen, mit wem wird er nicht verglichen; die
Untwort würde leichter sein. Heißt das aber noch
Charakteristik, wenn hier alles mit allem vergli¬
chen wird? Auch unter seinesgleichen Propheten
ist Cysarz nach diesem Vortrag nur ein Bluffer.
Ein sachlicher Kern ist nicht (und für niemand!)
u entdecken. Doch dieser Mann, der Scherer
perfid“ genannt hat, weil er sprachlich zwischen
„perfid“ und „antiquiert“ oder weiß Gott wel¬
chem anderen Fremdwort seines bombastischen
Sprachschatzes nicht unterscheiden konnte; dieser
Mann wird der Nachfolger August Sauers, eines
der größten Germanisten der älteren Generation.
Man hat an der deutschen Universität in Prag
vergessen, was Sauer in dreißig Jahren für die
Wissenschaft, für die Universität und für die Su¬
amHceiclefitatt</Unicode>
            </TextEquiv>
        </TextRegion>
        <TextRegion orientation="0.0" id="r3" custom="readingOrder {index:2;}">
            <Coords points="3122,555 3122,707 3192,707 3192,555"/>
            <TextLine id="r3l1" custom="readingOrder {index:0;}">
                <Coords points="3115,658 3134,659 3141,666 3147,660 3161,664 3169,660 3181,664 3198,663 3200,601 3190,601 3180,593 3173,596 3166,590 3146,592 3142,588 3129,597 3116,594"/>
                <Baseline points="3122,655 3157,657 3192,657"/>
                <TextEquiv>
                    <Unicode>Nr.</Unicode>
                </TextEquiv>
            </TextLine>
            <TextEquiv>
                <Unicode>Nr.</Unicode>
            </TextEquiv>
        </TextRegion>
        <TextRegion orientation="0.0" id="r4" custom="readingOrder {index:3;}">
            <Coords points="2984,2335 2984,4155 3388,4155 3388,2335"/>
            <TextLine id="r4l1" custom="readingOrder {index:0;}">
                <Coords points="3031,2368 3043,2364 3065,2368 3074,2363 3085,2367 3089,2363 3099,2365 3102,2362 3114,2368 3124,2367 3124,2321 3115,2323 3099,2319 3093,2325 3083,2325 3076,2319 3066,2326 3055,2324 3049,2318 3044,2321 3032,2318"/>
                <Baseline points="3039,2356 3065,2357 3091,2357 3117,2358"/>
                <TextEquiv>
                    <Unicode>Deut</Unicode>
                </TextEquiv>
            </TextLine>
            <TextLine id="r4l2" custom="readingOrder {index:1;}">
                <Coords points="3029,2407 3058,2415 3065,2414 3075,2406 3087,2417 3095,2412 3114,2413 3116,2364 3107,2363 3100,2367 3089,2362 3083,2366 3075,2363 3066,2370 3062,2365 3055,2368 3043,2363 3038,2368 3031,2367"/>
                <Baseline points="3036,2399 3072,2400 3108,2401"/>
                <TextEquiv>
                    <Unicode>frika</Unicode>
                </TextEquiv>
            </TextLine>
            <TextLine id="r4l3" custom="readingOrder {index:2;}">
                <Coords points="3044,2503 3058,2500 3065,2492 3078,2492 3091,2500 3095,2497 3108,2499 3106,2451 3099,2451 3096,2448 3081,2453 3075,2449 3069,2451 3062,2447 3042,2449"/>
                <Baseline points="3051,2487 3076,2487 3101,2485"/>
                <TextEquiv>
                    <Unicode>inn</Unicode>
                </TextEquiv>
            </TextLine>
            <TextLine id="r4l4" custom="readingOrder {index:3;}">
                <Coords points="3011,2802 3019,2802 3044,2816 3074,2801 3083,2805 3087,2800 3095,2807 3103,2801 3120,2802 3120,2766 3101,2763 3087,2766 3077,2762 3072,2767 3057,2760 3044,2764 3018,2745 3008,2744"/>
                <Baseline points="3018,2800 3050,2797 3082,2795 3114,2796"/>
                <TextEquiv>
                    <Unicode>neunte</Unicode>
                </TextEquiv>
            </TextLine>
            <TextLine id="r4l5" custom="readingOrder {index:4;}">
                <Coords points="3022,2848 3057,2849 3068,2842 3097,2851 3107,2848 3115,2855 3139,2845 3178,2847 3177,2809 3164,2806 3146,2818 3122,2801 3108,2800 3095,2807 3088,2800 3084,2805 3075,2801 3061,2805 3044,2817 3021,2813"/>
                <Baseline points="3028,2842 3056,2841 3084,2840 3113,2839 3141,2840 3170,2840"/>
                <TextEquiv>
                    <Unicode>o daß </Unicode>
                </TextEquiv>
            </TextLine>
            <TextLine id="r4l6" custom="readingOrder {index:5;}">
                <Coords points="3017,2893 3027,2893 3036,2888 3044,2892 3056,2886 3059,2889 3070,2887 3090,2898 3094,2894 3102,2895 3104,2851 3095,2853 3088,2845 3077,2849 3068,2842 3047,2850 3041,2847 3038,2850 3034,2845 3026,2851 3018,2850"/>
                <Baseline points="3025,2884 3060,2882 3095,2886"/>
                <TextEquiv>
                    <Unicode>Platz</Unicode>
                </TextEquiv>
            </TextLine>
            <TextLine id="r4l7" custom="readingOrder {index:6;}">
                <Coords points="3013,2975 3024,2978 3029,2974 3046,2974 3056,2980 3061,2978 3070,2986 3083,2986 3095,2976 3105,2975 3106,2934 3093,2935 3089,2939 3078,2936 3070,2943 3056,2933 3054,2936 3039,2936 3032,2931 3025,2938 3014,2937"/>
                <Baseline points="3020,2970 3046,2969 3072,2971 3098,2970"/>
                <TextEquiv>
                    <Unicode>die 9</Unicode>
                </TextEquiv>
            </TextLine>
            <TextLine id="r4l8" custom="readingOrder {index:7;}">
                <Coords points="3013,3022 3029,3022 3043,3017 3049,3023 3057,3019 3070,3026 3080,3017 3106,3019 3106,2975 3097,2975 3074,2988 3044,2973 3042,2976 3029,2973 3025,2978 3013,2975"/>
                <Baseline points="3020,3013 3046,3011 3072,3011 3098,3013"/>
                <TextEquiv>
                    <Unicode>Mar</Unicode>
                </TextEquiv>
            </TextLine>
            <TextLine id="r4l9" custom="readingOrder {index:8;}">
                <Coords points="3001,3065 3010,3066 3023,3058 3043,3067 3073,3062 3086,3072 3118,3073 3119,3015 3107,3016 3092,3029 3082,3023 3076,3028 3067,3026 3058,3019 3050,3023 3043,3017 3029,3022 3001,3020"/>
                <Baseline points="3008,3055 3034,3056 3060,3055 3086,3055 3112,3057"/>
                <TextEquiv>
                    <Unicode>ki un</Unicode>
                </TextEquiv>
            </TextLine>
            <TextLine id="r4l10" custom="readingOrder {index:9;}">
                <Coords points="3008,3103 3017,3101 3028,3109 3045,3102 3056,3108 3068,3106 3078,3115 3113,3108 3119,3114 3129,3113 3129,3062 3114,3064 3105,3073 3082,3070 3077,3075 3064,3069 3054,3072 3043,3068 3030,3055 3009,3060"/>
                <Baseline points="3016,3098 3042,3097 3069,3098 3095,3099 3122,3098"/>
                <TextEquiv>
                    <Unicode>Quaf</Unicode>
                </TextEquiv>
            </TextLine>
            <TextLine id="r4l11" custom="readingOrder {index:10;}">
                <Coords points="3011,3146 3022,3148 3027,3144 3036,3147 3051,3142 3056,3147 3075,3146 3080,3152 3088,3146 3100,3147 3102,3114 3095,3114 3088,3108 3079,3116 3071,3107 3061,3104 3055,3107 3043,3102 3035,3109 3027,3108 3021,3102 3013,3102"/>
                <Baseline points="3018,3139 3043,3142 3068,3142 3094,3143"/>
                <TextEquiv>
                    <Unicode>klän</Unicode>
                </TextEquiv>
            </TextLine>
            <TextLine id="r4l12" custom="readingOrder {index:11;}">
                <Coords points="3015,3190 3036,3187 3054,3195 3093,3187 3120,3192 3119,3149 3105,3151 3087,3147 3081,3153 3077,3148 3057,3147 3051,3141 3037,3147 3014,3148"/>
                <Baseline points="3021,3185 3051,3183 3082,3184 3113,3183"/>
                <TextEquiv>
                    <Unicode>Stadio</Unicode>
                </TextEquiv>
            </TextLine>
            <TextLine id="r4l13" custom="readingOrder {index:12;}">
                <Coords points="2998,3237 3027,3244 3065,3226 3079,3239 3094,3235 3099,3241 3116,3234 3121,3238 3126,3232 3143,3243 3152,3241 3151,3190 3130,3198 3104,3195 3087,3200 3071,3191 3053,3195 3034,3187 2997,3189"/>
                <Baseline points="3006,3228 3033,3227 3061,3227 3088,3225 3116,3225 3144,3226"/>
                <TextEquiv>
                    <Unicode>Plaza</Unicode>
                </TextEquiv>
            </TextLine>
            <TextLine id="r4l14" custom="readingOrder {index:13;}">
                <Coords points="3010,3287 3026,3284 3030,3289 3042,3280 3047,3283 3064,3279 3083,3265 3096,3267 3107,3278 3121,3280 3122,3235 3099,3241 3085,3235 3079,3240 3064,3228 3049,3238 3038,3232 3024,3242 3011,3243"/>
                <Baseline points="3017,3270 3049,3270 3081,3271 3114,3271"/>
                <TextEquiv>
                    <Unicode>tern d</Unicode>
                </TextEquiv>
            </TextLine>
            <TextLine id="r4l15" custom="readingOrder {index:14;}">
                <Coords points="2986,3544 3065,3542 3077,3553 3087,3546 3169,3551 3261,3542 3261,3525 3226,3505 2987,3501"/>
                <Baseline points="2994,3539 3019,3538 3045,3537 3071,3537 3097,3538 3123,3538 3149,3539 3175,3540 3201,3541 3227,3541 3253,3542"/>
                <TextEquiv>
                    <Unicode>land) 2:36:38.</Unicode>
                </TextEquiv>
            </TextLine>
            <TextLine id="r4l16" custom="readingOrder {index:15;}">
                <Coords points="2991,3586 3012,3593 3044,3585 3058,3594 3102,3585 3187,3602 3203,3588 3218,3590 3219,3543 3169,3551 3155,3543 3087,3553 3045,3543 2992,3549"/>
                <Baseline points="2999,3578 3025,3579 3052,3580 3078,3580 3105,3580 3131,3580 3158,3581 3184,3582 3211,3584"/>
                <TextEquiv>
                    <Unicode>chelson (18</Unicode>
                </TextEquiv>
            </TextLine>
            <TextLine id="r4l17" custom="readingOrder {index:16;}">
                <Coords points="2989,3628 3035,3632 3055,3619 3081,3638 3109,3628 3121,3639 3158,3628 3198,3644 3214,3638 3214,3590 3186,3603 3162,3601 3149,3589 3140,3596 3086,3586 3061,3595 3044,3585 3013,3593 2990,3586"/>
                <Baseline points="2996,3621 3022,3622 3048,3623 3075,3623 3101,3623 3127,3623 3154,3623 3180,3624 3207,3626"/>
                <TextEquiv>
                    <Unicode>11. Wood (6</Unicode>
                </TextEquiv>
            </TextLine>
            <TextLine id="r4l18" custom="readingOrder {index:17;}">
                <Coords points="2982,3672 3121,3671 3166,3688 3189,3675 3237,3687 3271,3681 3272,3643 3219,3633 3184,3642 3165,3626 3110,3644 3068,3629 3040,3638 3030,3629 2983,3628"/>
                <Baseline points="2989,3664 3014,3665 3039,3665 3064,3666 3089,3666 3114,3667 3139,3667 3164,3668 3189,3669 3214,3669 3239,3671 3265,3672"/>
                <TextEquiv>
                    <Unicode>Payne (Englan</Unicode>
                </TextEquiv>
            </TextLine>
            <TextLine id="r4l19" custom="readingOrder {index:18;}">
                <Coords points="2981,3718 3104,3718 3132,3730 3150,3717 3225,3727 3245,3718 3273,3730 3296,3713 3340,3724 3350,3721 3351,3677 3282,3692 3251,3678 3220,3689 3189,3674 3166,3688 3118,3671 3083,3688 2982,3671"/>
                <Baseline points="2988,3708 3013,3709 3038,3709 3064,3710 3089,3710 3114,3711 3140,3711 3165,3712 3190,3712 3216,3713 3241,3713 3266,3714 3292,3714 3317,3715 3343,3716"/>
                <TextEquiv>
                    <Unicode>pilä (Finnland). 16</Unicode>
                </TextEquiv>
            </TextLine>
            <TextLine id="r4l20" custom="readingOrder {index:19;}">
                <Coords points="2985,3756 3059,3772 3112,3756 3187,3771 3240,3760 3279,3774 3320,3768 3322,3720 3299,3715 3273,3729 3245,3718 3225,3727 3150,3717 3132,3730 3106,3719 2986,3719"/>
                <Baseline points="2992,3751 3018,3751 3045,3752 3072,3752 3099,3753 3125,3754 3152,3754 3179,3755 3206,3756 3232,3757 3259,3757 3286,3757 3313,3758"/>
                <TextEquiv>
                    <Unicode>Reynold (Kanada).</Unicode>
                </TextEquiv>
            </TextLine>
            <TextLine id="r4l21" custom="readingOrder {index:20;}">
                <Coords points="2986,3810 3006,3813 3023,3798 3064,3812 3194,3802 3210,3816 3259,3805 3310,3818 3321,3816 3322,3770 3270,3773 3239,3760 3166,3772 3155,3760 3111,3756 3058,3771 2987,3759"/>
                <Baseline points="2993,3795 3019,3795 3046,3795 3073,3795 3100,3796 3127,3797 3154,3798 3180,3798 3207,3799 3234,3800 3261,3801 3288,3801 3315,3802"/>
                <TextEquiv>
                    <Unicode>derer (Deutschland</Unicode>
                </TextEquiv>
            </TextLine>
            <TextLine id="r4l22" custom="readingOrder {index:21;}">
                <Coords points="2987,3842 3038,3856 3051,3844 3132,3855 3212,3844 3248,3859 3274,3844 3345,3859 3346,3813 2988,3809"/>
                <Baseline points="2994,3837 3020,3837 3046,3838 3073,3838 3099,3838 3126,3839 3152,3840 3179,3840 3205,3841 3232,3841 3258,3842 3285,3843 3311,3844 3338,3845"/>
                <TextEquiv>
                    <Unicode>erste Schwede Kinn,</Unicode>
                </TextEquiv>
            </TextLine>
            <TextLine id="r4l23" custom="readingOrder {index:22;}">
                <Coords points="2977,3888 3043,3879 3072,3898 3107,3884 3126,3899 3169,3882 3185,3896 3229,3886 3298,3907 3341,3897 3342,3857 3299,3861 3269,3846 3234,3858 3210,3845 3165,3863 3072,3845 3040,3859 3012,3841 2978,3842"/>
                <Baseline points="2984,3883 3009,3882 3034,3882 3059,3881 3084,3882 3109,3882 3134,3883 3159,3883 3184,3884 3209,3885 3234,3885 3259,3886 3284,3886 3309,3887 3334,3887"/>
                <TextEquiv>
                    <Unicode>De Mar, 31. Hem</Unicode>
                </TextEquiv>
            </TextLine>
            <TextLine id="r4l24" custom="readingOrder {index:23;}">
                <Coords points="2978,3934 3357,3939 3358,3902 3321,3894 3291,3907 3229,3886 3210,3903 3171,3887 3122,3899 3094,3884 3073,3898 3040,3880 2979,3890"/>
                <Baseline points="2986,3923 3012,3923 3038,3924 3064,3925 3090,3925 3116,3926 3142,3927 3168,3928 3194,3929 3220,3929 3246,3930 3272,3930 3298,3930 3324,3930 3350,3930"/>
                <TextEquiv>
                    <Unicode>(Tschechoslowakei), 34.</Unicode>
                </TextEquiv>
            </TextLine>
            <TextLine id="r4l25" custom="readingOrder {index:24;}">
                <Coords points="2978,3975 3121,3985 3134,3974 3164,3989 3203,3964 3222,3983 3357,3981 3358,3935 3182,3944 3117,3932 3092,3945 3022,3928 2979,3933"/>
                <Baseline points="2986,3968 3012,3968 3038,3968 3064,3968 3090,3969 3116,3969 3142,3970 3168,3971 3194,3971 3220,3972 3246,3973 3272,3973 3298,3973 3324,3973 3350,3973"/>
                <TextEquiv>
                    <Unicode>(Norwegen), 40. Seyl</Unicode>
                </TextEquiv>
            </TextLine>
            <TextLine id="r4l26" custom="readingOrder {index:25;}">
                <Coords points="2979,4030 3026,4018 3083,4042 3117,4028 3196,4035 3215,4020 3274,4048 3317,4039 3365,4049 3366,3990 3352,3985 3221,3983 3206,3971 3149,3990 3132,3977 3103,3987 2980,3976"/>
                <Baseline points="2986,4010 3012,4012 3039,4012 3065,4014 3092,4014 3118,4015 3145,4015 3172,4015 3198,4015 3225,4015 3251,4016 3278,4016 3304,4017 3331,4018 3358,4019"/>
                <TextEquiv>
                    <Unicode>(Ungarn), 52. Beddau</Unicode>
                </TextEquiv>
            </TextLine>
            <TextLine id="r4l27" custom="readingOrder {index:26;}">
                <Coords points="3217,4104 3240,4101 3251,4109 3265,4104 3282,4111 3291,4106 3319,4110 3326,4104 3355,4103 3355,4049 3308,4038 3295,4046 3274,4047 3246,4033 3217,4042"/>
                <Baseline points="3224,4096 3255,4094 3286,4095 3317,4096 3348,4094"/>
                <TextEquiv>
                    <Unicode>Neue</Unicode>
                </TextEquiv>
            </TextLine>
            <TextLine id="r4l28" custom="readingOrder {index:27;}">
                <Coords points="3046,4141 3396,4147 3397,4120 3367,4106 3347,4103 3330,4116 3214,4096 3167,4107 3048,4092"/>
                <Baseline points="3053,4138 3078,4137 3104,4137 3130,4138 3156,4138 3181,4140 3207,4140 3233,4141 3259,4143 3284,4143 3310,4144 3336,4145 3362,4145 3388,4145"/>
                <TextEquiv>
                    <Unicode>Während die Mar##</Unicode>
                </TextEquiv>
            </TextLine>
            <TextEquiv>
                <Unicode>Deut
frika
inn
neunte
o daß 
Platz
die 9
Mar
ki un
Quaf
klän
Stadio
Plaza
tern d
land) 2:36:38.
chelson (18
11. Wood (6
Payne (Englan
pilä (Finnland). 16
Reynold (Kanada).
derer (Deutschland
erste Schwede Kinn,
De Mar, 31. Hem
(Tschechoslowakei), 34.
(Norwegen), 40. Seyl
(Ungarn), 52. Beddau
Neue
Während die Mar##</Unicode>
            </TextEquiv>
        </TextRegion>
    </Page>
</PcGts>
