3336 4416
292 2593 330 2652 9
464 79 1599 154 der Vorstellung eines en nuier gei die
458 146 1419 196 notdürftigsten Aufräumungsarbeiten durchzuführen.
558 168 1591 241 Ueber Anraten der Feuerwehr ist aber die
452 226 1586 286 Nachtvorstellung schließlich aus Gründen der
1264 273 1585 338 Branddirektor
461 275 1262 349 Sicherheit verboten worden.
459 330 1581 388 Schifter hat nämlich der Behörde gegenüber seiner An¬
460 365 1588 431 sicht Ausdruck verliehen, daß mit Rücksicht auf den Bau des
454 431 1594 491 Theaters und die vielen zum Theatersaale führenden Treppen
457 470 1597 524 bei der Wiederholung einer Ponik
454 518 1586 577 größeres Unheil geschehen könnte und daß eine
453 571 1598 626 Gewähr für die Sicherheit der Theater¬
453 607 1584 659 besucher nicht übernommen werden könne. Aus
455 655 1585 715 diesen Gründen wurde seitens der Polizeibehörde der
458 699 1580 760 Direktion der Kammerspiele nahegelegt, die Nachtvorstellung
454 759 1577 813 zu unterlassen. Jenen Personen, die Karten für die Nacht
453 799 1590 865 vorstellung gekauft hatten, wird das Geld hiefür zurück¬
457 852 759 919 erstattet werden.
472 882 1561 962 Die Frage weiterer „Reigen“=Aufführungen.
544 963 1581 1026 Es ist in hohem Grade wahrscheinlich, daß die heutige
444 1008 1579 1062 Abendaufführung des „Reigen“ die letzte gewesen ist und
455 1055 1585 1115 daß nusmehr das polizeiliche Verbot des heiß um¬
456 1101 1582 1162 strittenen Stückes aus Sicherheitsgründen erfolgen wird.
447 1158 1589 1209 Diesbezüglich ist aber im Laufe des Abends noch keine
457 1194 1588 1253 formelle Entschließung des Polizeipräsidiums erfolgt. Die
456 1246 1585 1303 Behörden werden erst im Laufe des morgigen Tages Ge¬
448 1293 1586 1351 legenheit nehmen, sich mit der Frage zu befassen, ob aus
458 1338 1582 1410 Gründen der öffentlichen Ruhe und Ordnung oder auch
452 1383 1581 1446 aus Gründen der Sicherheit der Theaterbesucher die
450 1431 1583 1496 weiteren Vorführungen des „Reigen“ zu verbieten sind.
454 1481 1586 1545 Ein aus diesen Gründen zu verfügendes Verbot könnte
447 1538 1574 1598 die Polizeidirektion im eigenen Wirkungskreis erlassen
450 1577 1572 1640 ohne sich um die Verschiedenheit der Ansichten über das
451 1623 1576 1695 Zensurverbot zwischen dem Bundesministerium des Innern
452 1682 1584 1735 und dem Bürgermeister als Landeshauptmann zu
450 1732 647 1793 kümmern.
649 1750 1380 1849 Mitteilungen der Schausvieler.
544 1824 1590 1894 Herr Hans Wengraf, der im dritten Bilde, „Stuben¬
455 1879 1575 1942 mädchen und junger Herr“, mit Fräulein Hochwald auf der
453 1921 1582 1988 Szene stehl, vernahm schon zu diesem Zeitpunkte leises Ge¬
455 1969 1577 2031 murmel aus dem Zuschauerraum. Das Wort „Schweinerei“
454 2026 1586 2078 war bis auf die Bühne hörbar. Im Publikum war eine
449 2072 1578 2132 merkliche Unruhe entstanden, doch legte sich dieselbe zunächst
451 2121 1583 2171 wieder, offenbar weil die Demonstranten auf den verabredeten
449 2164 1573 2240 Zuzug von außen warteten. Das nächste Bild, „Junge
448 2222 1575 2279 Frau — junger Herr", in dem mit Herrn Wengraf Frau
451 2261 1583 2324 Carlsen beschäftigt ist, konnte eginnen. Als aber die Ver¬
459 2307 1581 2361 dunkelung bei offenem Vorhang vorgenommen wurde, er¬
455 2349 1572 2421 tönte der Ruf „Schweinerei!“ und man roch auch schon bis
457 2405 1570 2467 auf die Bühne die Stinkbombe. Ein Logengast rief mit Hin¬
451 2449 1575 2508 weis auf die Demonstrauten „Hinaus mit ihnen!“. Andere
454 2498 1576 2554 antworteten, und Frau Carlsen und Herr Wengraf mußten
448 2543 1576 2606 sich Mühe geben, im Stimmengewirre vernehmbar zu werden.
547 2591 1580 2655 Auch das fünfte Bild, „Junge Frau und Ehemann“,
456 2639 1574 2697 konnte noch seinen Anfang nehmen. Da aber drang schon der
451 2688 1584 2750 wilde, alles übertönende Lärm von der Straße ins Theater.
460 2732 1573 2796 Das Spiel mußte abgebrochen werden, der geteilte Vorhang
438 2781 1571 2850 schloß sich und die eiserne Sicherheitskurtine wurde herab¬
445 2837 1581 2887 gelassen. Das Toben im Zuschauerraum wurde immer ärger.
447 2881 1572 2930 Besonders erregte Eindringlinge wollten sogar die Gar¬
452 2921 1571 2991 derobe der Schauspieler stürmen. In der Tat gelang es
448 2973 1579 3035 einigen, in den schmalen Bühnengang einzudringen, wo sie
449 3022 1575 3083 eine Baßgeige zerbrachen und in Stücke traten. Die Bühnen¬
451 3063 1575 3136 arbeiter eilten zu den Hydranten und wehrten die ärgsten
458 3111 1580 3177 Schreier mit der Spritze ab. Alsbald watete man in den
444 3155 1582 3231 Garderoben und auf der Bühne in tiefen Wasserlachen. Eine
447 3202 1578 3277 Anzahl Damen und Herren aus dem Publikum hatte sich
446 3254 1568 3315 auf die Bühne geflüchtet und wartete dort, von den An¬
439 3300 1579 3374 gestellten geschützt, bis sie sich ungefährdet entfernen konnte.
474 3381 1546 3474 Zwischenfall auf dem Wiener-Nenstädter
870 3449 1147 3529 Flugfelde.
518 3510 1576 3580 Aus Wiener=Neustadt, 15. d., wird uns berichtet:
454 3554 1561 3631 Heute ereignete sich auf dem hiesigen Flugfelde ein aufsehen¬
448 3610 1578 3671 erregender Zwischenfall. Oberst Fletcher der Interalliierten
442 3656 1576 3713 aeronautischen Kommission kam in Begleitung des französischen
451 3690 1570 3756 Offiziers Barès und des italienischen Offiziers Demi¬
453 3737 1562 3794 selli auf das Flugfeld, um den Stand der Zer¬
449 3779 1577 3849 störungsarbeiten zu kontrollieren. Hiebei
446 3825 1584 3900 stellte der Oberst den mit der Leitung dieser Arbeiten bestellten
1633 124 2758 177 7 Uhr 52 Minuten abends bis Wien Franz Josefsbahn. Ferner
1621 171 2764 223 an Samstagen Zug 315 ab Wien Franz Josefsbahn 4 Uhr
1632 210 2766 263 25 Minuten nachmittags bis Krems und an Sonntagen
1628 255 2749 305 Zug 314 ab Krems 7 Uhr 58 Minuten abends bis Wien
1623 298 2761 349 Franz Josefebahn sowie an Sonntagen zwischen Krems und
1627 334 2758 388 Klein=Pöchlarn Zug 517, ab Krems 2 Uhr 5 Minuten nach¬
1622 379 2751 444 mittags, und Zug 1314, ab Klein=Pöchlarn 5 Uhr 56 Minuten
1629 427 2553 480 nachmittags, an Krems 7 Uhr 40 Minuten abends.
1915 503 2476 589 Lokalbericht.
1709 567 2752 635 [„Bismarcks Ausgang.“] Unter diesem Titel wird
1632 622 2761 669 Regierungsrat Dr. Franz Zweybrück am Samstag den
1625 665 2758 718 19. d., ½8 Uhr, im kleinen Saale der „Urania die Vor¬
1624 707 2754 762 gänge am Berliner Hofe, die mit dem Rücktritte des ersten
1624 754 2753 808 Reichskanzlers ihren Abschluß fanden, auf Grund der letzten
1626 793 2358 835 urkundlichen Veröffentlichungen schildern.
1710 835 2374 894 [Der Konzipientenball.]
2428 819 2759 895 Donnerstag den
1625 884 2746 937 17. d. findet in den Sophiensälen der vom Niederöster¬
1616 927 2751 977 reichischen Konzipientenverein veranstaltete Konzipientenball,
1629 975 2757 1018 dessen Reinertrag gemeinnützigen Zwecken der Konzipientenschaft
1623 1011 2752 1068 zufließt, statt. Damen erscheinen in Balltoilette, Herren im Frack.
1616 1058 2747 1109 Ballmusik: das André Hummer=Orchester. Beginn 7 Uhr
1631 1099 2759 1149 abends. Eintrittskarten und Logen sind erhältlich in der Kanzlei
1625 1139 2747 1195 der Niederösterreichischen Rechtsanwaltskammer: 1. Bezirk,
1617 1182 2755 1235 Rotenturmstraße 13, 3. Stock (Zimmer 6), und im Bureau
1624 1228 2757 1286 des Ballkomitees, 3. Bezirk, Landstraße Hauptstraße Nr. 1,
1617 1269 1795 1340 1. Stock.
1715 1310 2751 1376 [Millionengewinne beim Weinhandel.] Vor
1634 1366 2764 1421 einiger Zeit wurde beim Kriegswucheramte die Anzeige erstattet,
1634 1407 2752 1461 daß der Weingroßhändler Adolf Schenk, 2. Bezirk, Heine¬
1626 1445 2748 1499 straße (Kaiser Josefstraße) Nr. 40, übermäßige Preise forderte.
1633 1494 2755 1545 Die Untersuchung erstreckte sich insbesondere auf den Verkauf
1628 1542 2758 1586 von 14.000 Hektoliter Wein. Bezüglich dieses Weines überreichte
1631 1575 2755 1630 Schenk Kalkulationen, die vom Sachverständigen überprüft
1625 1617 2762 1664 wurden. Aus ihren Gutachten geht hervor, daß Schenk einen
1635 1663 2756 1719 ibermäßigen Gewinn von mindestens 3,716.328 K. eingeheimst
1630 1704 2753 1756 hat. Im Zuge des Verfahrens überreichte Schenk zwei
1621 1743 2759 1794 weitere Kalkulationen, welche für seine Geschäftsgebarung
1623 1787 2753 1835 charakteristisch sind. So setzte Schenk für Lagerfässerabnützung
1620 1830 2755 1881 30 K. per Hektoliter ein, woraus für die ganze Quantität von
1622 1866 2758 1910 14.000 Hektoliter ein Betrag von 420.000 K. resultiert, während
1620 1904 2749 1951 in der Bilanz von 1919 als Gesamtwert aller Fässer nur ein
1630 1949 2753 2002 Betrag von 64.737 K. ausgewiesen wurde. Für die Faßabnützung
1620 1986 2753 2038 der in Rede stehenden 14.000 Hektoliter Wein wurde also ein
1624 2024 2753 2075 höherer Betrag zu den Gestehungskosten hinzugeschlagen, als der
1630 2068 2754 2118 Gesamtwert überhaupt betrug. Interessant ist ferner ein anderer
1626 2107 2743 2168 Posten der von Schenk vorgelegten Kalkulationen. Er hatte
2671 2152 2747 2202 der
1622 2154 2672 2202 nämlich zur Durchführung seiner Weingeschäfte von
1632 2189 2755 2240 Allgemeinen Verkehrsbank, welche an diesen Geschäften zur
1623 2234 2746 2289 Hälfte beteiligt sein sollte, einen Kredit von 14,000.000 K. ein¬
1624 2273 2747 2336 geräumt erhalten. Als Rücktrittsbetrag setzte er 200 K. per
1618 2329 2753 2370 Hektoliter, das sind fast 3,000.000 K., in die Berechnung der
1614 2361 2671 2404 Gestehungskosten ein und hat solcherart die erhebliche Post
2680 2356 2758 2414 auf
1617 2406 2755 2456 den Verbraucher überwälzt. Ursprünglich behauptete Schenk, die
1617 2443 2757 2494 Weine trügen keinen besonderen Namen, später teilte er jedoch
1624 2495 2752 2540 mit, daß diese Weine ausschließlich Qualitätsweine mit ver¬
1628 2526 2751 2580 chiedenen Namen seien. Diese nachträgliche Qualitätserhöhung
1619 2568 2743 2625 wurde jedoch durch die Erhebungen als unglaubwürdig nach¬
1614 2623 2753 2663 gewiesen. Im Zuge des weiteren Verfahrens wurden auch die
1619 2660 2756 2707 Steuerfatierungen zu Erhebungszwecken herangezogen. Hiebei
1616 2695 2745 2742 wurde festgestellt, daß Schenk für das Geschäftsjahr 1913 einen
1620 2735 2745 2791 Reinverdienst von 9348 K., für das Jahr 1919 einen solchen
1614 2775 2749 2831 von 7,603.178 K. eingestellt hat, wobei er überdies einen Wein¬
1617 2818 2753 2868 vorrat von 10,725.000 K. einbekannte. Im Juli 1920 berichtigte
1623 2860 2746 2909 Schenk die Angaben vom Jahre 1919 dahin, daß der Vorrat
1615 2897 2751 2948 angeblich statt mit 25 K. nur mit 11 K. 50 H. per Liter zu
1621 2945 2755 2990 bewerten sei, so daß das Weinlager einen um 6,000.000 K.
1613 2988 2741 3036 geringeren Wert repräsentiert hätte und der Reingewinn von
1619 3023 2753 3077 1919 nunmehr nur 1,811.969 K. betrage. Die Steuerbehörde
1611 3068 2751 3115 hat bereits eingegriffen und außerdem wurde der Weinhändler
1615 3109 2740 3171 wegen Verdachtes der Preistreiberei der Staatsanwaltschaft
1619 3151 1773 3214 angezeigt.
1710 3181 2741 3255 [Die Verfehlungen eines Oberbeamten der
1623 3236 2748 3293 Straßenbahn.] Wegen verschiedener Betrügereien hat das
1626 3280 2745 3330 Sicherheitsbureau, wie heute gemeldet, den Vizeinspektor der
1615 3325 2741 3386 städtischen Straßenbahnen Gustav Zimmermann in Haft
1612 3377 2749 3422 genommen und dem Landesgerichte eingeliefert. Den ersten
1615 3410 2745 3469 Anstoß zu seiner Verhaftung bildete die Anzeige des Majves a. D.
1615 3459 2627 3503 Otto B., der im Kriegsministerium in Stellung war.
2679 3464 2739 3512 Im
1616 3497 2659 3550 Freundeskreise hatte er den Vizeinspektor kennen gelernt.
1616 3544 2739 3592 hatte sich als Färberei= und Bleichereibesitzer Gustav Ziegler aus
1612 3587 2736 3636 Hietzing vorgestellt und dem Major eine Stellung in seiner
1620 3630 2743 3686 Fabrik versprochen. Der Offizier hatte seine Stellung im
1615 3675 2736 3726 Bundesministerium tatsächlich aufgegeben und sich mit einer ver¬
1623 3718 2732 3764 hältnismäßig kleinen Pension abfertigen lassen. Als sich der
1614 3761 2735 3819 Antritt der Stellung in der Fabrik immer weiter hinauszog,
1620 3798 2728 3870 ging der Major eines Tages selbst in die Fabrik, um nach dem
1617 3840 2736 3898 Rechten zu sehen, und ließ sich bei dem Fabrikanten Herrn
2805 91 3251 162 Aichsihnil swochensafun
2814 140 3246 197 Zukunft ein Betriebska
2816 179 3250 246 wendig. Ist diese Betrie
2817 216 3251 279 fast bei allen alten Trafi
2808 268 3252 329 großen Zahl von kriegsl
2811 311 3244 371 vor kurzer Zeit ihr Gesc
2819 350 3243 415 Sowohl der Tabakregie.
2813 394 3259 452 Finanzen ist die Lage de
2809 439 3248 505 deshalb wurden die Verfi
2905 485 3229 542 Vorträge und
2809 527 3231 583 inden folgende Vorträge
2806 565 3219 623 ½3 Uhr, großer Saal:
2809 610 3286 673 Wunder des Schneeschuhes
2801 644 3258 704 Anderle: „Philosophie
2808 681 3257 739 Dr. Josef Kling: „Die
2800 718 3255 773 wissenschaft und Technik
2804 760 3255 811 „Meisterschöpfungen moder
2815 790 3252 851 Saal: Schubert=Goldmark
2811 831 3236 890 Universitätsprofessor Dr.
2810 872 3240 928 aal, Professor Ingenieur
2800 907 3026 957 Schiffen“:
3026 904 3192 960 Klubsaal:
2802 934 3234 1005 Refraktorraum, Professor
2866 981 3257 1041 Oesterreichisches
2798 1023 3270 1084 Hofrat Direktor Dr. Eduaf
2801 1065 3257 1118 zur Zeit des Wiener K
2799 1098 3260 1165 innere Medizin un
2807 1135 3247 1189 saal der Klinik Ortner,
2793 1169 3266 1233 Jagic, Schlesinger, Weinber
2890 1212 3264 1267 Verein für an
2805 1256 3273 1303 und Psychologie, 7 Uh
2807 1293 3265 1342 Grundlagen der Individ
2819 1325 3260 1380 chaft", 7 Uhr, Staatsayn
2805 1358 3252 1429 Richter: „Geschichte der
2869 1440 3259 1516 [Kursalon=Red
2799 1497 3254 1552 Armen der Stad
2794 1538 3258 1601 17. d. in sämtlichen Säle
2807 1591 3237 1648 ands unter Mitwirkung
2807 1627 3271 1689 erg. Im Kabarett: Marisch
2808 1673 3265 1731 Leopoldi. Entree 100 Kro
2795 1714 3269 1780 nahmen fließen den Arme
2889 1763 3265 1827 Nacht=Komödi
2800 1811 3260 1873 nachts, findet im großen
2797 1851 3274 1917 unter Mitwirkung folgend
2801 1895 3279 1952 bestimmte Zusage gegeben
2796 1940 3254 1989 Franzi Ressel, Hubert
2786 1986 3257 2042 Berndt, Jösef Köni
2800 2025 3277 2080 Eugen Günther, Leo#
2798 2073 3263 2126 am Flügel: Erich Mel
2800 2106 3265 2168 zu haben: bei der Kon
2798 2155 3279 2220 dorfer und den sonstig
2889 2198 3273 2273 [Das Mieder] de
2795 2234 3263 2292 Originalfigur=Former „Inn
2803 2284 3261 2347 1. Bezirk, Margaretenstraße
2895 2327 3271 2385 [Trauerfärberei
2800 2367 3262 2423 13. Bezirk, Linzerstraße 104
3204 2412 3262 2463 die
2905 2411 3168 2468 „Exzelsior“!
2795 2442 3212 2501 abendlich ein Programm
3212 2457 3273 2499 in
2793 2489 3257 2552 6. Bezirk, Mariahilferstraße
2892 2534 3182 2587 [Brillanten.
3215 2532 3263 2591 P
2807 2573 3268 2629 Service, Kassetten, Aufsätze u
2802 2611 3267 2671 geschäft, 1. Bezirk, Hab
2804 2650 3231 2696 Graben beim Kohlmarkt,
2802 2690 3269 2742 zwei Häuser vor dem Allgeme
2790 2729 3266 2779 zimmer. Telephon 20787 Fi
2886 2768 3274 2822 [Perlen, Brillan
2797 2802 3265 2866 Service, Kassetten, künstlich
2803 2849 3273 2908 vitsch, 1. Bezirk, Maxim
2802 2888 3248 2945 Telephon 8541, 2. Bezirk,
2792 2925 3281 2988 Telephon 45146. Samstag g#
2896 2968 3270 3022 Coeur de Fleur
2800 3000 3282 3065 Parfüm der vornehmen Dam
2789 3080 3271 3173 Freigabe des Hand
3132 3151 3277 3225 Gzech
2890 3202 3268 3292 Aufhebung der
3054 3270 3286 3346 (Telegramm der
2874 3364 3277 3444 Die Regierung wir
2792 3425 3085 3492 geordnetenhaus
3122 3430 3254 3491 einen
2796 3472 3214 3538 Sicherung der
2784 3517 3283 3590 wichnigsten Bestimmungen
2782 3567 3270 3632 der Handel mit G
2788 3612 3286 3672 produlten frei wird. R
2787 3660 3293 3717 einige sogenannte Speku
2790 3710 3282 3772 gebundenen Wirtschaft un
2784 3757 3272 3816 1921 an wird der Meh
2779 3804 3206 3867 werden. An diesem
2775 3842 3281 3926 Mehlkarte aufge
