3436 4384
355 185 485 282 11.
1049 198 1461 293 box 17/2
534 196 854 294 Reigen
508 547 1270 660 Dr. Max Goldschmidt
593 642 1203 728 „ Bureau für.
649 708 1125 799 Zeitungsausschnitte
396 775 1364 849 verbunden mit direktem Nachrichtendienst durch
653 836 1123 910 eigene Korrespondenten.
941 896 1314 963 Telephon: III, 3081.
448 895 787 967 Berlin N. 24.
692 1003 1091 1090 Ausschnitt aus
696 1140 1155 1254 PU KaN
665 1364 1306 1496 74. 4/. 0%
489 1599 1401 1694 p Schnitzlers „Reigen“ Aus München, 23. d.,
459 1663 1390 1737 wird uns telegraphiert: Ein hiesiger Studenten¬
453 1698 1393 1774 verein veranstaltete hier vor wenigen Tagen in
457 1742 1397 1825 einer geschlossenen Vereinsversammlung eine
452 1794 1393 1870 Vorlesung von Schnitzlers „Reigen“.
465 1831 1391 1908 Der Kultusminister hat nun das Rektorat der
466 1872 1386 1958 Universität beauftragt, sofort die Arrangeur
451 1921 1389 1992 dieser Veranstaltung zu ermitteln und gegen sie
457 1959 1398 2053 die Untersuchung einzuleiten, da das Werk durch
455 2005 1392 2082 eine Verfügung der Wiener Polizei, die die
450 2049 1389 2151 Vorlesung untersagte, als „notorisch unsittlich“
444 2091 790 2175 gekennzeichnet sei.
569 2422 1349 2526 Dr. Max Goldschmidt
649 2521 1268 2602 „ „ Bureau für
704 2594 1187 2676 Zeitungsausschnitte
466 2670 1429 2724 verbunden mit direktem Nachrichtendienst durch
704 2713 1188 2785 eigene Korrespondenten.
998 2770 1374 2843 Telephon: III, 3051.
514 2763 845 2848 Berlin N. 24.
522 2834 1450 2875 —
750 2880 1154 2959 Ausschnitt aus
728 3166 1247 3260 Berliner Morgenpost
720 3263 986 3370 24.11.03
632 3468 1438 3548 Die bedrohte Tugend der Münchener
581 3520 1435 3577 Studenten. Der bayerische Kultusminister hat, wie
587 3571 1425 3622 uns aus München telegraphiert wird, das Rektorat
583 3619 1434 3676 der Münchener Universität angewiesen, sofort gegen
589 3662 1428 3712 jene Studenten eine strenge Untersuchung einzuleiten,
593 3706 1424 3756 die im akademischen Verein in unöffentlicher Auf¬
581 3752 1425 3801 führung Arthur Schnitzlers Stück „Reigen“,
583 3789 1433 3859 das als „notorisch unsittlich gebrandmarkt“ sei, mit¬
558 3834 808 3913 #ewirft haben.
2211 296 2971 406 Dr. Max Goldschmidt
2342 393 2772 479 „ . Bureau für
2353 462 2829 541 Zeitungsausschnitte
2105 529 3058 594 verbunden mit direktem Nachrichtendienst durch
2356 584 2816 647 eisene Korrespondenten.
2647 644 3001 709 Telephon: III, 3051
2161 631 2480 708 Berlin N. 24.
2099 694 3055 763 —
2385 752 2783 827 Ausschnitt aus
2434 1047 2905 1147 Gerliner Tageblan
2589 1295 2868 1396 25 11.03
1983 1383 3142 1454 irb Schnitzlers „Reigen“ ist dem Akademisch=drama¬
1922 1416 3127 1487 tischen Verein in München gefährlich geworden. Wie uns aus
1925 1455 3135 1529 der Isarstadt gemeldet wird, wurden die sonst bei Beginn des
1934 1495 3126 1558 Semesters üblichen Anschläge des genannten Vereins, in denen
1932 1535 3128 1611 dieser am schwarzen Brett der Universität zur Teilnahme an seinen
1959 1571 3142 1657 Veranstaltungen einlud, in diesem Semester auf Grund einer Ent¬
1947 1607 3146 1683 schließung des Ministeriums des Inneren wieder ent¬
1943 1650 3137 1724 fernt. Zur Begründung wurde angegeben, daß der Verein durch die
1942 1684 3147 1768 Aufführung von Szenen aus dem Schnitzlerschen „Reigen“ die Kritik
1942 1719 2453 1779 au sehr herausgefordert habe.
2451 1743 3137 1797 (Wir sind nicht ängstlich und schären
1947 1765 3137 1833 den Liieraturwert des Schnitzlerschen Dialogbuches höher ein als
1947 1801 3142 1876 viele seiner rabiaten Gegner, aber wir können in diesem Falle dem
1938 1830 2655 1899 Ministerium nicht völlig Unrecht geben.
2652 1852 3142 1915 Die Aufführung einiger
1933 1871 3144 1951 Szenen aus diesem nur zur Lektüre für reife Menschen bestimmten
1927 1911 3142 1986 Buche war, gelinde gesagt, eine derbe Geschmacklosigkeit. (Freilich
1934 1943 3125 2024 wäre es ungerecht, wegen dieser einen mißglückten Unternehmung den
1929 1976 3141 2078 Verein, der viel Anregung geboten haben soll, für alle Zeit die Lebens¬
1931 2020 2484 2074 ader zu unterbinden. D. Red.)
2140 2389 2923 2500 Dr. Max Goldschmidt
2219 2479 2844 2568 „ Bureau für
2296 2560 2771 2638 Zeitungsausschnitte
2047 2626 3017 2684 verbunden mit direktem Nachrichtendienst durch
2293 2681 2777 2747 eigene Korrespondenten.
2596 2723 2963 2809 Telephon: III, 3051.
2090 2725 2425 2812 Berlin N. 24.
2136 2765 2775 2862 —
2327 2846 2733 2923 Ausschnitt aus
2243 2999 2872 3136 Deutsche Zeitung, Berin
2598 3368 2881 3500 25 1103
2005 3497 3105 3588 — Die sonst bei Beginn des Semessers üblichen Ad¬
1962 3583 3102 3646 schläge des akademisch=dramatischen Ver¬
1973 3614 3106 3685 eins in München, in denen er am Schwarzen Brett
1970 3666 3107 3727 der Universität zur Teilnahme an seinen Veranstaltungen
1975 3713 3095 3773 einlud, wurden in diesem Semester auf Grund einer Ent¬
1977 3753 3025 3817 schließung des Ministeriums des Innern wieder eu
1983 3795 2965 3860 Zur Begründung wurde angegeben, daß der Verein
1987 3842 2758 3899 die Aufführung von Szenen aus dem 6
2004 3885 2749 3944 Reigen“ die Kritik zu sehr herausgef
2077 3941 2697 4013 hrungen seien als unmoralisch
