3392 4416
1120 188 1882 254 ge den Resierunge¬
1013 237 1888 308 kreisen und auch allen sogenannten liberalen
1017 291 1881 351 Leisetretern, welche der kompakten Majorität
1012 333 1890 402 Wortführer sind, unangenehm geworden
1018 383 1881 452 sein, daß eine Affäre, die man gehofft und
1014 441 1886 505 erwartet hatte, aktenmäßig eskamotieren zu
1018 483 1882 551 können, dennoch eine ihrer Bedeutung einzig
1009 536 1879 591 entsprechende öffentliche Behandlung fand.
1010 579 1879 647 Und rasch genug wurde das Losungswort,
1019 637 1879 695 wvelches zuerst ausgegeben worden war — in
1010 674 1881 743 sein Gegenteil gekehrt. Hieß es zuerst: Das
1016 718 1878 794 Verbot des „Reigen“ untersteht direkt dem
1006 769 1871 831 Bundesminister, und gab man diesem Ver¬
1014 820 1867 891 bot dadurch politische Farbe, so gilt jetzt,
1013 879 1864 933 nach dem erlittenen Fiasko, die Formel:
1009 915 1483 982 Kulissenangelegenheiten,
1494 923 1866 990 Theaterskandale
1010 963 1863 1035 habe man nicht angesichts „Europas“ in der
998 1011 1880 1083 Versammlung des Nationalrates zu einer
998 1060 1671 1136 Staatsangelegenheit aufgeplustert.
1097 1107 1870 1179 Nun, ich meine: Daß durch die Auf¬
1012 1130 1867 1234 ührung des „Reigen“ und dem daraus ent¬
998 1208 1863 1279 standenen Politikum der Natonglrat zum
1000 1260 1869 1325 Schauplatz einer Auseinandersetzung über
997 1308 1871 1373 wichtige Klarstellungen wurde, ist der Würde
993 1356 1855 1418 dieses Parlaments absolut nicht abträglich
993 1404 1868 1465 Müssen denn immer nur materielle oder
993 1447 1866 1514 bureaukratische oder politische Dinge die
995 1497 1870 1545 Tagesordnung beschäftigen? Gibt es nicht
991 1546 1862 1608 auch Probleme tieferer oder höherer Prä¬
987 1594 1864 1664 gung, die in keine der oberwähnten Rubriken
996 1640 1869 1708 einzuzeichnen sind? Und die dennoch staats¬
995 1682 1865 1749 aufbauende oder staatszerstörende Kräfte in
999 1729 1866 1794 sich tragen? Ist denn wirklich nur einer
988 1773 1853 1848 Kompetenzfrage wegen dieser Streit der
1001 1822 1853 1901 Parteien entstanden? Standen sich nicht
988 1865 1863 1939 plötzlich, bis an die Zähne bewaffnet, zwei
992 1921 1858 1994 Welten gegenüher? Deren vieltausendjähri¬
988 1979 1863 2045 ges Ringen um Geistesfreiheit und um
996 2020 1865 2089 Geistesunterdrückung Ewigkeitszug trägt?
982 2063 1855 2127 Gibt es den neben und über der rationellen
981 2112 1852 2189 Vorsorge, wenn auch „die Ziffern des De¬
994 2167 1855 2238 izits wie Sturmglocken dröhnen“, nicht auch
987 2216 1848 2281 immaterielle Fragen, um deren Entscheidung
984 2269 1862 2331 zu kämpfen jeder Zeit, jeder Volksvertretung
979 2316 1851 2373 zur Ehre gereichte? Haben nicht die
980 2366 1852 2424 „Liberalen“, die heute die „Reigen“=Affäre
981 2413 1848 2475 als Quantité méprisable behandelt sehen
976 2462 1840 2520 wollen, im österreichischen Parlament,
978 2499 1850 2574 in der österreichischen Presse den jesuiti¬
985 2547 1844 2616 schen Wühlereien, dem Tartüffismus,
974 2599 1841 2654 welcher eine „Pfarrer von Kirchfeld“=Affäre
969 2649 1843 2697 entfesselte — haben sie nicht damals der
980 2694 1847 2758 schwarzen Opposition ein Autodafé errichtet,
972 2742 1839 2814 dessen Lichtschein heute noch wie Morgen¬
972 2790 1850 2851 röte schimmert? Ist denn das Gefühl ganz
970 2837 1848 2909 dafür verloren gegangen, daß es sich in
971 2882 1843 2951 Wahrheit bei diesem ganzen „Reigen“=
976 2936 1846 2987 Rummel weder um Theaterfragen, noch um
971 2985 1838 3035 Sittlichkeitsbedenken, noch um Machtkompe¬
968 3029 1842 3089 tenzen, zu handeln hat, wenn ein Eingriff
973 3077 1838 3130 in die Rechte künstlerischer Unabhängigkeit
968 3127 1831 3180 und geistiger Freiheit überhaupt erfolgt?
964 3173 1839 3236 Weil es hier gegen Unduldsamkeit gehen
969 3229 1833 3277 muß, gegen Borniertheit und noch viel ge¬
970 3268 1843 3322 fährlichere Attentate auf Seelenversklavung,
964 3320 1844 3367 die immer wieder von gewisser Seite versucht
965 3373 1838 3426 werden. Und ist es nicht eine seltsame
964 3410 1831 3470 Anomalie oder Verlogenheit des Emp¬
969 3458 1835 3514 findens — sich vor dem Auslande, vor Wohl¬
963 3504 1838 3559 tätern und Spendern der uns helfenden
973 3555 1831 3609 Nationen zu schämen, weil ihnen die
962 3601 1835 3654 österreichische Volksvertretung angeblich ein
956 3652 1834 3711 Schauspiel äußersten Niederganges bietet,
970 3698 1829 3748 welches darin bestehen soll, daß „Parlamen¬
962 3748 1822 3797 tarier“ sich des „Reigens“ wegen in den
962 3795 1834 3854 Haaren liegen? Sollte man sich nicht eher
966 3843 1838 3898 schämen, dieser Außenwelt eine derartig un¬
966 3892 1838 3943 geistige Gesinnung zuzutrauen? War denn
967 3937 1822 3985 überhaupt Europa an ein gar so hochstehen¬
973 3986 1832 4049 des Anstandsniveau der einstigen österreichi¬
964 4029 1837 4092 schen Parlamentssitzungen gewöhnts Und
1936 204 2792 273 znt Wort, 105 der Menschen.
1940 246 2793 315 lendeste Erfindung, der „Staat“, funktio¬
1930 284 2793 373 niert. Der Staat, der dem Lügenbegriff
1929 335 2784 413 der „Staatsraison“ sein Leben dankt. Der
1933 380 2780 453 Staat, der für die „Ordnung“, als welche
1921 435 2792 505 er seine Machtorgie ansieht, das Individuum
1927 484 2789 566 umzubringen sucht. Im Namen der Staats¬
1928 532 2781 608 raison wagen die Regierenden stets jene
1932 577 2776 655 rechen Eingriffe, die vor dem Recht des
1928 635 2774 699 geistigen Lebens, Erlebens und Auslebens
1923 678 2775 749 nicht Halt machen. Daß aber solche be¬
1928 722 2781 793 lissene Einmengung, solche Gängelung und
1928 767 2773 843 euchlerische Bevormundung der Staats¬
1929 827 2784 891 ürger immer nur einen zagen Anfang dar¬
1926 864 2769 939 tellen; daß allmählich aus solcher Moral¬
1922 916 2780 986 riecherei eine allumfassende Unterjochung
1923 960 2775 1024 eder Wahrheit sich kristallisiert, dies hat die
1918 1009 2767 1073 Weltgeschichte in ihr ehernes Erinnern ein¬
1917 1057 2114 1117 gezeichnet.
2001 1102 2771 1159 Darin liegt die Bedeutung der Aus¬
1921 1143 2773 1217 einandersetzung, welche in der Nationalver¬
1920 1203 2767 1264 sammlung so dramatische Formen annahm.
1920 1241 2783 1321 Daß man wieder einmal das Heranschleichen
1914 1292 2781 1363 solcher hypokritischen taktischen Geistes¬
1919 1347 2769 1401 ürsorge wahrnehmen konnte. Und darin
1910 1398 2769 1449 lag die Aufgabe der öffentlichen Meinung:
1911 1441 2784 1510 die sympt matische Wichtigkelt eines solchen
1907 1492 2782 1549 Gesinnungskampfes aufzuzeigen, anstatt, wie
1910 1538 2775 1602 as geschah, diesen Kampf zu einer „Tinterl¬
1906 1582 2766 1643 affäre“ eines Theaterskandals herabzusetzen.
2056 1640 2726 1709 Berta Zuckerkandl.
2250 1693 2432 1747 S
1955 1736 2642 1873 Was will Bayern
