3336 4416
485 109 1467 172 senpfidens durch
483 149 1590 217 Reigen"=Skandal nicht nur duldete, sondern sogar noch
491 204 1583 255 rotegierte; sie trifft den Bürgermeister und Landeshaupt¬
486 247 1585 313 ann Reumann und seine Genossen, die ihn beraten
486 301 1587 352 nd in seiner senilen Starrköpfigkeit unterstützt haben.
479 342 1594 417 zei diesen mögen sich jene bedanken, die bei dem Akt
481 399 1592 457 er Selbsthilfe christlicher junger Männer gegen das
493 441 1592 511 ffentliche Aergernis der „Reigen“=Aufführungen unter
480 494 1591 559 em Schutz der Sozialoemokraten vielleicht zu Schaden
478 533 774 600 ekommen sind.
548 568 1582 656 Wir erhalten folgenden Bericht: Bis halb 8 Uhr
471 634 1584 699 jerrschte vor dem Theater und im Theater vollkommene
465 686 1579 741 Ruhe. Während des vierten Bildes kam plötzlich in die
462 733 1589 789 Zuschauer Bewegung: Stinkbomben platzten im Theater¬
462 788 1579 853 raum und erfüllten die Luft mit einem fürchterlichen
460 828 1584 900 Gestank. Das Schieberpublikum geriet in große Nervosi¬
459 878 1589 939 tät. Der Akt wurde abgebrochen und alle Türen geöffnet,
456 937 1577 1001 um die Räume auszulüften. Ueber allen Zuschauexn lac
450 984 1592 1041 eine bange Stimmung und alle fragten sich: „Was ist
463 1021 1584 1083 los? Was wird geschehen?" Ein junger Mann, der
459 1073 1580 1129 Stinkbomben geworfen hatte, wurde festgenommen und
454 1128 1577 1189 unter erregten Flüchen des Publikums vom Personal des
455 1170 1579 1246 Theaters weggeführt. Vor dem Theater hatte sich mittler¬
460 1225 1577 1277 weile nichts Auffallendes ereignet. Nur sah man größere
459 1275 1577 1331 und kleinere Gruppen von Leuten, die ihrem Aussehen
453 1317 1589 1379 nach durchaus nicht zum Publikum der Rotenturmstraße
448 1375 1577 1431 zu gehören schienen. Sie marschierten in den umliegenden
458 1416 1586 1465 Gassen ruhig auf und ab und niemand ahnte, was in
448 1466 1584 1531 wenigen Minuten geschehen sollte. Plötzlich schrillte durch
454 1508 1590 1577 die Straßen ein gellender Pfiff und wie auf ein Kom¬
449 1559 1586 1620 mando wendeten sich die ungewöhnlichen Spaziergänger
448 1606 1585 1671 gegen die Eingänge des Theaters. Unter Hurro waren
448 1658 1585 1716 in wenigen Sekunden die Eingänge gestürmt. Die Massen
448 1713 1584 1771 ergossen sich über die Stiegen hinunter in den Zuschauer¬
448 1761 1575 1815 raum. Dort hatte unterdessen das Spiel wieder seinen
445 1808 1579 1870 Fortgang genommen, als der Lärm von der Gasse herein¬
450 1854 1583 1920 drang. Das Licht wurde aufgedreht und mit bangem
440 1899 1584 1969 Schrecken und bleichen Gesichtern sahen die Zuschauer,
440 1950 1584 2017 die sich in ihrer Mehrheit aus Frauen (auch ein Zeichen
444 1993 1575 2063 der Zeit!) zusammensetzten, die jungen Burschen ein¬
447 2043 1581 2111 dringen. Bald aber kam Leben unter die Bedrohten. Von
437 2091 1577 2146 den Logen wurden Sessel auf die Ein¬
437 2141 1582 2199 drnglinge geschleudert, wodurch von diesen
445 2188 1577 2253 mehrere erheblich vexletzt#wurden. Doch immer mehr De¬
446 2237 1578 2308 manstranten kamen in den Saal, die mit lauter Stimme
430 2286 1581 2352 die Zuschauer aufforderten, das Theater zu verlassen und
432 2334 1582 2408 daran gingen, ihrer Forderung energischen Nachdruck zu
440 2385 1568 2450 verleihen. Angesichts der entschlossenen Haltung der
440 2429 1581 2484 Demonstranten erlosch schnell der Widerstand in dem
434 2490 1565 2553 Schiebervolk, das die langen Sitzreihen füllte. Das Pu¬
440 2533 1565 2591 blikum suchte, als der Lärm immer ärger wurde und von
436 2577 1574 2638 hüben und drüben Sessel und Bänke geschleu¬
438 2630 1568 2688 dert wurden, fluchtartig den Saal zu verlassen. Viele
434 2684 1572 2740 eilten zu den Garderoben, andere flüchteten auf die An¬
441 2727 1570 2782 standsorte, wieder andere auf die Bühne, die durch den
438 2781 1576 2832 eisernen Vorhang vor dem Eindringen der Demon¬
447 2820 1575 2896 stranten bewahrt wurde. Bei den Garderoben kam es zu
430 2875 1568 2924 heftigen Auseinandersetzungen. Einige Juden¬
437 2918 1575 2978 jünglinge, die erbittert darüber waren, in ihrem
428 2974 1565 3042 Vergnügen gestört worden zu sein, provozierten
433 3019 1572 3076 in herausfordernder Weise. Die Antwort blieb nicht lange
428 3077 1571 3139 aus und daß dabei auch einige unschuldige Leute zu
434 3115 1567 3179 Schaden kamen, ist erklärlich. Unter den Verprügelten
429 3164 1567 3219 befand sich . . .. Vizebürgermeister Emmerling,
422 3214 1571 3267 der, obwohl Proletariervertreter, sich unter den in= und
426 3265 1572 3333 ausländischen Schiebern recht wohl gefühlt zu haben
436 3307 577 3369 scheint.
517 3352 1564 3423 Zehn Minuten nach Beginn des Krawalles weren
429 3393 1564 3464 die Räume des Theaters, soweit sie den Demonstranten
433 3464 1566 3525 zugänglich waren, von dem Publikum gesäubert. Da
426 3508 1560 3567 wurde bekannt, daß viele der Zuschauer sich durch eine
431 3554 1564 3606 Seitentüre auf die Bühne geflüchtet hatten. Die Demon¬
430 3602 1559 3672 stranten wollten ihnen nachdrängen. Schon waren durch
421 3652 1564 3720 die Verbindungstüre mehrere Männer eingedrungen, da
421 3701 1554 3757 öffneten Theaterangestellte in den Bühnenräumen
422 3749 1546 3836 die Feuerhydranten und mächtige Wasserstrahlen
414 3804 1554 3855 ergossen sich durch den engen Verbindungsgang. Bald
417 3851 1550 3912 ergossen sich die Fluten in die Garderobenräume und
417 3900 1551 3971 drangen von dort in starken Strömen in den Zuschauer¬
1606 2322 1644 2378 h
1598 2457 1648 2530 n
1598 2520 1644 2564 u
1603 2558 1641 2619 2
1609 1893 1654 1940 a
1607 1940 1651 1988 a
1621 1695 1657 1747 f
1631 139 2756 189 „Reigen“=Sprengung bald allgemeiner Gesprächsstoff.
1635 185 2750 244 Von ganz wenigen Ausnahmen abgesehen, wurde das
1620 232 2752 290 Vorgefallene mit lebhaftester Befriedigung zur Kennt¬
1629 282 2755 347 nis genommen. Ueberall war man sich darüber einig.
1630 325 2756 387 daß die Aufführung des „Reigen“ eine Schande für
1633 375 2763 429 Wien und daß die Verhinderung der Aufführung dieses
1636 426 2756 475 Stückes die Erfüllung einer allgemeinen Forderung des
1619 472 2760 525 Volkswillens entspreche. Das Schieberpack, das die
1628 524 2752 584 „Reigen“=Vorstellungen bevölkerte, war der Gegenstand
1636 571 2756 633 nicht gerade zärtlicher Bemerlungen und die Betroffenen
1622 616 2759 678 drückten sich eiligst vor den Gruppen, die in lebhaftem
1626 666 2746 731 Gespräche ihren Meinungen freien Lauf ließen. Einige der
1624 715 2752 772 Ausländer, die in Wien ihre dunklen Geschäfte machen
1622 769 2759 827 und die auch aus der Vorstellung verjagt wurden und
1630 812 2743 873 darüber sehr entrüstet taten, wurden, als sie sich äußerten,
1618 856 2743 923 daß Oesterreich diesen Vorfall bitter werde büßen müssen,
1625 912 2694 970 von der empörten Menge entsprechend zurechtgewiesen.
1719 963 2743 1031 Eigentumsdelirte sind, wie das Personal
1622 1022 2745 1078 des Theaters einstimmig zugab, nicht zu verzeich¬
1622 1068 1903 1139 nen gewesen.
1708 1153 2743 1230 Bei den Vorfällen wurden, wie die Polizeikorre¬
1627 1231 2753 1288 spondenz meldet, fünf Personen arretiert. Die Nacht¬
1622 1281 2752 1333 vorstellung, die um 10 Uhr beginnen sollte, wurde
1625 1328 2101 1401 polizeilich verboten.
1626 1398 2270 1520 Ein beinlicher Amisch
2362 1431 2752 1541 all auf dem
