3336 4320
196 130 321 205 11.
386 128 438 195 R
389 138 699 235 igen
898 131 1289 229 box 18/1
1588 547 1920 619 Dekadenz.
740 673 1706 734 Wenn Nießsche von „Umwertung der sittlichen Werte
1773 685 2846 754 Grunde liegt, welche sich ebenso im menschlichen Geiste
702 722 1716 777 redet, so meint er damit Umwertung nach oben hin: Um¬
1771 750 2839 805 wie in der Natur offenbark. Durch das Schöne aber,
707 763 1718 817 wertung im Sinne kapferer Selbstüberwindung, immer stei¬
705 797 1728 848 lerer Aufgaben, immer härterer Selbstzucht. In unseren Tagen
1775 790 2832 865 das dem Guten und Wahren verwandt ist, sieht sich
696 834 1723 891 bedeutet „Umwertung“ meistens Umwertung nach unten hin:
1775 839 2839 909 der denkende Geist auf einen letzten Quell der Schön¬
710 879 1714 924 nach der Richtung des Tierischen. Ein Theater, das seine
1781 891 2832 947 heit hingewiesen, auf einen Schöpfer, so daß Winkel¬
711 916 1714 970 Vorstellungen mit Schnitzlers „Reigen“ beginnt, stellt sich
1776 944 2831 1008 mann sagen konnte: „Die höchste Schönheit ist in
698 957 1714 1023 hiermit programmatisch in den Dienst der Umwertung der
708 997 1438 1067 sittlichen Werke in dem schlechtesten Sinne.“
1774 992 2831 1047 Gotk.“ Echte Kunst ist auch der Religion verwandt.
1774 1035 2831 1102 Wie diese in dem Bestreben des Menschen besteht,
718 1059 1718 1119 Wenn der österreichische Minister Glanz mit sei¬
1774 1087 2823 1157 sich an eine höhere geahnte Macht hinzugeben, um sich
657 1113 1707 1177 nem Urteil Recht hat, zu welcher Gruppe von Men¬
1769 1141 2823 1197 und sein Dasein zu erhöhen, so bewirkt auch jene eine
662 1160 1719 1236 schen soll man die in Berlin im „Reigen'-Prozeß
1771 1186 2834 1252 solche Erhöhung des menschlichen Daseins für den
657 1216 1716 1273 ihres Amtes waltende Richterschaft, die zu einem
1777 1235 2831 1296 Einzelnen wie für die ganze Gattung. Und schließlich
659 1259 1712 1334 Freispruch der Angeklagten gelangte, dann eigentlich
1769 1282 2831 1352 hat die Kunst ihre höchsten Leistungen stets und überall
650 1319 1712 1367 zählen? Von der Berliner Polizei, die sich in unge¬
1767 1337 2645 1407 im Verein mit der Religion hervorgebracht.
658 1366 1718 1428 trübter Sachkenntnis immerfort dazu mißbrauchen
1805 1388 2832 1466 Hatte nun die Berliner Richterschaft auch von der
658 1409 1710 1474 läßt, Pseudo-Vestalinnen gleich, Abend für Abend
1764 1446 2828 1512 Kunst keine Ahnung? Ist ihr anläßlich ihrer Ver¬
655 1468 1706 1527 auf Wunsch und nach Bedarf selbst im Massenauf¬
1761 1491 2823 1564 handlungen im Gerichtssaal und während des Lokal¬
654 1512 1715 1568 gebot sorgsam das Feuer im Tempel der Göttin
1760 1550 2822 1595 termins im Theater bei der Vorstellung nicht die Ver¬
653 1562 1709 1630 Venus vulgivaga zu betreuen, damit es ja nicht vor¬
1766 1593 2812 1660 antwortung gegenüber der Allgemeinheit zentner¬
650 1616 1698 1676 zeitig erlösche, soll hier gar nicht erst gesprochen wer¬
1778 1638 2823 1705 chwer auf die Seele gefallen? Aber deutsche Richter
656 1659 1708 1723 den. Untere Organe haben bereits des öfteren be¬
1777 1691 2816 1757 ind Knechte des unsittlichen römischen Rechtes, Buch¬
643 1712 1704 1783 wiesen, daß sie nicht den wahren vom falschen Ruhe¬
1768 1739 2824 1809 staben- und Paragraphenmenschen, die offiziell nichts
651 1757 1524 1818 und Ordnungsstörer unterscheiden können.
1767 1798 2816 1852 weiter verstehen und zu verstehen haben. Sie wissen
695 1815 1699 1874 Seit der November-Revolution ist die Volks¬
1758 1844 2824 1908 auch selbst, daß sie sich durch das abstrackum pro
653 1873 1703 1936 gesamtheit gleichsam über Nacht, ohne es selbst zu
1768 1893 2832 1960 concreto z. B. von ihren französischen und englischen
645 1925 1705 1983 wissen, nach dem Urteil solcher, die nur im Radau ge¬
1761 1939 2825 2014 Kollegen sehr erheblich unterscheiden. So nehmen sie
641 1962 1707 2023 deihen, politisch reif geworden. Aber nicht nur das
1760 1995 2812 2054 auch in punkto Kunst in erbarmungswürdiger Hilf¬
651 2015 1691 2074 allein. Die Masse ist plötzlich auch „kunftverständig'
1754 2037 2816 2098 losigkeit das Gutachten der Sachverständigen ent¬
640 2067 1704 2126 geworden, wie der Einzelne nur des besten Willens
1755 2094 2815 2147 gegen, das für sie im wesentlichen zum Urkeil wird.
653 2117 1707 2172 zum Guten fähig. Da war es selbstverständlich höchste
1760 2140 2818 2207 Ob sie es sich auch persönlich zu eigen machen, hat da¬
643 2163 1703 2223 Zeit, die Thealerzensur, dieses Überbleibsel aus des
1762 2193 2822 2245 mit nicht das geringste zu kun. Allerdings könnte man
645 2212 1700 2282 Volkes Unmündigkeit, abzuschaffen. Man besaß ja
1757 2232 2807 2307 sich unter besonderen Umständen sehr wohl einen grö¬
643 2267 1705 2327 zur Not, wenn man sich bei dieser Entschließung
1760 2285 2821 2349 ßeren Eifer beim Richter vorstellen. Angenommen
641 2315 1703 2372 wirklich sollte überrumpeln lassen oder getäuscht
1759 2340 2806 2391 z. B., ein dem Gerichtsgebäude benachbarter Ge¬
641 2357 1709 2424 haben, immer noch im Strafgesetzbuch den § 183, der
1755 2388 2807 2447 werbebekrieb erzeugt fortgesetzt penetranke Gerüche,
640 2409 1696 2460 den mit Gefängnis bis zu zwei Jahren oder mit Geld¬
1751 2436 2819 2504 was die darunter leidende Justizverwaltung veranlaßt,
637 2461 1707 2523 strafe bis zu fünfhundert Mark bestraft, der durch
1752 2486 2809 2550 wegen Abstellung der Übelstände Klage zu erheben.
639 2514 1692 2582 eine unzüchtige Handiung öffentlich ein Argernis gibt.
1753 2529 2804 2599 Sachverständige, wie meinetwegen jüdische Vieh¬
687 2562 1696 2630 Wahre Kunst kann nun niemals Argernis erregen,
1759 2580 2823 2648 händler, Hopfenschwefler und Chemiker würden dann
639 2610 1695 2679 denn sie ist, kurz gesagt, Mitteilung des ästhelisch
1746 2634 2802 2696 übereinstimmend aussagen, daß die Gerüche wohl ge¬
645 2663 1696 2734 Werkvollen, das wir als das Schöne bezeichnen. Was
1748 2681 2802 2749 rade nicht angenehm aber durchaus nicht schädlich
637 2714 1685 2776 der Künstler geleistet hat, muß der Genießende nach¬
1750 2731 2817 2787 wären, und daß man sich bald an dieselben gewöhnen
639 2765 1682 2833 erleben, indem er das Kunstwerk geichsam nach
1741 2782 2801 2842 könne. Wer da glaubt, daß daraufhin der Gerichtshof
646 2812 1698 2871 schafft. Er muß somit Phankasie und Gefühl in Be¬
1753 2832 2820 2897 mit einer müden und lässigen Handbewegung zum
631 2866 1696 2926 wegung setzen. Wer das in Richtung des Schnitzier¬
1754 2875 2805 2942 Freispruch resp. zur Zurücknahme der Klage käme,
643 2910 1694 2984 schen „Reigen“ tut, der landet bei der „freien Liebe“,
1758 2931 2801 2998 und daß auf Grund dieser überzeugenden Gutachten,
643 2964 1687 3025 bei der größten sittlichen Verwahrlosung, bei der Auf¬
1744 2978 2800 3035 die an dem fraglichen Industriezweig gänzlich uninter¬
640 3010 1698 3079 lösung der Familien- und Volksgemeinschaft, für
1753 3023 2802 3086 essierten germanischen Nasen die verpestete Luft nun
632 3058 1690 3122 deren schwerwiegende kulturelle Folgen nur ein rein
1755 3072 2805 3128 lustig weiterschnappen werden, der dürfte sich wahr¬
631 3116 1688 3173 wirkschaftlich und international orientierter Staat ohne
1757 3124 2811 3188 cheinlich bald eines besseren belehrt sehen. Denn
639 3157 1690 3225 Verständnis sein kann. Ist man sich ferner darüber
1752 3171 2802 3234 hier handelt es sich einfach nicht mehr um das corpus
636 3202 1690 3275 klar geworden, welch niedere Motive Inhalt und For¬
1753 3224 2793 3278 uris, sondern das corpus mea. Not kennt kein Ge¬
635 3263 1695 3333 men des „Reigen' schufen, der eine nicht mehr zu
1746 3270 1827 3332 bot.
643 3310 1692 3376 überbiekende Geschmackslosigkeit offenbart, so weise
1793 3317 2797 3377 Und nichts anderes ist es schließlich, wenn wir dieser
629 3358 1694 3418 man auch ganz energisch das Heer der öffentlichen
1739 3374 2806 3443 unzüchtigen Schlammflut, die unter dem Deckmantel
629 3408 1692 3471 Kritiker von sich, die in einer gewissen Presse in dieser
1745 3416 2787 3480 der Kunst unser Volk zu verseuchen droht, allem Ge¬
636 3453 1692 3520 Sache für ihren Rassegenossen warm Partei er¬
1747 3464 2801 3542 fasel eines gewissen Kunstheldentums gegenüber, das
633 3513 1687 3573 greifen. Sagen wir ihnen einmal unmißverständlich,
1741 3519 2794 3581 in Gedanken an seine Eitelkeit, Geldbörse und zügel¬
637 3559 1687 3611 was uns in unseren Kunst-Auffassungen trennt. Für
1737 3565 2800 3628 lose Sinnlichkeit, in seinen Worten nur immer von
630 3606 1686 3670 uns liegt Werk und Ziel der Kunst im Schönen, das
1744 3621 2792 3687 einer Bedrohung und Vergewaltigung der Kunst
633 3658 1689 3717 nicht durch Willkür bestimmt wird, sondern dem eine
1740 3662 2797 3724 spricht, ganz energischen Widerstand entgegensetzen.
617 3704 1682 3787 in der Weltentwicklung waltende Gesetzmäßigkeit zu
1738 3713 2800 3779 Als mutigen und troß aller Hetze unbeirrbaren Kämpfer
