3484 4352
286 108 794 210 11. Reigen
291 695 371 790 10
311 853 908 961 Teatrene.
247 999 983 1078 Betty Nansen-Teatret: Reigen
314 1074 993 1139 10 Billeder af Arthur Schnitzler.
310 1130 981 1206 Oversat af Marc. Kalckar. Iscene
309 1177 764 1248 sat af Henrik Bentzon.
312 1244 986 1316 Det er lidt vanskeligt at forstaa, a
262 1302 1001 1394 dette Stykke har givet Anledning til
257 1363 1000 1442 saa megen Staahej baade i Udlandei
262 1429 990 1500 og hernjemme. Her er det jo navnlig
261 1485 993 1555 Censor P. A. Rosenberg, der har vir¬
261 1550 956 1612 ket som Reklame for Forestillingen
256 1605 990 1672 forst ved at forbyde det som „Svineri“
258 1665 999 1742 senere ved at give Tilladelse til Opfe¬
267 1723 1005 1788 reise, naar Halvdelen af tredje Billede
264 1786 1006 1852 blev skaaret veek, og Hr. Poul Levin
257 1836 1002 1926 skrev en lille Fortale, der skulde frem¬
277 1913 1000 1985 siges, inden Tappét gik til Side for
273 1969 537 2046 ferste Billede.
330 2001 1006 2095 Reigen er skrevet for over tredive
269 2074 1002 2159 Aar eiden af den da unge Arthur
272 2129 1008 2196 Schnitzler. Hvis Stykket var frem¬
278 2192 1006 2279 kommet den Gang, vilde der maaske
277 2259 1003 2332 have veret Grund til Opstandelse
284 2305 1014 2397 skent Verket heller ikke da vilde have
292 2358 1001 2429 irket overvaldende. Den forkerte Op
278 2423 1011 2495 fattelse af Reigen er, at en Digter med
278 2489 1016 2568 stort Talent bevidst bar, fremstillet
282 2543 1015 2620 Synden paa Scenen paa en Maade, der
278 2620 1017 2687 kunde virke ophidsende paa mindre
729 2965 803 3052 ¼
685 3198 733 3261 V1
430 3531 912 3620 Skegen og Soldaten.
286 3611 1032 3683 beisestede Siele og derfor maatte be¬
302 3672 1026 3765 trägtes som en serlig ondartet Speku
299 3738 703 3808 lation i Usedelighed.
360 3792 1033 3879 Sandheden er, at Reigen er skreve
307 3851 1034 3929 af en ung Mand, der endnu som
305 3921 1043 3997 Kunstner var uferdig, men Söm aden
311 3968 1035 4050 Tvivl havde gode Intentioner — har
300 4028 1044 4100 har villet vise os den heit kedelige
303 4086 1050 4146 Form for Elskov Forplantni##edriften
979 102 1394 193 box 18/3
1019 823 1755 895 om, at Schnitzler begynder med Smilet
1027 878 1760 950 g ender med Alvoren, Ensomheden,
1013 934 1761 1009 Skuffelsen, Döden. Endvidere at der
1023 1002 1747 1066 usynligt staar „Ej blot til Lyst“ over
1029 1060 1750 1121 Betty Nansen-Teatret, og at Teatret
1018 1122 1759 1196 har stillet store Fordringer til sig selv
1023 1176 1756 1253 og sit Publikum. Inderligt overfledigt
1025 1241 1760 1309 altsammen! Hvorfor behandle voksne
1035 1294 1764 1358 Mennesker som Skolebern! Lad de
1033 1355 1758 1427 Folk, der har Lyst til at se disse beske,
1038 1419 1751 1477 nest sergelige, realistiske Scener, pra¬
1035 1475 1767 1551 get af en Naturalisme eller Impressio¬
1030 1543 1754 1617 nisme, som var god Latin for tredive
1037 1599 1769 1667 Aar siden, lad dem blot nyde Reigen
1035 1652 1759 1717 ubeskaaret og uden Forklaringer, Und¬
1044 1721 1769 1797 kyldninger og andre Dikkedarer, der
1041 1763 1775 1850 kun kan virke vildledende! Der er
1046 1839 1761 1903 saamand intet voksent Menneske, der
1044 1891 1756 1960 vil tage Skade af dette Stykke. De fle
1040 1961 1758 2015 ste vil kede sig over de vidtspundne
1044 2015 1756 2076 ensformige Scener, de mere tenksom
1038 2064 1760 2137 me vil af sig selv opfatte Moralen uder
1038 2124 1424 2190 at beheve Pegepind.
1094 2185 1760 2253 Forestillingen bestaar af ti Smaa
1049 2235 1762 2312 stykker, der i vor Tid vilde benavne
1045 2296 1778 2376 Skeiches, men som kun for enkeltes
1052 2359 1771 2433 Vedkommende i Vid og Formfuldendt¬
1042 2425 1769 2494 hed staar over, hvad der er indlagt
1049 2486 1308 2549 bedre Revyer.
1106 2537 1768 2618 Forst ser man en Skege (Fri
1060 2600 1767 2663 Valborg Voss-Christensen), der paa
1057 2650 1783 2732 aaben Gade opsnapper en Soldat (Hr.
1048 2718 1773 2794 Angelo Bruun), og medens Teppet
1051 2774 1785 2840 gaar neu indlader sig med ham. I
1053 2835 1774 2914 nste Aldeling forferer Soldaten er
1054 2890 1784 2973 Stuepige (Fru Ingeborg Schleiss
1053 2956 1783 3023 David) uden for et Danselokale. I
1058 3018 1773 3091 begge Tilfalde vises det, hvorlede
1063 3074 1774 3139 Manden efter at vere blevet tilfreds
1067 3140 1779 3208 stillet paa brutal Maade afferdiger
1054 3187 1781 3257 Pigebarnet. 1 tredie Billede har Stue¬
1060 3256 1779 3325 pigen et Forhold til den unge Herre
1064 3312 1791 3385 Huset (Hr. Helge Dahl). Derefter
1058 3388 1784 3438 modtager den unge Herre i et Aftra¬
1063 3444 1784 3496 delsesverreise en ung Dame af Bour¬
1061 3504 1792 3554 geoisiet (Fru Thilda Fenss). Ferst i
1064 3555 1783 3620 dette Billede blev der spillet virkelig
1075 3612 1787 3679 Komedie. Der var over denné Scene
1068 3676 1793 3746 en satirisk Brod, som med Rette
1064 3731 1789 3802 fremkaldte Bifald — et Bifald,
1067 3781 1791 3859 fornyedes, da en enkelt Fleite lod sig
1076 3853 1799 3910 here. I det paafelgende Billede lig¬
1072 3911 1808 3974 ger den bedervede' Frue“ I ein Seng
1080 3959 1806 4038 hjemme, og Gemalen (Hr. Robert
1078 4016 1804 4107 Schmidt) ger kilent Kur til Phende
2250 654 2806 769 POLITIKEN
2542 812 3280 870 sad jeg ligerforan Censor og kunde ikke
2546 862 3281 917 undgaa at here og paavirkes af de Kom¬
2555 910 3281 966 mentarer, som han meddelte sine Led¬
2551 953 3283 1018 sagere. Da der blev merkt efter en Scene,
2541 1009 3279 1076 hvor en Soldat ved Nattétid trak sig til¬
2554 1050 3283 1119 bage under en Bro med en uartig Pige,
2549 1103 3289 1167 horte jeg Censor forklare: „De er gaaot
2548 1163 3289 1211 ned for at fiske“. Og da en letsindig Skue¬
2551 1200 3286 1270 spillerinde, der i luftigt Negligé og lig¬
2557 1253 3295 1313 gende i sin Seng modtager Beseg af en
2090 1165 2188 1325 *
2550 1309 3290 1369 Officer i fuld Uniform, lader ham leagge
2554 1348 3293 1408 Sablen og Tajer, horte jeg Censor undskyl“
1954 1393 1996 1442 7
2550 1397 3299 1469 dende mumle: „Hun mener ikke noget
2558 1446 3286 1513 slemt med det, hun er bare Fredsven,
2554 1507 3300 1561 Og i Aftnens farligste Situation, hvor jeg
2556 1562 3287 1608 blev grebet af en let Nervositet ved at se
2558 1600 3293 1671 Robert Schmidt i et Seperatkabinet styrte
1989 1570 2072 1683 1
2563 1643 3294 1713 sig over en ung Pige i stribet Liv, blev jeg
2562 1693 3296 1756 staerkt beroliget ved at here Censor sige:
2562 1749 3302 1823 „Hun har faaet noget i Ojet, den Stak¬
1900 1740 2419 1821 Digteren og Skuespillerinden.
2558 1802 2642 1878 kell:
1798 1827 2527 1915 Bemerkninger, men det store Over¬
2606 1830 3299 1916 De fleste Tilskuere delte Censors og mit
1793 1896 2532 1956 blik over den hele Runddans, den bitre
2555 1895 3307 1961 sunde Syn paa Foretagendet og klappede
2562 1950 3290 2006 tillidsfuldt, som om det var „De Fattiger
1807 1948 2523 2017 ere, der skulde uddrages af denne
2566 1999 3289 2064 Dyrehave. vi, havde set. Dog var der
1803 2017 2531 2072 har den unge Schnitzler ikke evnet at
2561 2059 3294 2114 nogle, som aabenbart maa, have misfor¬
1798 2072 2528 2138 give. Derfor falder Stykket til sidst
2562 2089 3303 2147 staaet Stykket, og som hyssede kraftigt.
1797 2132 2537 2204 og det var forstaaeligt, at baade det
2569 2139 3315 2206 Efter andet Billede, var der endda en, der
2572 2188 3305 2251 peb hoiligt. Lyden kom ovreifra den Kant,
1810 2183 2532 2247 Bifald og den Hyssen, som sluttelig
2579 2253 3305 2313 vor Julius Magnussen sad. Han har paa
1806 2252 2529 2306 lod, var af en saare behersket Art
2572 2281 3310 2364 Forhaand udtalt sin Forargelse over Strk¬
1861 2302 2538 2382 Fremfort af de allerbedste Kunst¬
2577 2346 3302 2411 ets Fremkomst, og jeg spurgte ham der¬
1809 2366 2530 2441 nere er det muligt, at Reigen vild
2569 2398 3312 2455 for i Mellemakten, om det var ham, der
1807 2421 2539 2496 kunne feres frem til Seir, saaledes at
2569 2435 3308 2508 havde pebet. Nej, svarede han, det var ikke
1807 2478 2539 2559 Moralen, alle Mangler til Trods, vilde
2581 2485 3307 2569 nig, for jeg har desverre en Gadeders¬
2569 2537 2853 2615 negle uden Hul.
1815 2544 2540 2616 reede frem i gribende Enkelthed. Men
3122 2561 3266 2649 St. Paut.
1804 2607 2541 2665 en saadan Fremferelse formaar Betty
1807 2653 2554 2737 Nansen-Teatret ikke at give. Spillet
1811 2717 2545 2791 holdt sig helt igennem paa det javne,
2588 2730 3258 2864 Moderne Tryllert
1812 2791 2540 2859 og Instrukteren, Hr. Henrik Bentzon
1822 2836 2544 2901 avde ikke evnet at have Milieuet ud
2570 2885 3313 2959 En vellykket Radioaften. der gen¬
1811 2908 2553 2970 over sin Tidsbestemthod. Derfor blev
2877 2952 3023 3008 tages.
1823 2955 2544 3032 Helhedsindtrykket, at Komedien er
1812 3017 2546 3083 forzldet, den sayner det Salt, der vil
2618 3058 3313 3108 De Herrer Tryllekunstnere gaar van¬
1812 3083 2288 3153 give den Evighedsverdi.
2579 3108 3317 3156 skelige Tider i Mede. Hvad de foretager
1866 3138 2552 3209 Det er muligt, at Folk paa Grund
2583 3144 3309 3218 sig af behendigt Hokuspokus er for intet
2585 3201 3315 3256 at regne mod den moderne Tekniks sand¬
1824 3201 2541 3252 af den megen Censor-Reklame i d
2586 3248 3313 3312 erdige Trylleri, hvad Radioaftnen i Po¬
1822 3253 2548 3322 kommende Aftner vil stremme til
2590 3289 3316 3361 itikens Foredragssal i Aftes gav et over¬
1828 3302 2552 3379 Betty Nansen-Teatret. Men de fleste
2582 3339 3308 3401 bevisende Udtryk for. Salen var da og.
1825 3374 2549 3438 vil blive skuffet. Nogen helt verdig
2587 3383 3313 3461 saa overfyldt af Interesserede, de fleste
1824 3428 2555 3502 Afslutning for Fru Nansen er dette
2588 3437 3325 3507 sandsyaligvis Lptiere, der for en Gangs
2581 3497 3312 3550 Skyld ikke alene lyttede, men tillige over¬
1827 3486 2552 3562 Stykke ikke. Fruen skrev i sin Tid,
2588 3536 3320 3599 varede Radioavisens Afsendelse samtidig
1818 3543 2554 3612 at det en Gang imellem var nedvendigt
2591 3587 3313 3644 med, at der vistes dem en Rrekke mor¬
1828 3601 2548 3667 for hende at tage Gledelampe i Naser
2582 3634 3310 3702 somme Antenneeksperimenter uden An¬
1828 3671 2547 3745 for at faa Balance paa Regnskabet
2595 3687 3044 3751 enne og Jordforbindelse.
1834 3724 2561 3800 Uden for Teatret i Aftes straalode tre
2634 3731 3322 3799 Red. Svend Carstensen indledede med
2592 3783 3322 3840 et Foredrag om Radiofonien hiemme og
1830 3775 2162 3863 rodPedelamper
2597 3832 3316 3895 ide, og som den Radioene Troubadour.
2350 3838 2529 3904 V. 0—g.
2590 3881 3312 3947 Chr. Gottschalcler, ggav han nogle-dan¬
2598 3926 3282 3987 ke Viser, baade ny og gamle, til Bedste
2156 3950 2242 4029 770
2586 3982 3253 4045 som seedvanlig hilet med Begejstring.
2635 4023 3330 4094 Den helt igennem vellykkede Aften
2397 4053 2458 4113 4
