3336 4416
366 1067 406 1143 )
2656 249 2832 317 Seite 3
666 230 1191 336 Wiener Jouinal
1700 259 2072 324 12. Febiuar 1921
1538 395 1602 488 64
1664 434 1755 503 6
629 386 867 527 MLNV
1663 465 2365 569 Blandute.
929 456 1575 580 AArigen
421 593 1592 677 Das Verbot des Ministers des
1624 582 2877 690 Innern. — Der „Reigen“ wird
722 659 1454 760 wetter aufgeführt.
1592 666 2564 766 Ein Kompromiß in Sicht.
533 782 1628 857 Es ist für die Zustände in unserem lieben Oesterreich
1663 788 2873 865 aus seiner bescheidenen unansehnlichen Existenz trotz seiner Un¬
1667 843 2774 895 ähigkeit auf einen leitenden Posten berufen worden zu sein.
426 826 1617 901 harakteristisch, daß Hungersnot und Finanzkrach in der Oeßentlich
414 890 1636 949 keit gleichmätig ausgenommen werden, daß aber die Aufführung
1756 891 2863 953 Die Ausführungen Leuthners wurden von den Sozialdemo
408 931 1628 989 von Schnitzsträ „Reigen“ in einem Wiener Theater eine poltrüche
1665 946 2865 1000 kraten mit lebhaßtem Beifall, von den Christlichsozialen mit Lachen
429 984 1621 1040 Giülsßtos erregt, daß sie nicht früher locker ließ
1663 994 2866 1055 und störenden Zwischenrufen begleitet. Dr. Glanz, der während
422 1031 1625 1084 als bis sie ihren Minister des Innern zu einem unbesonnenen
1661 1047 2878 1104 der Ausführungen Leuthners blaß und erregt auf seinem Platz
422 1081 1631 1135 verfassungswirigen Verbot der Aufführungen veranlaßte und
1658 1101 2869 1151 geblieben war, erhob sich nun und führte nicht gerade selbst¬
417 1128 1631 1181 bei den Sozildemoktaten einen Sturm der Entrüstung hervor¬
1651 1133 2864 1197 wußt aus, daß der Polizeipräsident schon vor der Zulassung des
414 1173 1625 1246 rief, wie chan ihn in gleicher Hestigkeit seit Jahren
1658 1194 2873 1242 „Reigen“ zur Aufführung den Bürgermeister von Wien auf die
420 1223 1633 1277 bei uns nicht erlebt hat. Im Parlament kam es zu einer
1662 1224 2878 1284 schweren Bedenken aufmerksam gemacht habe, daß die Aufführung
413 1268 1626 1322 Ohrfeigenszene, im Gemeinderat zu Tobsuchtsanfällen der
1659 1284 2878 1336 des Stückes zu lebhaften Erörterungen in der Oeffentlichkeit Anlaß
417 1307 1622 1368 Minorität alles lediglich wegen der Erlaubnis oder des Verbotes
1660 1328 2871 1394 gegeben habe und daß die Aufführung ihrem gesamten Eindruck
415 1363 1624 1417 der Aufführungen von Schnitzlers Dialogen. Gekrönt wird dieses
1662 1373 1925 1449 nach eine arge
429 1409 1632 1465 Tohuwabohn durch die Tatsache, daß trotz der öffentlich bekannt¬
1821 1420 2726 1512 Verletzung der öffentlichen Sicherheit
426 1458 1626 1521 gewordenen Inhibierung durch den Bundesminister des Innern
419 1509 1625 1563 das Theater gestern abend in aller Gemütsruhe un¬
1655 1477 2878 1567 bedeute. Es habe sich herausgestellt, daß diese Vorführungen mit
421 1555 1623 1610 gestört die Aufführungen fortsetzte, weil
1660 1554 2869 1613 dem sittlichen Empfinden weiter Kreise der Wiener Bevölkerung
415 1600 1628 1657 über den Kompetenzkonflikt von Ministerium und Landesregierung
1652 1593 2879 1658 in scharfem Gegensatz siehen. Der Minister schloß seine Aus¬
1658 1655 2174 1717 führungen mit den Worten:
416 1649 1632 1697 der Polizei keinerlei Weisung zugehen
413 1693 1640 1750 konnte, diese also wieder keinen Anlaß fand, ein Aufführungs¬
1764 1697 2884 1758 Ich glaube, daß msein Erlaß vie
422 1749 1463 1815 verbot dem Theater bekanntzugeben. Die Konturen einer
1654 1739 2888 1823 Meinung aller anständigen Leute ver¬
1657 1792 1896 1864 körpert.
636 1798 1420 1880 Lösung dieses schweren Konflikts
1830 1852 2711 1944 Der Skandal im Abgeordnetenhaus.
415 1861 1634 1933 sind bereits sichtbar. Direktor Bernau baut dem Herrn Bundes¬
420 1923 1632 1975 minister Glanz goldene Brücken. Er erschien gestern im Ministerium
1764 1918 2884 1991 Diese letzteren Worte haben einen Sturm im Hause
416 1977 1624 2030 des Innern und erklärte sich bereit, gewisse Regiekorrekturen vor¬
1659 1974 2879 2032 verursacht, wie man ihn seit den Ob¬
423 2029 1639 2087 zunehmen, um auf diese Weise die Gründe, die zum Mißfallen
1667 2024 2880 2087 truktionssitzungen unseligen Angedenkens
428 2066 1624 2115 einer Anzahl von Leuten geführt haben, zu eliminieren. Das
1669 2076 2882 2130 malten Parlament nicht erlebt hat. Die
417 2111 1626 2171 Angebol Bernaus wurde natürlich mit Freuden begrüßt und er
1658 2120 2878 2184 sozialdemokratischen Abgeordneten drängten gegen die Ministerbank,
427 2160 1625 2216 zur Fortsetzung der sachlichen Erörterungen für heute reuerlich ins
1658 2171 2874 2229 einzelne hatten sie bereits erreicht und schlugen mit den Fäusten
425 2208 1640 2268 Ministerium beschieden Heute also wird vermutlich das große
1656 2229 2890 2278 auf den Tisch. Die Christlichsozialen, die ihren Minister in
432 2249 1628 2313 erlösende Wort gesprochen werden: Statt daß es nach jedem der
1670 2262 2881 2319 Gefahr sahen, versuchten die Sozialdemokraten von dem Minister¬
429 2304 1634 2359 Dialoge auf der Bühne finster wird, wird vermutlich ein
1665 2313 2870 2374 tisch abzudrängen. All dies geschah unter ohrenbetäubendem Lärm,
418 2347 1635 2409 Zwischenvorhang fallen und dadurch jener Vorgang, dessen öffent¬
1656 2360 2871 2415 unter lauten Zurufen und gegenseitigen Beschimpfungen Sever,
423 2398 1629 2448 lich markierte Darbietung die Herren von der christlichsozialen
1653 2408 2878 2470 der in der Nähe der Ministerbank stand und selbst beschwichtigend
415 2444 1624 2509 Gruppe so maßlos aufgeregt hat, der Empfänglichkeit des Publikume
1656 2453 2873 2534 auf die Abgeordneten einzuwirken suchte, erhielt plötzlich von einem
412 2491 846 2564 weiter entrückt werden.
1662 2505 2204 2582 christlichsozialen Bauernführer
526 2545 1635 2617 Die Skandale von gestern haben folgende Geschichte. Vor¬
1952 2563 2572 2647 einen Schlag ins Gesicht.
418 2607 1347 2675 mittags veröffentlichte die Staatskowespondenz ein
1651 2636 2868 2707 Darauf ging der Krawall, der sich bereits ein bißchen gelegt hatte,
867 2668 1217 2743 Communiqué,
1653 2695 2881 2742 von neuem los. Es schien, als ob Sozialdemokraten und Christlich¬
398 2747 1632 2818 #### Sam as hieß daß der Bundesminister für Inneres die weitere
1664 2749 2881 2803 oziale jetzt erst recht handgemein werden wollten. Wieder waren
1655 2795 2872 2855 es besonnene Elemente auf beiden Seiten, die die Zueinander¬
1656 2837 2874 2892 drängenden trennten und ein Abflauen des Lärms erreichten.
1649 2889 2871 2965 Trotzdem: die Ausführungen des Abgeordneten Volker gingen
1655 2933 1964 3008 im Lärm unter.
1771 2981 2882 3048 Erst als Seitz das Wort ergriff und in seiner souveränen
1654 3016 2870 3100 Art den Minisier und seine Helsershelser mit einem halben Dutzend
1654 3087 2877 3136 Sätze abführte, trat wieder Ruhe ein. Seitz sagte, ihn interessiere
1657 3134 2871 3186 nicht die Anschauung des Herrn Glanz, da hier gar nicht der Ort
1658 3176 2881 3239 sei, den literarischen Wert eines Theaterstückes festzustellen. Ihn
1657 3228 2874 3279 interessiere lediglich der ganze eklatante Ver¬
1652 3281 2883 3337 fassungsbruch des Herrn Bundes¬
1665 3318 2888 3375 ministers. Es entspreche der alten Taktik der
1656 3366 2886 3431 Christlichsozialen, einen kleinen Anlaß zu suchen, um ein Präjudiz
1655 3417 2877 3473 zu schaffen, das dann für die ganze Entschließung maßgebend sei.
1666 3465 2880 3524 Er sichere der Majorität zu, daß jeder Versuch. das Land
1650 3513 2888 3570 Wien zu vergewaltigen, auf den härtesten
1653 3560 2881 3619 Widerstand der Sozialdemokraten stoßen
1662 3608 2879 3672 werde. Sollten sie es versuchen Gewalt anzuwenden, so
1653 3657 2732 3726 werde man ihnen mit Gewalt antworten.
1780 3688 2885 3763 Der Vorsitzende Dr. Dinghofer erteilte Seitz, der
1659 3747 2887 3806 in seinen Ausführungen dem Bundesminister Glanz einige wenig
1659 3796 2871 3853 schmeichelhafte Komplimente gemacht hatte, den Ordnungs¬
1660 3844 2886 3892 ruf. Als die stürmischen Protestruse der Sozialdemokraten ver¬
1664 3888 2884 3956 klungen waren, erbat sich Dr. Bauer das Wort um auch
1657 3939 2888 3987 den Ordnungsruf für Dr. Glanz zu ver¬
1652 3986 2883 4039 langen, der in seinen Ausführungen eine
1655 4045 2697 4094 ganze große Partei beleidigt hat.
1763 4063 2887 4150 Unter allgemeiner Erregung wurde die Sitzung geschlossen.
1611 3309 1663 3381 1
1609 3617 1644 3652 F
1604 3661 1644 3719 r
1612 4036 1648 4087 1
1616 3755 1655 3798 3
