3392 4352
293 119 350 202 1
477 117 809 215 Reigen
993 115 1404 218 box 17/2
1727 753 1878 834 367 —
968 906 1294 1017 S
1273 969 1358 1067 2
1736 1008 1909 1141 8
1900 1103 2377 1201 S
1758 1162 1810 1229 50
2087 1277 2259 1381 E
1336 1295 1676 1390 80 Nis
1155 1491 2463 1592 Offener Brief an Dr. M. G. Conrad.
1171 1605 1672 1692 Geehrter Herr Kollege!
1066 1683 2668 1758 Da Sie es für nötig erachtet haben, gegen den Artikel „Sehr geehrter
946 1730 2665 1808 Herr Staatsanwalt"*) in der „Freistatt“ Stellung zu nehmen, sehe ich mich
957 1788 2656 1859 ebenfalls veranlaßt, coram publico zu antworten. Selbst auf die Gefahr hin, daß
953 1834 2663 1905 wir hart aneinander geraten könnten und so die herzlichen Sympathien, die Sie mir
961 1884 2665 1954 stets — vgl. die gleichzeitig mit besagter „Freistatt“ eingelangte Karte — gewidmet
961 1945 2011 2010 haben, vielleicht gründlich in Brüche gehen möchten.
1069 1953 2663 2047 Vor allem stelle ich fest, daß es den Tatsachen nicht entspricht, den
963 2031 2667 2101 Törnseeschen Aufsatz schlankweg als „Denunziation“, als „Anhetzung des
970 2079 2661 2160 Staatsanwalts“ gegen Schnitzlers „Reigen“ zu bezeichnen. Die Behauptung,
965 2140 1759 2198 der „Freistatt“ ist einfach ein Nonsens.
1077 2182 2677 2246 Es handelte sich darum, wieder einmal die Inkonsequenz der Zensur, die
963 2225 2663 2302 Unzulänglichkeit der staatsanwaltschaftlichen Urteilsfähigkeit in Bezug
958 2279 2666 2346 auf schriftstellerische Erzeugnisse nachzuweisen und so einen Beitrag zur Charakteristik
964 2329 2678 2397 der unvernünftigsten aller unvernünftigen Staatseinrichtungen zu geben. Wenn der
959 2375 2662 2445 Wiener Staatsanwalt das ohne Zweifel ein ernstes Problem ernst behandelnde Buch
963 2420 2654 2502 von Weißl konfiszierte, so mußte er konsequenterweise auch Schnitzlers „Reigen“.
970 2456 2663 2548 ein Buch, das ganz gewiß gar keine ernste Tendenz hat und sein nicht sonderlich
963 2527 2669 2599 reinliches Thema nichts weniger als reinlich behandelt, konfiszieren. Umsomehr mußte
971 2569 2679 2642 er dies, als Schnitzlers Buch in seinem Wirkungssprengel erschien, während Weißls
962 2616 2675 2698 Roman in Leipzig veröffentlicht wurde. Die Kuriosität, daß der Staatsanwalt Werke
960 2667 2666 2743 aus dem „Auslande“, die Ernst genommen werden wollen, beschlagnahmt, indeß er
977 2726 2670 2794 an inländischen Erzeugnissen, denen man alles andere eher als Ernst nachsagen kann,
966 2771 2670 2836 ruhig vorübergeht, das wurde in dem von Ihnen nach der „Freistatt“ beanständeten
970 2805 2672 2885 Artikel betont — und solch ein Hinweis auf den staatsanwaltschaftlichen Defekt
970 2870 2676 2936 in der Denksunktion, das soll eine „Denunziation“ sein!? Nein, lieber Herr Kollege: Die
960 2910 2675 2990 Herren Bobies, Klingspor, Tschurtschenthaler, Gannahl und wie sie sonst noch heißen,
965 2977 2679 3043 bedürfen der Aufhetzung nicht — das können Sie mir aufs Wort glauben! Zumal,
965 3011 2680 3089 wenn ich Ihnen sage, daß die Wiener Staatsanwaltschaft vor gar nicht langer Zeit
972 3053 2680 3138 Stellen aus Mommsens Römischer Geschichte und aus Schillers Tell konfiszierten,
973 3108 2683 3180 während die Innsbrucker Nimrode ein Handschreiben des Erzherzogs Johann (des
971 3153 2688 3230 Reichsverwesers), ja sogar Sätze aus Briefen Kaiser Franzens und der Kaiserin
975 3207 2678 3278 Maria Ludovika für staatsgefährlich ausahen, werden Sie wohl überzeugt sein, daß
975 3246 2688 3335 so trefflich geübte und versierte Staatsanwälte einer Aufhetzung nicht bedürfen. Am
978 3303 2679 3377 wenigsten einer Aufhetzung unsererseits, die wir in der Santa Casa heiligen
970 3350 2683 3428 Registern, genannt: Konfiskationsprotokoll, schon mehreremale verewigt worden sind!
1087 3431 1703 3526 *) Seite 288 der „Neuen Bahnen“.
2699 1571 2792 1706 7
