3444 4448
358 113 869 214 11. Reigen
1043 110 1464 201 box 17/5
1992 101 2830 160 Raum durch Getränkezwang entweiht werde
2956 106 3192 162 So muß sich
2828 111 2924 163 * * *
1989 145 3196 224 das zukünftige Volkstheaterkabarett um ein anderes Lokal umsehen.
2103 205 3198 265 Operettenjubiläen kosten heutzutage mehr Geld als je. Nach
1981 248 3201 317 dem zweiten Akt liegen hunderttausende Kronen in artigen
1986 297 3196 362 Blumenspenden auf der Bühne, aber die Komponisten, Verleger,
1995 344 3198 411 Autoren müssen sich's gewöhnlich leisten, nobel zu sein Freilich:
1984 392 3190 452 ihre Verehrungsbezeigungen sind heute nicht mehr so kostbar, wie
1988 449 3188 518 vor dem Kriege. Sie bemühen sich, Wertvolles durch Originelles
1980 498 3080 552 zu ersetzen, sind aber dabei unlängst nicht gut angekommen.
2099 542 3188 601 Ein Jubiläum der „Blauen Mazur“ brachte den Mit¬
1978 592 3198 646 wirkenden nach dem zweiten Akt sehr hübsch adjustierte Weinlörbe
1982 636 3199 695 mit Puppen, die den Hauptdarstellern in ihren Rollen getreu
1984 685 3197 740 nachgebildet waren. Eine sinnige Ueberraschung — so dachten die
1986 728 3196 795 Autoren. Doch Beity Fischer zum Beispiel dachte anders. Und
1979 772 2632 841 gab den Korb prompt zurück ...
2640 771 3125 847 Darüber große Aufregung
1987 828 3192 894 nicht nur hinter den Kutissen, sondern auch Empörung bei den
1987 867 3198 936 Autoren, die schon längst auf dem Standpunkt stehen, daß die
1974 918 3202 985 Jubiläumsaufmerksamkeiten überhaupt ein Unfug sind und ein
1980 968 3193 1041 Affront wie der durch Fräulein Fischer Anlaß genug ist, die
1986 1007 2478 1084 Sitte endgültig abzustellen.
2089 1063 3202 1131 Im Burgtheater sah man unlängst mit viel Vergnügen einen
1980 1102 3201 1170 älteren Shaw wieder. „Cäsar und Kleopatra.“ Und viele Be¬
1980 1165 3182 1222 sucher dieser Vorstellung erinnerten sich der ersten Shaw=Kleopatra
1977 1216 3198 1278 die sie in Wien gesehen hatten. Es war eine blutjunge Schülerin
1970 1261 3200 1332 Albert Heines, die Iphigenie Buchmann hieß — im Theater und
1985 1310 3200 1384 Konservatorium Iphi genannt. Sie hatte damals großen Erfolg
1981 1357 3194 1414 und wurde als ein neue vielversprechendes Talent mit Fanfaren¬
1982 1405 3189 1474 stößen begrüßt. Iphi spielte noch diese und jene Rolle und ver¬
1982 1455 3204 1524 schwand dann plötzlich. Sie war in die Ehe geraten und hat der
1968 1505 3197 1569 Bühne Adieu gesagt. Bei der zweiten Premiere von „Cäsar und
1968 1554 3196 1616 Kleopatra“ in der Vorwoche konnte man sie nun in einer Parterre¬
1981 1599 3187 1658 loge sitzen sehen. An der Seite ihres Gatten, der einer der be¬
1979 1644 3195 1701 kanntesten, wenn nicht der bekannteste Großindustriellen Wiens ist.
1973 1699 3202 1750 Sie sah auf ihre Nachfolgerin und dachte vielleicht mit ein wenig
1976 1736 2912 1811 lieber Erinnerung vergangener Theaterzeiten ...
2085 1786 3184 1853 Artur Schnitzler bei den Proben in den Kammerspielen.
1965 1840 3184 1905 Für die Schlußprobe war es ein großes Vergnügen. Nicht jeder
1975 1889 3193 1947 Autor hat als helfender Regisseur diese liebenswürdig=menschliche
1974 1940 3191 1994 Note. Die Arbeit mit Schnitzler macht die mühsamen Proben zur
1966 1990 3181 2041 anregenden Unterhaltung, die Schauspieler fühlen sich wohl, denn
1967 2039 3178 2096 kein Berufenerer als der Dichter selber konnte ihnen sagen, wie er
1970 2078 3184 2150 sich alles gedacht hat und wie er es wiedergegeben haben möchte.
1976 2132 3187 2191 Wie jedem der beschäftigten Künstler, gab Schnitzler auch Herrn
1963 2183 3184 2234 Iwvald, der den Ehegatten spielt, kleine Anweisungen, wie dies
1972 2223 3187 2282 und jenes zu machen wäre. Herr Iwald folgte jedoch seiner
1970 2275 3185 2327 eigenen Intention. Daraujhin meinte Dr. Schulbaur, der Regisseur
1963 2313 3183 2384 der Vorstellung, zu Iwald: „Schnitzler muß es ja wissen, er hat
1980 2373 3187 2434 doch den „Reigen“ geschrieben.“ — „Aber vor fünfundzwanzig
1962 2409 2603 2482 Jahren“ antwortete Herr Iwald.
2086 2472 3184 2534 „Offenbach“ heißt der letzte große Budapester Operetten¬
1958 2526 3177 2588 erfolg, der sich auch in Wien, Berlin und dem übrigen Europa
1968 2568 3179 2633 forisetzen dürfte. Das Leben des Meisters, das bei Offenbach
1969 2622 3183 2676 natürlich ein Liebesleben ist, erscheint als Libretto wieder, von
1967 2661 3182 2710 Offenbachs unsterblicher Musik begleitet. Zwei Wiener Schrift¬
1972 2709 3163 2778 steller werden die deutsche Bearbeitung vornehmen. „Offenbach“
1970 2764 3170 2821 ist eine Operette mit seriösem Einschlag Sogar eine große Sterbe¬
1964 2810 3187 2871 szene kommt vor. „Offenbachs Tod“ bei den Klängen seiner
1968 2855 3168 2917 Barcarole. Als Leopold Jacobson das Buch in die Hand bekam,
1969 2901 3170 2958 seufzte er: „Endlich eine anständige Musik. Schade, daß der Mann
1963 2947 2121 3011 tot i!“
2577 3207 3082 3406 24 Mslin 1327
2254 3401 2698 3474 Neues Wiener Journal
2052 3474 3148 3567 Große Theatererfolge äußern sich in den Kartenbureaus. Daß
1940 3518 3138 3601 an der Kasse der betreffenden Bühne nichts zu haben ist, besagt
1940 3559 3140 3656 weiter nichts Aber auch in Kartenbureaus! In der Renaissance¬
1938 3606 3134 3704 bühne läuft das Geschäft augenblicklich so, daß tatsächlich auch in
1939 3656 3142 3756 den Kartenbureaus nichts zu haben ist. Die amerikanische Mission
1935 3710 3137 3800 wollte nämlich eine Loge neu zum „Geständnis“ haben, aber nichts
1939 3760 3141 3839 aufzutreiben. Kartenbureaus Kasse Nichts. Die arme Kassierin
1937 3801 3144 3902 war verzweifelt. Denn die Amerikaner hatten ihr — sechs Dollav
1929 3841 3143 3945 über den Kassenpreis versprochen. Und das find immerhif
1924 3887 2498 3965 mehr als 3000 Kronen ...
