3336 4320
934 106 1352 200 box 18/1
237 91 769 215 11. Reigen
664 498 751 566 10
1226 511 2330 606 Der Aufruf. — Kant, der „Reigen“ und die neue deutsche Jugend.
662 637 1726 727 ein Kaiser und Gott behandelt sein. Er offenbarte,
1774 642 2857 754 sittlich einwandfrei hält, wenn er zu diesem Zweck
668 687 1729 779 anläßlich seiner Strafsache wegen Unterschlagung, die
1769 723 2848 799 notfalls selbst Gelder unterschlägt, ist ein Typus für
661 740 1727 825 er zugibt, vor seinen Münchener Richtern eine aus
1767 769 2846 874 die auf dem Kopfe stehende Moral gewisser Kunst¬
664 785 1731 879 Größenwahn und Doppelmoral gemischte Geistes¬
1760 811 2184 888 kreise unserer Tage.
661 834 1727 916 verfassung, die geradezu in Erstaunen setzen muß. Er
1827 862 2838 946 Wollen wir noch weitere Niedergangszeichen an¬
656 881 1732 967 hält sich für namenlos groß und seine Verhaftung für
1776 913 2853 992 einander reihen? Moral oder Unmoral? Kunst oder
657 937 1731 1023 ein nationales Unglück, da für ihn die bürgerlichen
1766 963 2845 1047 Kitsch? Aufstieg oder Niedergang? Kennt sich das
658 982 1727 1071 Maxime nicht gelten. Nach Zeitungsberichten sagte
1763 1014 2842 1114 Volk denn heute wirklich nicht mehr darin aus? Oder
652 1033 1721 1130 er wörtlich: „Ich bin ein Gott, außerhalb aller Gesetze
1761 1069 2436 1137 will man sich a tempo ruinieren?
646 1089 1728 1171 und aller Richter, moralisch habe ich nicht unrecht ge¬
1815 1113 2835 1192 Ja, es ist Abend. Und es wird ewige Nacht in und
650 1128 898 1193 tan ...“
885 1142 1646 1219 Kaiser, der nur in Saus und Braus,
1763 1133 2844 1250 um uns werden, wenn wir keine innere Erneuerung
651 1178 1636 1262 höchsten Wohlleben schaffen kann und es daher
1656 1210 1724 1286 für
1763 1204 1952 1279 erleben!
1117 1350 1533 1513 Der
1625 1369 2301 1531 Auffru
639 1507 1713 1604 betiteln sich die von Professor Brunner herausgege¬
1758 1523 2835 1613 auch mancher andere, dessen Urteil in Kunstangele¬
644 1565 1707 1653 benen „unpolitischen Flugblätter für aufrechte Kritik',
1750 1598 2828 1682 genheiten vordem hier oder da noch etwas gegolten
637 1614 1703 1707 die in zwangsloser Folge je nach Bedarf, etwa monat¬
1753 1647 2832 1725 haben mag, hat sich im Verlaufe des „Reigen'-Pro¬
633 1660 1710 1752 lich einmal erscheinen werden. Professor Brunner,
1750 1706 2831 1773 zesses — man entschuldige den drastischen Ausdruck
634 1714 1721 1805 unser tapferer Kampfgenosse gegen die skrupellosen
1752 1751 2821 1818 aus dem kommunistischen Wortschatz — als solche
634 1764 1704 1848 Nutznießer des Sittenzerfalles und den immer mehr
1756 1799 2832 1882 Dreckseele' erwiesen, daß man einfach erschüttert
639 1811 1692 1906 überhand nehmenden Terror einer Verfalls-„Kultur'
1746 1819 2815 1917 ist ob solchen moralischen Tiefstandes. Von diesen
633 1861 1696 1959 hal es sich in diesen Heften zur Aufgabe gemacht, ak¬
1750 1899 2819 1975 „Volksverderbern“ unter dem Deckmantel der Kunst
635 1916 1699 2003 tuelle Fragen oder Vorfälle einschlägiger Art zu be¬
1745 1948 2816 2015 mi.Z man sich mit hörbarem Ruck abwenden, und
637 1963 1703 2052 sprechen. Daß man dabei in jedem Fall die volle
1755 1992 2818 2072 gegenüber der uns fast erdrückenden unsittlichen
641 2013 1702 2099 Wahrheit erfahren wird, dafür bürgt die Persönlich¬
1755 2041 2823 2120 Presse, die tagtäglich durch Millionen von Kanälen
638 2059 1708 2141 keit Brunners, der in unserer Zeit, da Führerschaft
1746 2088 2822 2173 das Kultur-Leichnams-Gift in eine um sein Leben
630 2111 1696 2202 fast nur darin besteht, bei der Masse um gut Wetter
1741 2142 2812 2220 ringende Volkssaele leitet, wollen wir jede Bestre¬
628 2173 1696 2244 zu bitten, den Mut besitzt, unpovulär zu sein. Auch
1744 2187 2805 2267 bung begrüßen und nach Kräften fördern helfen, die,
627 2215 1698 2300 das uns vorliegende Heft Nr. 1 beweist es. Läßt es
1735 2243 2811 2314 wie hier auch „Der Aufruf' in uneigennütziger Weise
629 2261 1703 2339 doch selbst die Gegner Brunners voll zu Worte kom¬
1741 2287 2817 2367 im wahrsten und edelsten Sinne des Wortes Volks¬
619 2316 1704 2389 men. Das ist nach einem Schriftwort auch darum
1736 2336 2816 2416 wohl-Politik treibt, die nur dem Allgemeinwohl dienen
630 2363 1702 2446 guk, weil nicht das, was zum Menschen eingeht, ihn
1734 2392 2813 2459 will, nicht politischen und wirtschaftlichen egoistischen
622 2418 1693 2498 verunreinigt, sondern das, was von ihm herauskommt,
1736 2435 2816 2507 Partei-Interessen. „Der Aufruf', der auch durch
625 2461 1704 2550 in Worten, Taten und Gebärden. So ist die ganze
1739 2485 2822 2574 den Volkswacht-Verlag, Hamburg, bezogen werden
633 2511 1688 2584 „Mosse'- und „Ullstein?-Presse mit ihren Praktiken
1722 2534 2442 2610 kann, kostet pro Einzelheft =K 4,—.
2504 2547 2775 2635 Axel Bergh.
618 2559 1693 2650 im Interesse einer „Konjunktur-Kunst' gerichtet. Aber
618 2627 2691 2761 S
612 2725 1693 2853 Kant, der „Reigen“ und
1704 2742 2808 2862 die neue deutsche Jugend.
1328 2831 1707 2916 Von Studiendirektor
1712 2844 2095 2931 Eberhard, Greiz.
656 2907 1691 3033 Durch die Zeitungen geht folgende Bemerkung,
1719 2954 2798 3040 Professor Brunner, dem der Zentralausschuß für
614 2969 1440 3067 die bisher unwidersprochen geblieben ist:
1723 3007 2721 3088 Innere Mission für seine charaktervolle Haltung
2723 3032 2797 3083 im
706 3047 1678 3127 „An das fast zweistündige Gulachken Professor Brunne#s
1733 3058 2796 3139 Reigenprozeß auf der jüngsten Sitzung einstimmig
641 3064 1676 3159 knüpften sich lebhafte Auseinandersetzungen zwischen Pro¬
1718 3101 2794 3185 eine Zustimmungserklärung sandte. Alle echten Gel¬
663 3133 1679 3199 fessor Brunner und einzelnen Sachverständigen und der Ver¬
1731 3155 2803 3246 stesdenker und Volksfreunde sind sich darin einig, daß
655 3172 1674 3241 keidigung. Insbesondere hält Professor Witkowski (Leipzig)
652 3212 1675 3273 dem Professor Brunner vor, daß er in der vorigen Sitzung
1723 3209 2783 3281 unserer Zeit nichts so not tut als die Pflege des kate¬
650 3251 1671 3320 behauptet habe, daß unsere Moral noch heute auf der Ethik
1724 3262 2782 3333 gorischen Imperativs, und daß der sittliche Pflicht¬
651 3292 1680 3363 Kanks und dessen kategorischem Imperativ stehe. Auf Grund
1718 3313 2785 3385 gedanke von niemandem tiefer erfaßt und philosophisch
652 3332 1673 3394 dieser Bemerkung müsse er dem Professor Brunner das
1719 3357 2787 3429 begründet worden ist als von dem Königsberger Wei¬
647 3368 1676 3451 Recht bestreiten, als Sachverständiger in sittlichen und künst¬
643 3405 1185 3485 lerischen Dingen zu fungieren.“
1723 3405 2776 3481 sen Immanuel Kant. Zeitlos ragt die sittliche Grund¬
1724 3451 2782 3530 forderung, unberührt von Tagesmode und Menschen,
650 3474 1682 3560 Es mag dahingestellk bleiben, ob diese Worte so
1722 3509 2780 3576 als Kompaß über dem flutenden Meer des Volks¬
603 3529 1677 3599 gesprochen sind; gewiß ist, daß in dem be — rüchtigten
1711 3554 2785 3630 und Menschenlebens und zeigt uns wenigstens von
607 3576 1676 3656 Berliner Reigen'prozeß Richter, Verkeidiger und
1710 3600 2779 3681 ferne das rettende Land, auf dem ein Wiederaufbau
599 3625 1649 3705 Sachverständige in ihrem Sinne gehandelt haben —
1717 3651 2780 3728 von Treu und Glauben, Zucht und Sitte, Arbeit und
601 3672 1677 3769 die Sachverständigen mit Ausnahme des tapferen
1706 3698 2772 3789 Opfer erstehen könnte. Aber da kommen diese Über¬
