<?xml version="1.0" encoding="UTF-8" standalone="yes"?>
<PcGts xmlns="http://schema.primaresearch.org/PAGE/gts/pagecontent/2013-07-15" xmlns:xsi="http://www.w3.org/2001/XMLSchema-instance" xsi:schemaLocation="http://schema.primaresearch.org/PAGE/gts/pagecontent/2013-07-15 http://schema.primaresearch.org/PAGE/gts/pagecontent/2013-07-15/pagecontent.xsd">
    <Metadata>
        <Creator>prov=University of Rostock/Institute of Mathematics/CITlab/Gundram Leifert/gundram.leifert@uni-rostock.de:name=ONB_Newseye_GT_M1+(htr_id=10810)::::v=2.4.3
prov=University of Rostock/Institute of Mathematics/CITlab/Tobias Gruening/tobias.gruening@uni-rostock.de:name=de.uros.citlab.module.baseline2polygon.B2PSeamMultiOriented:v=2.4.3
prov=University of Rostock/Institute of Mathematics/CITlab/Tobias Gruening/tobias.gruening@uni-rostock.de:name=/net_tf/LA73_249_0mod360.pb:de.uros.citlab.segmentation.CITlab_LA_ML:v=2.4.3
Transkribus</Creator>
        <Created>2019-10-07T11:41:42.906+02:00</Created>
        <LastChange>2019-12-05T01:29:22.080+01:00</LastChange>
        <TranskribusMetadata docId="223982" pageId="9505599" pageNr="961" tsid="20421390" status="IN_PROGRESS" userId="40391" imgUrl="https://files.transkribus.eu/Get?id=POSWFNXIISXNNTDRGPOIZAJM&amp;fileType=view" xmlUrl="https://files.transkribus.eu/Get?id=HZFRDMWXCYXLSTZEFDKXLXLA" imageId="6195813"/>
    </Metadata>
    <Page imageFilename="223982_0961.jpeg" imageWidth="3436" imageHeight="4256">
        <ReadingOrder>
            <OrderedGroup id="ro_1711448766195" caption="Regions reading order">
                <RegionRefIndexed index="0" regionRef="r1"/>
                <RegionRefIndexed index="1" regionRef="r2"/>
                <RegionRefIndexed index="2" regionRef="r3"/>
            </OrderedGroup>
        </ReadingOrder>
        <TextRegion orientation="0.0" id="r1" custom="readingOrder {index:0;}">
            <Coords points="279,95 279,248 351,248 351,95"/>
            <TextLine id="r1l1" custom="readingOrder {index:0;}">
                <Coords points="272,206 282,204 306,212 316,212 322,206 343,212 351,206 359,206 359,137 350,135 341,143 334,140 323,148 315,146 307,151 291,141 272,141"/>
                <Baseline points="279,198 315,195 351,198"/>
                <TextEquiv>
                    <Unicode>11</Unicode>
                </TextEquiv>
            </TextLine>
            <TextEquiv>
                <Unicode>11</Unicode>
            </TextEquiv>
        </TextRegion>
        <TextRegion orientation="0.0" id="r2" custom="readingOrder {index:1;}">
            <Coords points="334,172 334,3921 1578,3921 1578,172"/>
            <TextLine id="r2l1" custom="readingOrder {index:0;}">
                <Coords points="967,212 1106,210 1140,191 1187,223 1271,210 1309,231 1356,210 1385,215 1386,140 1264,138 1220,156 1197,142 1142,164 1021,159 991,137 967,146"/>
                <Baseline points="974,196 999,198 1024,199 1049,199 1075,200 1100,200 1125,200 1150,200 1176,200 1201,200 1226,200 1251,200 1277,201 1302,201 1327,202 1352,202 1378,204"/>
                <TextEquiv>
                    <Unicode>box 18/2</Unicode>
                </TextEquiv>
            </TextLine>
            <TextLine id="r2l2" custom="readingOrder {index:1;}">
                <Coords points="452,233 508,220 562,229 583,218 665,242 765,228 765,162 733,154 587,161 548,149 527,159 452,150"/>
                <Baseline points="459,214 486,213 513,213 540,213 567,213 594,214 621,214 648,214 675,214 702,214 729,214 757,214"/>
                <TextEquiv>
                    <Unicode>Reigen</Unicode>
                </TextEquiv>
            </TextLine>
            <TextLine id="r2l3" custom="readingOrder {index:2;}">
                <Coords points="1027,588 1091,558 1122,563 1146,587 1156,579 1209,585 1234,613 1282,611 1290,560 1268,545 1225,540 1196,519 1181,527 1166,512 1121,522 1042,494"/>
                <Baseline points="1039,561 1065,560 1091,561 1118,563 1144,567 1171,572 1197,577 1224,583 1250,590 1277,596"/>
                <TextEquiv>
                    <Unicode>Mmbndhn</Unicode>
                </TextEquiv>
            </TextLine>
            <TextLine id="r2l4" custom="readingOrder {index:3;}">
                <Coords points="489,710 549,718 583,704 619,732 692,706 710,721 801,739 807,656 738,637 703,614 665,626 605,586 536,606 516,588 498,591"/>
                <Baseline points="498,698 525,696 552,696 579,697 606,698 633,701 660,703 687,706 714,709 741,712 768,714 795,715"/>
                <TextEquiv>
                    <Unicode></Unicode>
                </TextEquiv>
            </TextLine>
            <TextLine id="r2l5" custom="readingOrder {index:4;}">
                <Coords points="564,794 1354,789 1375,719 1168,720 1102,755 971,728 911,759 562,736"/>
                <Baseline points="571,786 610,785 650,785 690,784 730,783 770,783 810,782 850,781 890,780 930,780 970,779 1009,778 1049,777 1089,777 1129,776 1169,775 1209,774 1249,774 1289,772 1329,772 1369,770"/>
                <TextEquiv>
                    <Unicode>onöaivas AnuFaensl T.Unos-AUASCAwIfFSBUno</Unicode>
                </TextEquiv>
            </TextLine>
            <TextLine id="r2l6" custom="readingOrder {index:5;}">
                <Coords points="560,860 788,875 923,847 966,880 1308,838 1391,859 1389,775 1222,808 1010,782 877,824 832,796 559,810"/>
                <Baseline points="568,854 608,854 649,854 690,854 731,854 771,854 812,853 853,853 894,852 934,851 975,850 1016,849 1057,849 1097,847 1138,846 1179,845 1220,844 1260,843 1301,842 1342,841 1383,841"/>
                <TextEquiv>
                    <Unicode>Berlin SO 16  Rungestrasse 22-24</Unicode>
                </TextEquiv>
            </TextLine>
            <TextLine id="r2l7" custom="readingOrder {index:6;}">
                <Coords points="560,1056 959,1026 1386,1038 1383,933 1321,925 1159,964 976,936 897,963 849,926 696,971 557,934"/>
                <Baseline points="566,1035 606,1033 647,1033 687,1031 728,1030 769,1029 809,1029 850,1028 890,1027 931,1027 972,1026 1012,1025 1053,1025 1093,1024 1134,1023 1175,1022 1215,1021 1256,1018 1296,1017 1337,1015 1378,1012"/>
                <TextEquiv>
                    <Unicode>Berliner Tageblatt</Unicode>
                </TextEquiv>
            </TextLine>
            <TextLine id="r2l8" custom="readingOrder {index:7;}">
                <Coords points="848,1111 902,1103 930,1116 949,1107 983,1118 1045,1101 1084,1115 1123,1110 1122,1050 1075,1048 1055,1029 1009,1052 957,1030 918,1056 886,1040 847,1050"/>
                <Baseline points="855,1089 881,1087 907,1084 933,1083 959,1082 985,1082 1011,1081 1037,1082 1063,1082 1089,1084 1115,1085"/>
                <TextEquiv>
                    <Unicode>Abend=Ausgabe</Unicode>
                </TextEquiv>
            </TextLine>
            <TextLine id="r2l9" custom="readingOrder {index:8;}">
                <Coords points="709,1173 746,1182 769,1162 809,1184 954,1149 1010,1169 1026,1155 1057,1178 1129,1150 1229,1171 1258,1153 1258,1120 1148,1096 1053,1122 944,1108 886,1129 757,1101 736,1122 708,1115"/>
                <Baseline points="715,1157 741,1157 768,1157 795,1157 822,1157 849,1157 875,1156 902,1156 929,1155 956,1155 983,1154 1009,1154 1036,1153 1063,1153 1090,1152 1117,1152 1143,1151 1170,1151 1197,1150 1224,1150 1251,1149"/>
                <TextEquiv>
                    <Unicode>Ausschnitt aus der Rummer, vom:</Unicode>
                </TextEquiv>
            </TextLine>
            <TextLine id="r2l10" custom="readingOrder {index:9;}">
                <Coords points="421,1329 1501,1329 1572,1316 1571,1264 420,1303"/>
                <Baseline points="428,1331 484,1330 541,1329 598,1328 655,1327 712,1327 768,1325 825,1324 882,1324 939,1323 996,1322 1052,1321 1109,1320 1166,1319 1223,1318 1280,1317 1336,1316 1393,1315 1450,1313 1507,1313 1564,1311"/>
                <TextEquiv>
                    <Unicode>XX Das Kleine Schauspielhaus hat, wie seine bisherigen</Unicode>
                </TextEquiv>
            </TextLine>
            <TextLine id="r2l11" custom="readingOrder {index:10;}">
                <Coords points="393,1384 1543,1364 1560,1317 393,1337"/>
                <Baseline points="401,1371 458,1371 516,1371 573,1370 631,1370 689,1369 746,1369 804,1368 861,1367 919,1366 977,1365 1034,1364 1092,1363 1149,1362 1207,1361 1265,1359 1322,1358 1380,1357 1437,1356 1495,1354 1553,1353"/>
                <TextEquiv>
                    <Unicode>Leiter heute morgen mitteilten, zu bestehen aufgehört. Jenseits der</Unicode>
                </TextEquiv>
            </TextLine>
            <TextLine id="r2l12" custom="readingOrder {index:11;}">
                <Coords points="390,1422 1576,1401 1527,1358 389,1385"/>
                <Baseline points="397,1412 455,1412 514,1412 572,1411 631,1411 689,1411 748,1410 806,1409 865,1409 923,1408 982,1407 1041,1406 1099,1405 1158,1404 1216,1403 1275,1402 1333,1401 1392,1399 1450,1398 1509,1397 1568,1395"/>
                <TextEquiv>
                    <Unicode>rechtlichen Erwägungen, die der ersten gerichtlichen Instanz die Zu¬</Unicode>
                </TextEquiv>
            </TextLine>
            <TextLine id="r2l13" custom="readingOrder {index:12;}">
                <Coords points="387,1472 1572,1449 1571,1403 1499,1400 386,1421"/>
                <Baseline points="395,1457 453,1457 511,1457 570,1456 628,1456 687,1454 745,1454 804,1453 862,1451 921,1450 979,1449 1037,1448 1096,1447 1154,1445 1213,1444 1271,1443 1330,1441 1388,1441 1447,1440 1505,1439 1564,1438"/>
                <TextEquiv>
                    <Unicode>stimmung zu dey Alffasse des Kultusministeriums als dem Ver¬</Unicode>
                </TextEquiv>
            </TextLine>
            <TextLine id="r2l14" custom="readingOrder {index:13;}">
                <Coords points="396,1506 1438,1499 1564,1486 1564,1453 395,1471"/>
                <Baseline points="403,1498 460,1498 518,1498 576,1498 633,1498 691,1497 749,1496 806,1495 864,1494 922,1493 980,1492 1037,1491 1095,1489 1153,1488 1210,1486 1268,1485 1326,1484 1383,1483 1441,1482 1499,1481 1557,1481"/>
                <TextEquiv>
                    <Unicode>mieter des Hauses nahelegten, melden sich auch andere Gesichtspunkte.</Unicode>
                </TextEquiv>
            </TextLine>
            <TextLine id="r2l15" custom="readingOrder {index:14;}">
                <Coords points="396,1550 1572,1535 1559,1487 395,1506"/>
                <Baseline points="403,1541 461,1541 519,1540 577,1540 635,1539 693,1538 751,1537 809,1536 867,1535 925,1534 984,1533 1042,1532 1100,1531 1158,1530 1216,1529 1274,1528 1332,1527 1390,1526 1448,1525 1506,1524 1565,1523"/>
                <TextEquiv>
                    <Unicode>Daß das Ministerium die Räume für eine Probebühne seiner Opern¬</Unicode>
                </TextEquiv>
            </TextLine>
            <TextLine id="r2l16" custom="readingOrder {index:15;}">
                <Coords points="397,1599 1562,1580 1572,1536 396,1550"/>
                <Baseline points="403,1583 461,1583 519,1583 577,1582 635,1581 693,1581 751,1580 809,1579 867,1578 925,1577 984,1576 1042,1574 1100,1574 1158,1572 1216,1571 1274,1570 1332,1569 1390,1569 1448,1568 1506,1567 1565,1566"/>
                <TextEquiv>
                    <Unicode>schule benutzen will, ist gewiß löblich. Das ist eine ernste Kunstabsicht,</Unicode>
                </TextEquiv>
            </TextLine>
            <TextLine id="r2l17" custom="readingOrder {index:16;}">
                <Coords points="400,1634 1571,1625 1570,1580 1515,1570 400,1600"/>
                <Baseline points="408,1626 465,1625 523,1625 581,1624 639,1623 696,1622 754,1622 812,1621 870,1620 927,1619 985,1618 1043,1617 1101,1616 1158,1615 1216,1614 1274,1613 1332,1612 1389,1611 1447,1609 1505,1608 1563,1607"/>
                <TextEquiv>
                    <Unicode>und ihr Gewicht wird dadurch erhöht, daß die Direktion Eysoldt¬</Unicode>
                </TextEquiv>
            </TextLine>
            <TextLine id="r2l18" custom="readingOrder {index:17;}">
                <Coords points="409,1674 1527,1669 1573,1618 409,1633"/>
                <Baseline points="416,1668 473,1667 531,1667 588,1667 646,1666 703,1666 761,1665 818,1664 876,1663 933,1662 991,1661 1048,1660 1106,1660 1163,1659 1221,1658 1278,1656 1336,1655 1393,1654 1451,1653 1508,1652 1566,1651"/>
                <TextEquiv>
                    <Unicode>Sladek wenigstens in der allerletzten Zeit von ihrem ursprünglichen</Unicode>
                </TextEquiv>
            </TextLine>
            <TextLine id="r2l19" custom="readingOrder {index:18;}">
                <Coords points="406,1721 1542,1707 1567,1656 405,1675"/>
                <Baseline points="413,1711 470,1711 527,1710 585,1709 642,1709 699,1708 757,1707 814,1706 871,1705 929,1704 986,1703 1043,1702 1101,1701 1158,1700 1215,1699 1273,1698 1330,1697 1387,1696 1445,1695 1502,1694 1560,1694"/>
                <TextEquiv>
                    <Unicode>Programm abgewichen ist. Trotzdem erscheint die Eile, mit der das</Unicode>
                </TextEquiv>
            </TextLine>
            <TextLine id="r2l20" custom="readingOrder {index:19;}">
                <Coords points="400,1765 1569,1746 1568,1704 1503,1693 400,1715"/>
                <Baseline points="407,1752 464,1752 522,1752 580,1751 638,1751 695,1750 753,1750 811,1749 869,1748 926,1747 984,1746 1042,1745 1100,1744 1157,1743 1215,1742 1273,1741 1331,1739 1388,1739 1446,1738 1504,1737 1562,1736"/>
                <TextEquiv>
                    <Unicode>Ministerium auf der Räumung besteht, nicht unverdächtig. Man</Unicode>
                </TextEquiv>
            </TextLine>
            <TextLine id="r2l21" custom="readingOrder {index:20;}">
                <Coords points="399,1803 1567,1786 1566,1746 1478,1736 398,1763"/>
                <Baseline points="406,1796 463,1796 521,1795 579,1795 636,1795 694,1794 752,1793 809,1792 867,1791 925,1790 983,1789 1040,1788 1098,1786 1156,1785 1213,1784 1271,1783 1329,1782 1386,1781 1444,1780 1502,1779 1560,1778"/>
                <TextEquiv>
                    <Unicode>erinnert sich, daß der „Reigen“=Skandal, der ei deutschen Dichter</Unicode>
                </TextEquiv>
            </TextLine>
            <TextLine id="r2l22" custom="readingOrder {index:21;}">
                <Coords points="405,1847 1574,1824 1545,1783 405,1807"/>
                <Baseline points="413,1837 470,1837 528,1837 585,1837 643,1836 701,1836 758,1835 816,1834 874,1833 931,1832 989,1831 1047,1830 1104,1829 1162,1828 1220,1827 1277,1825 1335,1824 1393,1822 1450,1821 1508,1820 1566,1818"/>
                <TextEquiv>
                    <Unicode>vom Range Artur Schnitzlers allen Hetzern u. Schwätzern aus¬</Unicode>
                </TextEquiv>
            </TextLine>
            <TextLine id="r2l23" custom="readingOrder {index:22;}">
                <Coords points="405,1889 1577,1871 1576,1836 1477,1824 405,1846"/>
                <Baseline points="412,1882 469,1881 527,1880 585,1879 643,1878 701,1877 759,1876 816,1875 874,1874 932,1873 990,1872 1048,1871 1106,1870 1164,1870 1221,1869 1279,1868 1337,1867 1395,1866 1453,1865 1511,1864 1569,1863"/>
                <TextEquiv>
                    <Unicode>lieferte, seinten Krsprung in einer Abkeilung jener Behörde hatte.</Unicode>
                </TextEquiv>
            </TextLine>
            <TextLine id="r2l24" custom="readingOrder {index:23;}">
                <Coords points="412,1931 1576,1915 1562,1870 411,1886"/>
                <Baseline points="419,1923 476,1922 534,1922 591,1921 649,1920 706,1920 764,1919 821,1918 879,1917 936,1916 994,1915 1051,1914 1109,1913 1166,1912 1224,1911 1281,1910 1339,1909 1396,1908 1454,1907 1511,1906 1569,1905"/>
                <TextEquiv>
                    <Unicode>Der damalige Kultusminister Konrad Hänisch erklärte sich mit den</Unicode>
                </TextEquiv>
            </TextLine>
            <TextLine id="r2l25" custom="readingOrder {index:24;}">
                <Coords points="410,1971 1580,1954 1551,1911 409,1928"/>
                <Baseline points="417,1965 474,1965 532,1964 590,1964 648,1963 705,1962 763,1961 821,1960 879,1960 936,1959 994,1958 1052,1957 1110,1956 1167,1955 1225,1954 1283,1953 1341,1952 1398,1951 1456,1949 1514,1949 1572,1948"/>
                <TextEquiv>
                    <Unicode>Maßnahmen seines Theaterressorts nicht für einverstanden, aber eine</Unicode>
                </TextEquiv>
            </TextLine>
            <TextLine id="r2l26" custom="readingOrder {index:25;}">
                <Coords points="395,2022 1586,1991 1575,1951 395,1968"/>
                <Baseline points="403,2009 461,2008 520,2008 579,2007 638,2006 696,2006 755,2005 814,2004 873,2003 931,2002 990,2001 1049,2000 1108,1999 1166,1998 1225,1997 1284,1996 1343,1994 1401,1993 1460,1992 1519,1991 1578,1990"/>
                <TextEquiv>
                    <Unicode>Debatte aufreizender Art mit allen ihren Folgen war damit nicht</Unicode>
                </TextEquiv>
            </TextLine>
            <TextLine id="r2l27" custom="readingOrder {index:26;}">
                <Coords points="403,2060 1584,2049 1583,1992 403,2016"/>
                <Baseline points="410,2052 468,2052 526,2051 584,2050 643,2049 701,2048 759,2047 818,2046 876,2045 934,2044 993,2043 1051,2042 1109,2041 1167,2040 1226,2039 1284,2038 1342,2037 1401,2036 1459,2036 1517,2034 1576,2034"/>
                <TextEquiv>
                    <Unicode>mehr aufzuhalten. Nach diesen Erfahrungen hätte die fragliche</Unicode>
                </TextEquiv>
            </TextLine>
            <TextLine id="r2l28" custom="readingOrder {index:27;}">
                <Coords points="409,2108 1573,2079 1527,2037 408,2058"/>
                <Baseline points="416,2098 473,2096 530,2095 588,2094 645,2093 703,2091 760,2091 818,2090 875,2088 933,2088 990,2087 1047,2085 1105,2085 1162,2083 1220,2082 1277,2081 1335,2080 1392,2079 1450,2077 1507,2075 1565,2073"/>
                <TextEquiv>
                    <Unicode>Stelle des Kultusministeriums die Sache nicht auf die Spitze treiben</Unicode>
                </TextEquiv>
            </TextLine>
            <TextLine id="r2l29" custom="readingOrder {index:28;}">
                <Coords points="400,2155 1585,2118 1584,2076 399,2106"/>
                <Baseline points="407,2141 465,2140 524,2139 582,2138 641,2136 699,2135 758,2134 816,2132 875,2131 933,2130 992,2129 1050,2127 1109,2126 1167,2125 1226,2124 1284,2122 1343,2121 1401,2120 1460,2120 1518,2119 1577,2118"/>
                <TextEquiv>
                    <Unicode>und sich nicht den Vorwurf persönlicher Gereiztheit und — was</Unicode>
                </TextEquiv>
            </TextLine>
            <TextLine id="r2l30" custom="readingOrder {index:29;}">
                <Coords points="391,2205 1419,2180 1449,2125 389,2146"/>
                <Baseline points="398,2180 450,2179 502,2178 554,2177 607,2176 659,2174 711,2173 763,2172 816,2171 868,2170 920,2168 972,2167 1025,2166 1077,2165 1129,2163 1181,2162 1234,2160 1286,2159 1338,2157 1390,2156 1443,2155"/>
                <TextEquiv>
                    <Unicode>schlimmer ist — eines unsozialen Norhaltens auziehen follen</Unicode>
                </TextEquiv>
            </TextLine>
            <TextLine id="r2l31" custom="readingOrder {index:30;}">
                <Coords points="597,2421 644,2405 740,2426 781,2405 868,2427 899,2409 955,2429 980,2411 1128,2416 1114,2247 1084,2271 1055,2254 987,2279 882,2265 850,2286 792,2268 747,2288 669,2264 596,2282"/>
                <Baseline points="605,2419 630,2415 656,2412 682,2409 708,2406 734,2404 759,2402 785,2401 811,2400 837,2399 863,2399 888,2399 914,2399 940,2400 966,2400 992,2402 1017,2402 1043,2404 1069,2406 1095,2408 1121,2410"/>
                <TextEquiv>
                    <Unicode>unberechn</Unicode>
                </TextEquiv>
            </TextLine>
            <TextLine id="r2l32" custom="readingOrder {index:31;}">
                <Coords points="661,2571 948,2496 1113,2506 1299,2553 1298,2504 1067,2454 938,2445 747,2490 660,2487"/>
                <Baseline points="668,2554 699,2545 730,2537 761,2530 792,2522 824,2516 855,2511 886,2506 917,2503 948,2500 980,2499 1011,2498 1042,2498 1073,2501 1104,2503 1136,2507 1167,2513 1198,2520 1229,2528 1260,2537 1292,2548"/>
                <TextEquiv>
                    <Unicode>pons Schabensahaden</Unicode>
                </TextEquiv>
            </TextLine>
            <TextLine id="r2l33" custom="readingOrder {index:32;}">
                <Coords points="1249,2662 1263,2660 1266,2663 1277,2657 1285,2647 1305,2642 1288,2562 1281,2563 1276,2560 1274,2563 1265,2558 1248,2555 1238,2565 1229,2567"/>
                <Baseline points="1254,2648 1297,2639"/>
                <TextEquiv>
                    <Unicode>□</Unicode>
                </TextEquiv>
            </TextLine>
            <TextLine id="r2l34" custom="readingOrder {index:33;}">
                <Coords points="473,2651 936,2722 1074,2711 1082,2638 1004,2645 948,2616 852,2629 791,2603 600,2595 575,2577 476,2619"/>
                <Baseline points="480,2654 509,2653 538,2652 568,2653 597,2655 627,2658 656,2661 685,2666 715,2670 744,2676 774,2680 803,2685 832,2690 862,2693 891,2697 921,2699 950,2701 979,2701 1009,2700 1038,2697 1068,2693"/>
                <TextEquiv>
                    <Unicode>A</Unicode>
                </TextEquiv>
            </TextLine>
            <TextLine id="r2l35" custom="readingOrder {index:34;}">
                <Coords points="558,2759 935,2729 1277,2744 1386,2733 1404,2701 1307,2663 1248,2703 557,2706"/>
                <Baseline points="565,2749 606,2748 648,2747 689,2746 731,2745 773,2743 814,2742 856,2740 897,2739 939,2738 981,2736 1022,2735 1064,2734 1105,2732 1147,2730 1189,2729 1230,2728 1272,2727 1313,2726 1355,2725 1397,2725"/>
                <TextEquiv>
                    <Unicode>anösaras albricht: TEITUNCK·AUSSCNNITT·AUAO</Unicode>
                </TextEquiv>
            </TextLine>
            <TextLine id="r2l36" custom="readingOrder {index:35;}">
                <Coords points="547,2805 683,2831 857,2796 905,2818 982,2793 1402,2794 1400,2734 546,2758"/>
                <Baseline points="555,2803 596,2802 638,2802 680,2801 722,2800 764,2798 806,2797 848,2795 890,2794 932,2792 974,2790 1015,2788 1057,2787 1099,2786 1141,2784 1183,2782 1225,2782 1267,2781 1309,2780 1351,2780 1393,2780"/>
                <TextEquiv>
                    <Unicode>BERLIN SO 16. RUNGESTRASSE 22-24</Unicode>
                </TextEquiv>
            </TextLine>
            <TextLine id="r2l37" custom="readingOrder {index:36;}">
                <Coords points="647,2986 747,3006 822,2985 861,3007 1008,2971 1046,3004 1081,2981 1307,2980 1291,2874 1218,2877 1180,2909 1013,2881 914,2904 878,2889 807,2923 645,2913"/>
                <Baseline points="654,2980 686,2981 718,2981 750,2981 783,2981 815,2980 847,2979 879,2977 912,2976 944,2975 976,2973 1008,2971 1041,2970 1073,2969 1105,2968 1137,2967 1170,2967 1202,2968 1234,2968 1266,2971 1299,2973"/>
                <TextEquiv>
                    <Unicode>DeutscheZeitung</Unicode>
                </TextEquiv>
            </TextLine>
            <TextLine id="r2l38" custom="readingOrder {index:37;}">
                <Coords points="692,3043 891,3059 985,3037 1025,3057 1061,3030 1284,3022 1283,2991 1255,2980 1048,3008 1017,2990 691,3007"/>
                <Baseline points="699,3037 727,3037 756,3036 785,3036 814,3035 843,3034 872,3033 901,3033 930,3032 959,3031 988,3030 1016,3029 1045,3028 1074,3026 1103,3025 1132,3024 1161,3022 1190,3022 1219,3020 1248,3019 1277,3017"/>
                <TextEquiv>
                    <Unicode>das führende U nationale Glatt</Unicode>
                </TextEquiv>
            </TextLine>
            <TextLine id="r2l39" custom="readingOrder {index:38;}">
                <Coords points="540,3124 723,3145 827,3113 1131,3109 1129,3054 753,3084 538,3064"/>
                <Baseline points="547,3121 575,3119 604,3118 633,3116 662,3115 691,3114 719,3112 748,3110 777,3109 806,3108 835,3106 863,3106 892,3104 921,3104 950,3103 979,3102 1007,3101 1036,3100 1065,3100 1094,3100 1123,3099"/>
                <TextEquiv>
                    <Unicode>Ausschnitt aus der Nummer vom:</Unicode>
                </TextEquiv>
            </TextLine>
            <TextLine id="r2l40" custom="readingOrder {index:39;}">
                <Coords points="381,3241 1426,3214 1506,3204 1505,3161 380,3206"/>
                <Baseline points="388,3239 443,3237 499,3235 554,3233 610,3232 665,3230 721,3228 776,3227 832,3225 887,3222 943,3221 999,3219 1054,3217 1110,3214 1165,3213 1221,3210 1276,3208 1332,3205 1387,3202 1443,3199 1499,3195"/>
                <TextEquiv>
                    <Unicode>* Schließung des Kleinen Schauspielhauses. Im Anschluß an</Unicode>
                </TextEquiv>
            </TextLine>
            <TextLine id="r2l41" custom="readingOrder {index:40;}">
                <Coords points="326,3283 1418,3258 1503,3240 1502,3204 606,3256 378,3223 325,3258"/>
                <Baseline points="334,3282 392,3279 450,3278 508,3276 566,3274 624,3272 682,3270 740,3268 798,3266 856,3264 915,3263 973,3260 1031,3258 1089,3256 1147,3253 1205,3251 1263,3248 1321,3244 1379,3241 1437,3238 1496,3234"/>
                <TextEquiv>
                    <Unicode>Die allgemein bekannt gewordenen Vorgänge der „Reigen“¬</Unicode>
                </TextEquiv>
            </TextLine>
            <TextLine id="r2l42" custom="readingOrder {index:41;}">
                <Coords points="334,3328 1088,3313 1476,3284 1506,3245 332,3295"/>
                <Baseline points="340,3321 401,3319 462,3316 523,3314 584,3312 645,3310 706,3308 767,3306 828,3304 889,3302 950,3300 1011,3297 1072,3295 1133,3292 1194,3289 1255,3287 1316,3284 1377,3280 1438,3276 1499,3272"/>
                <TextEquiv>
                    <Unicode>Aufführungen und „Reigen“=Prozesses war seitesis der</Unicode>
                </TextEquiv>
            </TextLine>
            <TextLine id="r2l43" custom="readingOrder {index:42;}">
                <Coords points="344,3370 1500,3325 1498,3278 1426,3277 1096,3320 343,3327"/>
                <Baseline points="351,3361 408,3359 465,3357 522,3355 579,3353 636,3350 693,3348 750,3346 807,3343 864,3341 922,3338 979,3336 1036,3333 1093,3331 1150,3329 1207,3326 1264,3323 1321,3322 1378,3319 1435,3316 1493,3314"/>
                <TextEquiv>
                    <Unicode>Besitzerin, der „Jochschule für Musik“, gerichtlicher Einspruch</Unicode>
                </TextEquiv>
            </TextLine>
            <TextLine id="r2l44" custom="readingOrder {index:43;}">
                <Coords points="348,3428 1454,3369 1506,3362 1505,3325 346,3369"/>
                <Baseline points="354,3402 411,3399 468,3396 525,3393 583,3391 640,3388 697,3386 754,3384 812,3382 869,3379 926,3377 983,3375 1041,3373 1098,3371 1155,3369 1212,3366 1270,3364 1327,3360 1384,3357 1441,3354 1499,3350"/>
                <TextEquiv>
                    <Unicode>gegen die Westerjüihrung des Spielbetriebes im Kleinen Schau¬</Unicode>
                </TextEquiv>
            </TextLine>
            <TextLine id="r2l45" custom="readingOrder {index:44;}">
                <Coords points="361,3453 1493,3406 1503,3357 359,3416"/>
                <Baseline points="367,3439 423,3437 480,3434 536,3432 593,3429 649,3427 706,3425 762,3423 819,3421 875,3419 932,3417 988,3415 1045,3412 1101,3410 1158,3407 1214,3405 1271,3403 1327,3399 1384,3397 1440,3393 1497,3390"/>
                <TextEquiv>
                    <Unicode>spielhause erhoben worden. Das Landgericht I hat nunmehr</Unicode>
                </TextEquiv>
            </TextLine>
            <TextLine id="r2l46" custom="readingOrder {index:45;}">
                <Coords points="1255,3444 1338,3449 1418,3436 1457,3447 1479,3437 1511,3442 1510,3402 1467,3407 1422,3399 1409,3408 1376,3400 1366,3408 1281,3412 1254,3400"/>
                <Baseline points="1263,3439 1289,3439 1316,3438 1343,3437 1369,3435 1396,3434 1423,3433 1449,3433 1476,3433 1503,3435"/>
                <TextEquiv>
                    <Unicode>Veranstaltung</Unicode>
                </TextEquiv>
            </TextLine>
            <TextLine id="r2l47" custom="readingOrder {index:46;}">
                <Coords points="351,3491 1176,3458 1244,3417 349,3453"/>
                <Baseline points="357,3481 401,3479 445,3476 489,3474 533,3472 577,3470 621,3468 665,3466 709,3465 753,3463 797,3461 841,3459 885,3458 929,3456 973,3454 1017,3453 1061,3451 1105,3448 1149,3446 1193,3444 1237,3442"/>
                <TextEquiv>
                    <Unicode>zugunsten der Klägerin entschieden und die</Unicode>
                </TextEquiv>
            </TextLine>
            <TextLine id="r2l48" custom="readingOrder {index:47;}">
                <Coords points="351,3528 1467,3486 1520,3477 1520,3440 349,3490"/>
                <Baseline points="358,3516 415,3514 473,3512 531,3510 589,3508 646,3506 704,3504 762,3502 820,3499 877,3497 935,3494 993,3492 1051,3490 1108,3487 1166,3484 1224,3482 1282,3480 1339,3477 1397,3475 1455,3472 1513,3470"/>
                <TextEquiv>
                    <Unicode>weiterer Aufführungen untersagt. Mag die plötzlich verhängte</Unicode>
                </TextEquiv>
            </TextLine>
            <TextLine id="r2l49" custom="readingOrder {index:48;}">
                <Coords points="356,3566 1509,3516 1485,3474 354,3525"/>
                <Baseline points="363,3556 422,3554 482,3553 542,3551 602,3548 662,3545 722,3543 782,3540 842,3537 902,3535 962,3531 1022,3529 1082,3526 1142,3523 1202,3521 1262,3519 1322,3516 1382,3514 1442,3511 1502,3509"/>
                <TextEquiv>
                    <Unicode>Schließung für die Darsteller, die inmitten der Sommerspielzeit</Unicode>
                </TextEquiv>
            </TextLine>
            <TextLine id="r2l50" custom="readingOrder {index:49;}">
                <Coords points="358,3603 1510,3556 1508,3515 1408,3512 357,3567"/>
                <Baseline points="366,3596 422,3594 479,3591 536,3589 593,3587 650,3584 706,3582 763,3579 820,3577 877,3575 934,3572 990,3570 1047,3567 1104,3565 1161,3563 1218,3559 1274,3557 1331,3555 1388,3553 1445,3550 1502,3548"/>
                <TextEquiv>
                    <Unicode>nur sehr schwer neue Verpflichtungen werden eingehen können,</Unicode>
                </TextEquiv>
            </TextLine>
            <TextLine id="r2l51" custom="readingOrder {index:50;}">
                <Coords points="364,3641 1426,3605 1525,3595 1524,3555 362,3601"/>
                <Baseline points="371,3635 428,3633 485,3631 543,3628 600,3626 657,3623 715,3621 772,3618 829,3616 887,3614 944,3611 1001,3609 1059,3606 1116,3604 1173,3601 1231,3599 1288,3596 1345,3593 1403,3591 1460,3588 1518,3586"/>
                <TextEquiv>
                    <Unicode>bedauerlich sein — der Kunst ist mit dieser Einstellung des</Unicode>
                </TextEquiv>
            </TextLine>
            <TextLine id="r2l52" custom="readingOrder {index:51;}">
                <Coords points="364,3679 1483,3635 1523,3598 362,3641"/>
                <Baseline points="371,3675 428,3672 485,3670 542,3667 600,3664 657,3662 714,3660 772,3657 829,3655 886,3653 944,3650 1001,3648 1058,3646 1115,3643 1173,3641 1230,3638 1287,3636 1345,3633 1402,3630 1459,3627 1517,3624"/>
                <TextEquiv>
                    <Unicode>Spielbetriebes wahrlich kein Schade geschehen, und der deut¬</Unicode>
                </TextEquiv>
            </TextLine>
            <TextLine id="r2l53" custom="readingOrder {index:52;}">
                <Coords points="372,3718 1510,3677 1523,3632 370,3680"/>
                <Baseline points="379,3712 435,3711 492,3709 549,3707 606,3705 663,3702 720,3699 777,3697 834,3695 891,3692 948,3689 1004,3687 1061,3684 1118,3681 1175,3679 1232,3676 1289,3673 1346,3671 1403,3669 1460,3667 1517,3664"/>
                <TextEquiv>
                    <Unicode>sce: Kunst schon erst gar nicht. Die tief bekümmerle Leitung</Unicode>
                </TextEquiv>
            </TextLine>
            <TextLine id="r2l54" custom="readingOrder {index:53;}">
                <Coords points="378,3760 1459,3725 1523,3712 1522,3675 376,3718"/>
                <Baseline points="385,3750 441,3748 498,3745 554,3743 611,3741 667,3738 724,3736 780,3734 837,3732 893,3730 950,3727 1006,3725 1063,3723 1119,3721 1176,3718 1232,3716 1289,3713 1345,3710 1402,3707 1458,3705 1515,3701"/>
                <TextEquiv>
                    <Unicode>ollte sich mit dem derzeitigen Erfolge des „Reigen“=Skandals</Unicode>
                </TextEquiv>
            </TextLine>
            <TextLine id="r2l55" custom="readingOrder {index:54;}">
                <Coords points="366,3805 1525,3750 1488,3707 365,3764"/>
                <Baseline points="373,3794 430,3790 487,3787 544,3784 601,3781 659,3778 716,3776 773,3774 830,3772 887,3769 945,3767 1002,3765 1059,3762 1116,3760 1173,3758 1231,3756 1288,3753 1345,3750 1402,3747 1459,3745 1517,3741"/>
                <TextEquiv>
                    <Unicode>zu trösten wissen. Wir jedenfalls sehen uns außerstande, ihr</Unicode>
                </TextEquiv>
            </TextLine>
            <TextLine id="r2l56" custom="readingOrder {index:55;}">
                <Coords points="364,3841 1419,3806 1533,3794 1532,3744 362,3807"/>
                <Baseline points="371,3831 428,3829 486,3827 544,3824 602,3821 660,3819 717,3817 775,3814 833,3812 891,3809 949,3806 1006,3804 1064,3801 1122,3799 1180,3796 1238,3794 1295,3792 1353,3790 1411,3787 1469,3784 1527,3782"/>
                <TextEquiv>
                    <Unicode>Krokodilstränen nachzuweinen. Eines der vielzuvielen Berliner.</Unicode>
                </TextEquiv>
            </TextLine>
            <TextLine id="r2l57" custom="readingOrder {index:56;}">
                <Coords points="378,3875 1537,3823 1480,3787 377,3836"/>
                <Baseline points="386,3870 443,3868 500,3865 557,3863 614,3861 671,3859 728,3856 786,3854 843,3851 900,3849 957,3846 1014,3844 1071,3842 1128,3839 1186,3836 1243,3834 1300,3831 1357,3829 1414,3826 1471,3824 1529,3821"/>
                <TextEquiv>
                    <Unicode>Theater zur Vergnügung der Vielzuvielen hat damit seine</Unicode>
                </TextEquiv>
            </TextLine>
            <TextLine id="r2l58" custom="readingOrder {index:57;}">
                <Coords points="363,3944 422,3914 721,3905 719,3875 658,3859 506,3878 360,3872"/>
                <Baseline points="369,3911 395,3911 421,3911 448,3910 474,3909 501,3907 527,3906 554,3905 580,3904 607,3903 633,3901 660,3900 686,3899 713,3899"/>
                <TextEquiv>
                    <Unicode>Pforten geschlossen,</Unicode>
                </TextEquiv>
            </TextLine>
            <TextEquiv>
                <Unicode>box 18/2
Reigen
Mmbndhn

onöaivas AnuFaensl T.Unos-AUASCAwIfFSBUno
Berlin SO 16  Rungestrasse 22-24
Berliner Tageblatt
Abend=Ausgabe
Ausschnitt aus der Rummer, vom:
XX Das Kleine Schauspielhaus hat, wie seine bisherigen
Leiter heute morgen mitteilten, zu bestehen aufgehört. Jenseits der
rechtlichen Erwägungen, die der ersten gerichtlichen Instanz die Zu¬
stimmung zu dey Alffasse des Kultusministeriums als dem Ver¬
mieter des Hauses nahelegten, melden sich auch andere Gesichtspunkte.
Daß das Ministerium die Räume für eine Probebühne seiner Opern¬
schule benutzen will, ist gewiß löblich. Das ist eine ernste Kunstabsicht,
und ihr Gewicht wird dadurch erhöht, daß die Direktion Eysoldt¬
Sladek wenigstens in der allerletzten Zeit von ihrem ursprünglichen
Programm abgewichen ist. Trotzdem erscheint die Eile, mit der das
Ministerium auf der Räumung besteht, nicht unverdächtig. Man
erinnert sich, daß der „Reigen“=Skandal, der ei deutschen Dichter
vom Range Artur Schnitzlers allen Hetzern u. Schwätzern aus¬
lieferte, seinten Krsprung in einer Abkeilung jener Behörde hatte.
Der damalige Kultusminister Konrad Hänisch erklärte sich mit den
Maßnahmen seines Theaterressorts nicht für einverstanden, aber eine
Debatte aufreizender Art mit allen ihren Folgen war damit nicht
mehr aufzuhalten. Nach diesen Erfahrungen hätte die fragliche
Stelle des Kultusministeriums die Sache nicht auf die Spitze treiben
und sich nicht den Vorwurf persönlicher Gereiztheit und — was
schlimmer ist — eines unsozialen Norhaltens auziehen follen
unberechn
pons Schabensahaden
□
A
anösaras albricht: TEITUNCK·AUSSCNNITT·AUAO
BERLIN SO 16. RUNGESTRASSE 22-24
DeutscheZeitung
das führende U nationale Glatt
Ausschnitt aus der Nummer vom:
* Schließung des Kleinen Schauspielhauses. Im Anschluß an
Die allgemein bekannt gewordenen Vorgänge der „Reigen“¬
Aufführungen und „Reigen“=Prozesses war seitesis der
Besitzerin, der „Jochschule für Musik“, gerichtlicher Einspruch
gegen die Westerjüihrung des Spielbetriebes im Kleinen Schau¬
spielhause erhoben worden. Das Landgericht I hat nunmehr
Veranstaltung
zugunsten der Klägerin entschieden und die
weiterer Aufführungen untersagt. Mag die plötzlich verhängte
Schließung für die Darsteller, die inmitten der Sommerspielzeit
nur sehr schwer neue Verpflichtungen werden eingehen können,
bedauerlich sein — der Kunst ist mit dieser Einstellung des
Spielbetriebes wahrlich kein Schade geschehen, und der deut¬
sce: Kunst schon erst gar nicht. Die tief bekümmerle Leitung
ollte sich mit dem derzeitigen Erfolge des „Reigen“=Skandals
zu trösten wissen. Wir jedenfalls sehen uns außerstande, ihr
Krokodilstränen nachzuweinen. Eines der vielzuvielen Berliner.
Theater zur Vergnügung der Vielzuvielen hat damit seine
Pforten geschlossen,</Unicode>
            </TextEquiv>
        </TextRegion>
        <TextRegion orientation="0.0" id="r3" custom="readingOrder {index:2;}">
            <Coords points="1773,1396 1773,3136 2989,3136 2989,1396"/>
            <TextLine id="r3l1" custom="readingOrder {index:0;}">
                <Coords points="2175,1478 2353,1425 2488,1414 2828,1484 2829,1443 2772,1411 2582,1370 2397,1367 2177,1416"/>
                <Baseline points="2183,1469 2214,1458 2246,1448 2278,1440 2310,1433 2342,1426 2374,1422 2406,1420 2438,1417 2470,1417 2502,1418 2533,1419 2565,1422 2597,1426 2629,1430 2661,1436 2693,1443 2725,1451 2757,1460 2789,1469 2821,1479"/>
                <TextEquiv>
                    <Unicode>poer Schuennansdun</Unicode>
                </TextEquiv>
            </TextLine>
            <TextLine id="r3l2" custom="readingOrder {index:1;}">
                <Coords points="2514,1562 2527,1567 2567,1565 2590,1594 2597,1598 2611,1596 2617,1533 2597,1527 2580,1540 2573,1534 2562,1539 2541,1518 2531,1524 2518,1521"/>
                <Baseline points="2521,1560 2549,1562 2578,1566 2607,1568"/>
                <TextEquiv>
                    <Unicode>5</Unicode>
                </TextEquiv>
            </TextLine>
            <TextLine id="r3l3" custom="readingOrder {index:2;}">
                <Coords points="1994,1554 2116,1583 2183,1568 2286,1598 2307,1626 2356,1630 2372,1629 2387,1542 2368,1543 2292,1493 2263,1504 2205,1475 2174,1485 2109,1441 2008,1472"/>
                <Baseline points="2003,1545 2029,1546 2055,1549 2081,1551 2107,1554 2133,1557 2159,1561 2186,1565 2212,1570 2238,1575 2264,1580 2290,1586 2316,1591 2342,1597 2369,1603"/>
                <TextEquiv>
                    <Unicode></Unicode>
                </TextEquiv>
            </TextLine>
            <TextLine id="r3l4" custom="readingOrder {index:3;}">
                <Coords points="2412,1634 2634,1634 2691,1624 2754,1587 2840,1589 2832,1523 2767,1527 2743,1509 2633,1531 2608,1563 2403,1560"/>
                <Baseline points="2417,1612 2442,1614 2468,1616 2494,1616 2520,1615 2546,1614 2572,1611 2598,1608 2624,1604 2649,1600 2675,1596 2701,1590 2727,1586 2753,1581 2779,1577 2805,1572 2831,1568"/>
                <TextEquiv>
                    <Unicode>Kn</Unicode>
                </TextEquiv>
            </TextLine>
            <TextLine id="r3l5" custom="readingOrder {index:4;}">
                <Coords points="2072,1664 2863,1677 2900,1673 2901,1634 2574,1637 2461,1599 2427,1632 2252,1635 2073,1608"/>
                <Baseline points="2080,1648 2120,1649 2161,1650 2201,1651 2242,1651 2283,1652 2323,1653 2364,1653 2405,1654 2445,1655 2486,1655 2527,1656 2567,1656 2608,1657 2649,1658 2689,1658 2730,1659 2771,1660 2811,1661 2852,1661 2893,1662"/>
                <TextEquiv>
                    <Unicode>GRöSfras RAUFSCNAS TAITUNGS-AUSSCHMITr·Aög0</Unicode>
                </TextEquiv>
            </TextLine>
            <TextLine id="r3l6" custom="readingOrder {index:5;}">
                <Coords points="2060,1712 2588,1713 2670,1738 2910,1716 2910,1672 2061,1661"/>
                <Baseline points="2068,1701 2109,1702 2151,1703 2193,1703 2234,1704 2276,1705 2318,1706 2359,1707 2401,1708 2443,1708 2485,1709 2526,1710 2568,1711 2610,1712 2651,1712 2693,1713 2735,1714 2776,1714 2818,1715 2860,1716 2902,1717"/>
                <TextEquiv>
                    <Unicode>BERLIN SO 16. RUNGESTRASSE 22-24</Unicode>
                </TextEquiv>
            </TextLine>
            <TextLine id="r3l7" custom="readingOrder {index:6;}">
                <Coords points="2155,1899 2270,1894 2393,1926 2507,1884 2546,1925 2580,1902 2775,1922 2824,1906 2825,1850 2726,1814 2687,1831 2613,1801 2482,1822 2391,1804 2240,1833 2157,1816"/>
                <Baseline points="2162,1885 2194,1886 2227,1888 2260,1889 2293,1890 2325,1891 2358,1891 2391,1891 2424,1892 2456,1892 2489,1892 2522,1893 2555,1893 2587,1893 2620,1894 2653,1895 2686,1896 2718,1897 2751,1899 2784,1901 2817,1903"/>
                <TextEquiv>
                    <Unicode>Deutsche Zeitung</Unicode>
                </TextEquiv>
            </TextLine>
            <TextLine id="r3l8" custom="readingOrder {index:7;}">
                <Coords points="2188,1954 2391,1951 2517,1977 2581,1953 2754,1963 2795,1954 2796,1928 2737,1908 2544,1925 2506,1886 2403,1926 2189,1902"/>
                <Baseline points="2196,1942 2225,1943 2255,1945 2284,1945 2314,1946 2344,1947 2373,1948 2403,1948 2432,1949 2462,1949 2492,1949 2521,1949 2551,1950 2580,1950 2610,1950 2640,1950 2669,1950 2699,1950 2728,1950 2758,1950 2788,1950"/>
                <TextEquiv>
                    <Unicode>das führende U nationale Blatt</Unicode>
                </TextEquiv>
            </TextLine>
            <TextLine id="r3l9" custom="readingOrder {index:8;}">
                <Coords points="2031,2032 2292,2017 2599,2069 2857,2048 2859,1976 2815,1969 2475,1987 2239,1953 2033,1963"/>
                <Baseline points="2039,2022 2079,2020 2120,2018 2160,2017 2201,2016 2241,2016 2282,2017 2322,2017 2363,2019 2403,2020 2444,2022 2484,2024 2525,2026 2565,2028 2606,2031 2646,2033 2687,2035 2727,2037 2768,2039 2808,2040 2849,2041"/>
                <TextEquiv>
                    <Unicode>Ausschnitt aus der Rumuger vom; 1 M</Unicode>
                </TextEquiv>
            </TextLine>
            <TextLine id="r3l10" custom="readingOrder {index:9;}">
                <Coords points="1923,2169 2751,2253 2853,2252 2882,2207 2828,2176 2491,2174 2458,2144 2324,2157 2184,2118 1994,2111 1925,2144"/>
                <Baseline points="1932,2159 1979,2165 2026,2170 2073,2174 2120,2179 2167,2183 2214,2188 2261,2192 2308,2195 2355,2199 2402,2203 2449,2206 2496,2210 2543,2214 2590,2217 2637,2221 2684,2224 2731,2228 2778,2231 2825,2235 2872,2238"/>
                <TextEquiv>
                    <Unicode>der Reigenprozeß. macht Schule.</Unicode>
                </TextEquiv>
            </TextLine>
            <TextLine id="r3l11" custom="readingOrder {index:10;}">
                <Coords points="1906,2234 2989,2320 3001,2260 1910,2181"/>
                <Baseline points="1914,2225 1967,2230 2021,2235 2075,2239 2129,2244 2182,2248 2236,2252 2290,2256 2344,2261 2397,2265 2451,2270 2505,2274 2559,2277 2612,2282 2666,2286 2720,2290 2774,2294 2827,2299 2881,2303 2935,2306 2989,2311"/>
                <TextEquiv>
                    <Unicode>Auf Grund einer in dem „Intimen Theater“ in der Bülow¬</Unicode>
                </TextEquiv>
            </TextLine>
            <TextLine id="r3l12" custom="readingOrder {index:11;}">
                <Coords points="1824,2269 2987,2363 2991,2319 1827,2222"/>
                <Baseline points="1832,2260 1889,2264 1946,2269 2004,2273 2061,2278 2119,2282 2176,2287 2233,2291 2291,2295 2348,2300 2406,2304 2463,2309 2520,2313 2578,2318 2635,2323 2693,2327 2750,2332 2807,2337 2865,2342 2922,2347 2980,2352"/>
                <TextEquiv>
                    <Unicode>straße im Rahmen einer ordnungsmäßigen Gerichtsverhandlung</Unicode>
                </TextEquiv>
            </TextLine>
            <TextLine id="r3l13" custom="readingOrder {index:12;}">
                <Coords points="1828,2302 2822,2393 2982,2397 2985,2363 1830,2271"/>
                <Baseline points="1835,2298 1892,2303 1949,2307 2006,2312 2063,2316 2120,2321 2177,2326 2234,2330 2291,2335 2348,2340 2405,2344 2462,2349 2519,2353 2576,2358 2633,2362 2690,2367 2747,2371 2804,2376 2861,2380 2918,2384 2976,2388"/>
                <TextEquiv>
                    <Unicode>veranstalteten Aufführung des Stückes „Lauf doch nicht immer</Unicode>
                </TextEquiv>
            </TextLine>
            <TextLine id="r3l14" custom="readingOrder {index:13;}">
                <Coords points="1825,2339 2982,2446 2985,2400 2905,2385 1828,2301"/>
                <Baseline points="1833,2336 1890,2341 1947,2346 2004,2350 2061,2355 2118,2359 2175,2364 2232,2369 2289,2373 2346,2378 2404,2382 2461,2387 2518,2391 2575,2396 2632,2401 2689,2405 2746,2410 2803,2414 2860,2418 2917,2424 2975,2429"/>
                <TextEquiv>
                    <Unicode>nackt herum“, ist die 7.Bivilkammer des Landgerichts I zu einem</Unicode>
                </TextEquiv>
            </TextLine>
            <TextLine id="r3l15" custom="readingOrder {index:14;}">
                <Coords points="1823,2381 2813,2470 2840,2427 1826,2339"/>
                <Baseline points="1831,2376 1883,2380 1936,2384 1988,2388 2041,2392 2093,2397 2146,2401 2199,2404 2251,2409 2304,2413 2356,2417 2409,2421 2461,2425 2514,2429 2567,2433 2619,2437 2672,2442 2724,2445 2777,2450 2830,2453"/>
                <TextEquiv>
                    <Unicode>Urteil gekommen, das weite Kreise interessieren dürfte.</Unicode>
                </TextEquiv>
            </TextLine>
            <TextLine id="r3l16" custom="readingOrder {index:15;}">
                <Coords points="1884,2424 2983,2516 2980,2440 2792,2463 1887,2382"/>
                <Baseline points="1892,2418 1946,2423 2000,2428 2054,2432 2108,2436 2163,2441 2217,2445 2271,2449 2325,2454 2379,2458 2434,2462 2488,2467 2542,2470 2596,2475 2650,2479 2705,2483 2759,2487 2813,2492 2867,2496 2921,2500 2976,2504"/>
                <TextEquiv>
                    <Unicode>Die Direktion des Intimen Theaters“ hatte als Auf¬</Unicode>
                </TextEquiv>
            </TextLine>
            <TextLine id="r3l17" custom="readingOrder {index:16;}">
                <Coords points="1810,2471 2946,2554 2971,2507 1815,2407"/>
                <Baseline points="1819,2451 1876,2456 1933,2461 1990,2466 2047,2470 2104,2475 2161,2479 2218,2484 2275,2489 2332,2493 2390,2498 2447,2502 2504,2506 2561,2511 2618,2516 2675,2520 2732,2524 2789,2529 2846,2533 2903,2537 2961,2542"/>
                <TextEquiv>
                    <Unicode>jahrungsberechtigte des Stu#s das zeitweilige Aufführungsrecht</Unicode>
                </TextEquiv>
            </TextLine>
            <TextLine id="r3l18" custom="readingOrder {index:17;}">
                <Coords points="1808,2500 2976,2599 2979,2555 2892,2538 1811,2462"/>
                <Baseline points="1816,2491 1873,2495 1931,2499 1989,2504 2046,2509 2104,2513 2162,2518 2219,2522 2277,2527 2335,2531 2393,2536 2450,2540 2508,2545 2566,2550 2623,2554 2681,2559 2739,2563 2796,2568 2854,2573 2912,2578 2970,2583"/>
                <TextEquiv>
                    <Unicode>an den Theaterdirektor Rudolph abges ben, welcher jedoch seinen</Unicode>
                </TextEquiv>
            </TextLine>
            <TextLine id="r3l19" custom="readingOrder {index:18;}">
                <Coords points="1821,2537 2936,2629 2972,2597 1824,2498"/>
                <Baseline points="1828,2529 1884,2534 1941,2539 1998,2544 2054,2549 2111,2553 2168,2557 2224,2562 2281,2566 2338,2571 2395,2576 2451,2580 2508,2584 2565,2588 2621,2593 2678,2597 2735,2602 2791,2607 2848,2612 2905,2616 2962,2622"/>
                <TextEquiv>
                    <Unicode>materiellen Verpflichtungen nicht nachtim mit der Begründung,</Unicode>
                </TextEquiv>
            </TextLine>
            <TextLine id="r3l20" custom="readingOrder {index:19;}">
                <Coords points="1812,2574 2970,2690 2945,2624 1816,2536"/>
                <Baseline points="1820,2569 1877,2574 1934,2579 1991,2583 2048,2587 2106,2592 2163,2597 2220,2602 2277,2607 2334,2611 2392,2616 2449,2621 2506,2625 2563,2630 2620,2635 2678,2639 2735,2644 2792,2648 2849,2652 2906,2656 2964,2661"/>
                <TextEquiv>
                    <Unicode>daß das Stück unzüchtig und geeignet sei, das Scham= und</Unicode>
                </TextEquiv>
            </TextLine>
            <TextLine id="r3l21" custom="readingOrder {index:20;}">
                <Coords points="1814,2621 2070,2628 2333,2662 2363,2655 2366,2622 1818,2573"/>
                <Baseline points="1822,2609 1848,2611 1875,2612 1902,2614 1928,2615 1955,2617 1982,2619 2008,2622 2035,2624 2062,2627 2089,2629 2115,2631 2142,2633 2169,2636 2195,2638 2222,2640 2249,2642 2275,2644 2302,2645 2329,2647 2356,2647"/>
                <TextEquiv>
                    <Unicode>Sittlichkeitsgefühl zu verletzen.</Unicode>
                </TextEquiv>
            </TextLine>
            <TextLine id="r3l22" custom="readingOrder {index:21;}">
                <Coords points="1873,2656 2955,2749 2959,2698 2736,2691 2677,2651 2566,2676 1876,2618"/>
                <Baseline points="1880,2653 1933,2656 1986,2660 2040,2664 2093,2668 2147,2672 2200,2677 2254,2680 2307,2685 2361,2689 2414,2694 2467,2698 2521,2702 2574,2706 2628,2711 2681,2714 2735,2719 2788,2722 2842,2727 2895,2731 2949,2735"/>
                <TextEquiv>
                    <Unicode>Das Gericht kam auf Grund der eigenen Wahrnehmungen im</Unicode>
                </TextEquiv>
            </TextLine>
            <TextLine id="r3l23" custom="readingOrder {index:22;}">
                <Coords points="1802,2689 2826,2777 2944,2777 2947,2746 1807,2636"/>
                <Baseline points="1810,2683 1866,2688 1922,2693 1979,2698 2035,2702 2091,2706 2148,2711 2204,2715 2260,2720 2317,2725 2373,2729 2429,2734 2486,2738 2542,2742 2598,2747 2655,2751 2711,2755 2767,2759 2824,2764 2880,2768 2937,2772"/>
                <TextEquiv>
                    <Unicode>Theater zu der Ansicht, daß weder der Ausschnitt des Hemdes</Unicode>
                </TextEquiv>
            </TextLine>
            <TextLine id="r3l24" custom="readingOrder {index:23;}">
                <Coords points="1796,2728 2950,2828 2939,2776 1799,2690"/>
                <Baseline points="1804,2723 1861,2727 1918,2732 1975,2737 2032,2741 2089,2745 2146,2750 2203,2755 2260,2759 2317,2763 2374,2768 2431,2772 2488,2777 2545,2781 2602,2786 2659,2791 2716,2795 2773,2799 2830,2804 2887,2809 2944,2813"/>
                <TextEquiv>
                    <Unicode>noch die entblößten Füße irgendwie über das erlaubte Maß</Unicode>
                </TextEquiv>
            </TextLine>
            <TextLine id="r3l25" custom="readingOrder {index:24;}">
                <Coords points="1790,2763 2952,2860 2953,2827 2879,2811 1793,2728"/>
                <Baseline points="1798,2763 1855,2768 1912,2772 1970,2776 2027,2781 2084,2785 2142,2790 2199,2794 2256,2799 2314,2803 2371,2808 2428,2812 2486,2817 2543,2821 2600,2825 2658,2830 2715,2834 2772,2838 2830,2843 2887,2847 2945,2852"/>
                <TextEquiv>
                    <Unicode>hinausgehe, da in den Seebädern und Freibädern genau das¬</Unicode>
                </TextEquiv>
            </TextLine>
            <TextLine id="r3l26" custom="readingOrder {index:25;}">
                <Coords points="1794,2804 2923,2901 2955,2856 1797,2768"/>
                <Baseline points="1801,2802 1858,2806 1915,2811 1972,2815 2029,2819 2087,2824 2144,2828 2201,2833 2258,2837 2315,2842 2373,2846 2430,2850 2487,2855 2544,2859 2601,2864 2659,2868 2716,2873 2773,2877 2830,2881 2887,2886 2945,2890"/>
                <TextEquiv>
                    <Unicode>selbe zu sehen sei und nur der Astlochgucker“ mit einer gewissen</Unicode>
                </TextEquiv>
            </TextLine>
            <TextLine id="r3l27" custom="readingOrder {index:26;}">
                <Coords points="1788,2846 2867,2937 2950,2935 2953,2901 1791,2805"/>
                <Baseline points="1796,2840 1853,2845 1910,2849 1968,2854 2025,2858 2082,2862 2140,2867 2197,2871 2254,2876 2312,2880 2369,2884 2426,2889 2484,2893 2541,2898 2598,2902 2656,2906 2713,2911 2770,2915 2828,2919 2885,2923 2943,2928"/>
                <TextEquiv>
                    <Unicode>schmutzigen Phantasie sich das übrige hinzudenke. Einzelne</Unicode>
                </TextEquiv>
            </TextLine>
            <TextLine id="r3l28" custom="readingOrder {index:27;}">
                <Coords points="1792,2885 2941,2978 2944,2940 2887,2928 1796,2842"/>
                <Baseline points="1800,2879 1856,2884 1913,2888 1970,2893 2026,2897 2083,2901 2140,2906 2196,2910 2253,2914 2310,2919 2367,2923 2423,2928 2480,2932 2537,2937 2593,2941 2650,2944 2707,2949 2763,2953 2820,2957 2877,2962 2934,2965"/>
                <TextEquiv>
                    <Unicode>Szenen ständen allerdings hart an der Grenze des Erlaubten,</Unicode>
                </TextEquiv>
            </TextLine>
            <TextLine id="r3l29" custom="readingOrder {index:28;}">
                <Coords points="1789,2921 2922,3018 2943,2978 1791,2885"/>
                <Baseline points="1796,2917 1852,2921 1909,2926 1966,2930 2023,2935 2080,2939 2137,2943 2193,2948 2250,2952 2307,2956 2364,2962 2421,2966 2478,2970 2535,2974 2591,2979 2648,2983 2705,2988 2762,2992 2819,2996 2876,3001 2933,3005"/>
                <TextEquiv>
                    <Unicode>immerhin überwiege die rein komische Wirkung die erotische und</Unicode>
                </TextEquiv>
            </TextLine>
            <TextLine id="r3l30" custom="readingOrder {index:29;}">
                <Coords points="1781,2967 2945,3063 2947,3017 2865,2999 1785,2920"/>
                <Baseline points="1790,2956 1847,2960 1904,2964 1962,2969 2019,2973 2077,2978 2134,2982 2191,2986 2249,2991 2306,2995 2364,3000 2421,3004 2478,3008 2536,3013 2593,3018 2651,3022 2708,3026 2765,3030 2823,3035 2880,3038 2938,3043"/>
                <TextEquiv>
                    <Unicode>sei außerdem durch Regiewaßnahmen der Klägerin erheblich ge¬</Unicode>
                </TextEquiv>
            </TextLine>
            <TextLine id="r3l31" custom="readingOrder {index:30;}">
                <Coords points="1775,2997 2920,3092 2943,3053 1777,2965"/>
                <Baseline points="1783,2992 1840,2997 1898,3001 1955,3007 2013,3011 2070,3016 2128,3020 2185,3025 2243,3029 2300,3033 2358,3038 2415,3043 2473,3046 2530,3051 2588,3056 2645,3060 2703,3065 2760,3069 2818,3073 2875,3078 2933,3082"/>
                <TextEquiv>
                    <Unicode>mildert worden. Der Beklagte wurde zur Zahlung des vollen</Unicode>
                </TextEquiv>
            </TextLine>
            <TextLine id="r3l32" custom="readingOrder {index:31;}">
                <Coords points="1765,3040 2952,3139 2956,3093 2881,3081 1769,2996"/>
                <Baseline points="1773,3029 1831,3034 1890,3039 1948,3044 2007,3049 2066,3055 2124,3059 2183,3064 2242,3069 2300,3073 2359,3077 2418,3082 2476,3087 2535,3091 2594,3096 2652,3101 2711,3105 2770,3110 2828,3116 2887,3121 2946,3126"/>
                <TextEquiv>
                    <Unicode>durch Vertrag festgesetzten Betrages und Tragung der sämtlichen</Unicode>
                </TextEquiv>
            </TextLine>
            <TextLine id="r3l33" custom="readingOrder {index:32;}">
                <Coords points="1771,3079 1878,3110 1914,3090 1963,3094 1981,3109 2090,3098 2092,3074 2032,3051 2009,3061 1879,3043 1852,3050 1832,3035 1808,3044 1775,3037"/>
                <Baseline points="1779,3070 1804,3073 1829,3075 1854,3077 1880,3079 1905,3080 1930,3082 1955,3084 1981,3086 2006,3088 2031,3090 2056,3092 2082,3095"/>
                <TextEquiv>
                    <Unicode>Kosten verurteilt.</Unicode>
                </TextEquiv>
            </TextLine>
            <TextEquiv>
                <Unicode>poer Schuennansdun
5

Kn
GRöSfras RAUFSCNAS TAITUNGS-AUSSCHMITr·Aög0
BERLIN SO 16. RUNGESTRASSE 22-24
Deutsche Zeitung
das führende U nationale Blatt
Ausschnitt aus der Rumuger vom; 1 M
der Reigenprozeß. macht Schule.
Auf Grund einer in dem „Intimen Theater“ in der Bülow¬
straße im Rahmen einer ordnungsmäßigen Gerichtsverhandlung
veranstalteten Aufführung des Stückes „Lauf doch nicht immer
nackt herum“, ist die 7.Bivilkammer des Landgerichts I zu einem
Urteil gekommen, das weite Kreise interessieren dürfte.
Die Direktion des Intimen Theaters“ hatte als Auf¬
jahrungsberechtigte des Stu#s das zeitweilige Aufführungsrecht
an den Theaterdirektor Rudolph abges ben, welcher jedoch seinen
materiellen Verpflichtungen nicht nachtim mit der Begründung,
daß das Stück unzüchtig und geeignet sei, das Scham= und
Sittlichkeitsgefühl zu verletzen.
Das Gericht kam auf Grund der eigenen Wahrnehmungen im
Theater zu der Ansicht, daß weder der Ausschnitt des Hemdes
noch die entblößten Füße irgendwie über das erlaubte Maß
hinausgehe, da in den Seebädern und Freibädern genau das¬
selbe zu sehen sei und nur der Astlochgucker“ mit einer gewissen
schmutzigen Phantasie sich das übrige hinzudenke. Einzelne
Szenen ständen allerdings hart an der Grenze des Erlaubten,
immerhin überwiege die rein komische Wirkung die erotische und
sei außerdem durch Regiewaßnahmen der Klägerin erheblich ge¬
mildert worden. Der Beklagte wurde zur Zahlung des vollen
durch Vertrag festgesetzten Betrages und Tragung der sämtlichen
Kosten verurteilt.</Unicode>
            </TextEquiv>
        </TextRegion>
    </Page>
</PcGts>
