3484 4224
1021 53 1416 146 box 17/1
312 55 835 151 11. Reigen
895 1020 1309 1115 Telephon 12801.
516 1130 1685 1205 Alex. Weigl’s Unternehmen für Zeitungs-Ausschnitte
1463 1190 1635 1264 Ausschnitt
756 1212 1441 1325 „OBSERYER“
1510 1238 1732 1348 Nr. 80
394 1326 1742 1389 I. österr. behördl cono. Bureau für Zeitungsberichte u. Personalnachrich
663 1381 1559 1460 Wien, I., Concondiaplatz-4.
400 1449 1744 1527 Vertretungen in Berlin, Budapest, Chicago, Genf, London, Newyork, Paris, H
763 1504 1443 1573 Stockholm, Kristiania, St. Petersburg.
398 1488 565 1620 70
395 1615 875 1710 Ausschnitt aus:
993 1597 1702 1724 Deutsche Zeitang Wn
399 1769 580 1847 vom:
576 1788 897 1902 ∆ 100
495 1987 1561 2130 In einer buchhändlerischen Anzeige von Schnitzlers
387 2043 790 2127 „Reigen“ heißt es:
488 2115 1549 2217 „Das Buch enthält Szenen. Jede zwischen einer
382 2146 1550 2252 Frau und einem Manne. Jedesmal mittendrin eine Zeile
385 2206 1537 2317 von Gedankenstrichen. Das erste Paar im Reigen ist eine
384 2247 1549 2363 Dirne und ein Soldat. Hiernach kommt ein Soldat und
376 2376 1534 2445 ein Stubenmädchen. Hiernach dieses Stubenmädchen und
380 2424 1534 2498 ein junger Herr. Hiernach dieser junge Herr und eine
374 2468 1526 2547 junge Frau. Hiernach diese junge Frau und ihr Ehe¬
370 2522 1533 2589 mann Hiernach dieser Ehemann und ein süßes Mädel.
371 2570 1519 2646 Hiernach dieses süße Mädel und ein Dichter. Hiernach
374 2615 1526 2691 dieser Dichter und eine Schauspielerin. Hiernach diese
1619 2641 1714 2688 Portt
1606 2675 1707 2728 Zahlb
382 2662 1527 2739 Schauspielerin und ein Graf. Hiernach dieser Graf und
1599 2718 1695 2783 im Vo
376 2711 1516 2787 jene Dirne. Also der Ring ist geschlossen.“ — Jawohl! Der
369 2766 1460 2836 Ring ist geschlossen; nämlich jener „Theaterring“.
1549 2768 1696 2843 litte ist
1458 2781 1515 2836 der
374 2810 1524 2898 diesem Dichter zum Bauernfeld=Preis verholfen hat!
1559 2862 1678 2923 ndern.
461 2897 1522 2984 Für einen ehrlichen Menschen gibt es nichts Wider¬
356 2964 1511 3041 wärtigeres, als wenn er sich von einem ungerechten Ver¬
1585 2990 1693 3039 Mor
367 3000 767 3086 dachte reinigen soll.
1551 3023 1691 3078 der Zeit
1550 3067 1697 3118 rthschaf
401 3067 750 3132 Waauren e#1e — —
1594 3107 1701 3166 Diese
394 3076 1581 3162 Leben des In- und Auslandes in drastischer Kürze geboten wird.
400 3153 1397 3208 theilungen werden in Wien um 9 Uhr Früh verschickt.
730 3227 1466 3308 Pnospecte gnatis und franco.
2330 925 2748 1006 Telephon 12801.
1954 1006 3118 1104 Alex. Welgl'’s Unternehmen für Zeitungs-Ausschnitte
2891 1087 3062 1163 Ausschnitt
2196 1103 2860 1215 „OBSERWEP“
2953 1144 3054 1235 Nr.
3083 1168 3189 1246 74
1825 1206 3227 1295 I. österr. behördl. conc. Bureau für Zeitungsberichte u. Personalnachrichten
2092 1266 2972 1357 Wien, I., Concondiaplatz 4.
1827 1329 3231 1441 Vertretungen in Berlin, Budapest, Chicago, Genf, London, Nowyork, Paris. Rom.
2175 1387 2868 1461 Stockholm, Kristiania, St. Petersburg.
1815 1500 2295 1586 Ausschnitt aus:
2441 1565 3150 1702 Dewtrche Ke. un ug, Wien
1812 1651 2084 1742 vom: %
2068 1651 2342 1795 Z
1955 1988 3016 2052 (Ein verbotenes Buch.] Das Landesgericht Wien
2732 2037 3013 2100 „Gräfin
2101 2086 3019 2148 Einige Kapitel Liebeswahnsinn“ von August
1866 2084 2096 2136 Julie.
1871 2127 3021 2185 Weisl das Vergehen nach § 516 St. G. begründe und
1861 2166 3012 2222 das Verbot der Weiterverbreitung dieser Druckschrift
1875 2201 3009 2271 ausgesprochen. Das Buch Weisls ist allerdings von starken
1875 2257 3000 2308 sexuellen Momenten beeinflußt, deren Schilderung jedoch keine
1858 2307 3009 2359 Spekülation auf Lüsternheit verrät, sondern in seriöser Weise
1859 2349 3006 2406 sich den Zwecken des Romanes unterordnet. Das Verbot, das
1862 2387 3011 2451 an sich nicht unbegreiflich erschiene, wird völlig unverständlich,
1862 2436 2998 2494 wenn man in Anschlag bringt, daß die Schnitzlersche Porno¬
1788 2444 1856 2518 Fül
1877 2479 2994 2537 graphie „Reigen“, in der die raffinierte Darstellung obszönen
3006 2488 3169 2564 Inclusive
1811 2508 1850 2555 „
1866 2531 2903 2598 Dinge Selbstzweck ist, anstandslos die Zensur passierte.
3025 2548 3129 2597 Porto.
2857 2565 2898 2606 50
2770 2573 2808 2612 „
1883 2578 1959 2625 500
2990 2573 3146 2635 Zahlbar
2109 2599 2156 2641 „
2784 2598 2948 2653 „ 110.—
1867 2617 1963 2666 1000
1805 2624 1869 2686 „
2998 2625 3197 2682 im Voraus.
2119 2642 2156 2679 „
2394 2648 2430 2682 „
2831 2638 2974 2694 200.—
1908 2663 3192 2743 Im Gegensatze zu anderen Bureaux für Zeitungsausschnitte ist das
1792 2707 2843 2763 Abonnement durch keine bestimmte Zeitdauer begrenzt; —
2853 2730 3197 2790 auch stcht es den
1786 2752 3075 2835 Abonnenten frei die aufgegebenen Themen zu ergänzen oder zu ändern.
1904 2833 3191 2911 Der „OBSERVER“ veranstaltet täglich einen Auszug enthaltend die
1785 2863 3176 2949 Inhaltsangabe aller wichtigen Mittheilungen der Wiener Morgen
1793 2911 3180 2989 blätter (Tagesjournale ausser „Neue Freie Presse“ und Wiener Zeitung“)
1793 2954 3189 3025 wodurch eine Uebersicht über das gesammte politische und wirthschaftliche
1789 2988 3188 3079 Leben des In- und Auslandes in drastischer Kürze geboten wird. Diese Mit¬
1790 3031 2771 3108 theilungen werden in Wien um 9 Uhr Früh verschlekt.
2119 3110 2854 3211 Pnospecte gnatis und fnanco,
