3392 4448
957 212 1384 296 box 17/6
443 215 765 310 Reigen
286 2079 1411 2186 Das Ende der Aufführungen des „Reigen“,
458 2160 1258 2237 Verbot durch die Polizeibehörde.
1011 2213 1379 2286 Wien, 17. Februar.
372 2271 1408 2348 Die Polizeibehörde hat aus den gestrigen Sturmszenen
284 2324 1409 2391 in den Kammerspielen, aus jenen brutalen Gewalttätigkeiten,
284 2375 1404 2428 die den Zuschauerraum eines hauptstädtischen Theaters in
282 2419 1403 2492 die von wüstem Lärm durchtobte Stube eines Dorfwirts¬
292 2470 1412 2535 hauses verwandelt haben, die Konsequenzen gezogen und die
277 2521 1400 2580 weiteren Aufführungen von Schnitzlers „Reigen“ untersagt
280 2560 1404 2630 Die Sicherheit von Publikum und Darstellern war gefährdet,
279 2605 1400 2658 darum hat man sich über juristische Bedenken und über Ver¬
286 2654 1400 2712 fassungsschwierigkeiten, über den Kompetenzkonflikt zwischen
287 2699 1401 2758 Bundesregierung und Landeshauptmann kurzerhand hin¬
279 2743 477 2820 weggesetzt.
376 2773 1400 2849 Das vorläufige Ende der „Reigen“=Affäre sichert die
267 2845 1407 2916 Bewohner der Umgegend des Theaters davor, Augenzeugen
278 2898 1393 2958 unwürdiger Lärmszenen zu sein und zuschauen zu müssen,
281 2936 1408 3010 wie Theaterbesucher, Männer und Frauen, mit angst¬
273 2985 1408 3052 verzerrten Mienen, ohne Ueberkleider durch die Straßen
273 3034 1407 3103 eilen, verfolgt von knüppelbewehrten Rohlingen, die ihnen
271 3082 1392 3134 angeblich zum Schutze der bedrohten Sittlichkeit den Kopf
273 3122 1396 3194 einschlagen wollen. Jene jungen Leute, die gestern nach
279 3174 1401 3219 einem wohlerwogenen Plan, welcher der Generalstabs¬
276 3216 1242 3281 strategie der Kriegsjahre alle Ehre gemacht
1242 3231 1389 3289 hätte,
266 3270 1393 3331 das Theater umzingelten, sich mit Gesinnungsgenossen,
268 3314 1393 3372 die Einlaß in die zu erstürmende Festung erlangt
262 3358 1387 3425 hatten, ins Einvernehmen setzten und dann in einem Angriff
269 3419 1388 3474 von kaum zu überbietendem Elan die Polizeimannschaft
276 3456 1387 3530 überrannten, sind für ihr Unternehmen angespornt
266 3505 338 3563 und
340 3515 1387 3579 vorbereitet worden. Die Hetze gegen den
267 3561 1392 3608 „Reigen“ wird dadurch nicht weniger abstoßend, daß gegen
265 3599 1384 3664 die öffentlichen Aufführungen dieser Dialoge schwerwiegende
267 3642 1392 3716 Bedenken obwalteten und der Massenandrang in die
264 3691 1385 3771 Kammerspiele blutwenig mit künstlerischen oder literarischen
261 3743 800 3803 Interessen zu tun gehabt hat.
349 3790 1392 3855 Die Behörden und Amtsstellen, die sich über die Ge¬
259 3823 1389 3908 stattung und das Verbot des „Reigen“ in den Haaren lagen,
260 3885 1387 3954 sind aus einer augenblicklichen Verlegenheit befreit. Die
262 3930 1387 4002 Ausschreitungen kamen ihnen allen gleichermaßen gelegen.
263 3975 1387 4051 Es wird sich aber zeigen, ob das Einreißen der Lynchjustiz in
254 4020 1377 4100 Kunstdingen, die Einbürgerung pogromartiger Unsitten im
1673 391 2041 474 NEUE FRFTE
1936 468 2312 532 S EE
1488 520 2632 607 Wiener Theaterleben nicht von den allerbedenklichsten Folgen
1488 577 2624 653 begleitet sein wird und ob es nicht weit angezeigter gewesen
1489 639 2617 699 wäre, statt den Dingen ihren freien Lauf zu lassen, den Kon¬
1486 675 2617 745 flikt zwischen den verschiedenen Instanzen auszutragen, bevor
1484 727 2614 793 der „Reigen“ im Exzeßwege vom Spielplan abgesetzt wurde.
1545 828 2563 919 Polizeiliches Verbot der weiteren Auf¬
1711 898 2382 972 führungen des „Reigen“.
1559 943 2617 1027 Mit Rücksicht auf die gestrigen Vorfälle sind die
1486 1008 2600 1084 weiteren Aufführungen des „Reigen“
1482 1067 2611 1127 untersagt worden. Die Verfügung wurde vom
1473 1110 2615 1186 Polizeipräsidium getrossen, und zwar im
1469 1155 2162 1223 eigenen Wirkungskreis.
1561 1210 2608 1273 Die Polizei ist nach ihrem Organisationsstatut zur
1468 1264 2609 1315 Aufrechterhaltung der Ordnung, Ruhe und Sicherheit
1469 1309 2600 1374 verpflichtet und hat alle ihr für diesen Zweck geeignet
1467 1358 2603 1411 erscheinenden Vorkehrungen zu treffen. Da Wiever¬
1467 1400 2608 1462 holungen der Ausschreitungen zu befürchten sind und
1471 1456 2611 1520 nach fachmännischer Ansicht die Bauverhältnisse des
1473 1500 2611 1559 Theaters eine Panik äußerst gefährlich erscheinen lassen,
1477 1552 2127 1608 wurde das Verbot ausgesprochen.
1551 1596 2602 1673 Direktor Bernau ist heute vormittag im Polizei¬
1472 1636 1871 1716 präsidium erschienen.
1476 1702 2598 1773 Zustellung des Verbotes an die Theaterdirektion.
1549 1761 2607 1834 Heute um 12 Uhr mittags erhielt Direltor Bernau
1459 1815 2605 1878 das Dekret der Polizeidirektion, das vom heutigen Tage
1467 1875 2610 1926 datielt“ sist, und die welteren Aufführungen des
1467 1919 2597 1978 Schnitzlerschen: Bübnenwerkes „Der Reigen“
1468 1968 1643 2038 verbietet.
1540 2016 2287 2076 Das Dekret hat folgenden Wortlaut:
1553 2054 2593 2127 An Se. Wohlgeboren Herrn Alfred Bernau,
1453 2090 1982 2176 Direktor der Kammerspiele.
1541 2138 2601 2226 Die in einem Großteil der Wiener Bevölkerung durch
1462 2211 2601 2275 die Aufführungen des Bühnenwerkes „Reigen“ von Artur
1456 2260 2589 2318 Schnitzler hervorgerusene Mißstimmung hat in der gesirigen
1461 2306 2585 2359 Vorstellung des Stückes einen derarligen elementaren
1458 2354 2590 2408 Ausdruck gefunden, daß das Theater der Schauplatz wüster
1463 2403 2599 2466 Tumuliszenen wurde und die Fortsetzung der Vorstellung
1460 2451 2597 2518 nicht mehr möglich war. Mit Rücksicht daluuf, daß der¬
1450 2500 2588 2549 arlige Vorgänge und Szenen, durch welche die persön¬
1457 2543 2589 2604 liche Sicherheit des Publikums sowie
1458 2591 2583 2647 auch der Darsteller in hohem Maße ge¬
1471 2643 2585 2692 ährdet wird, im Falle der Wiederholung der Vor¬
1458 2690 2589 2749 tellung dieses Bühnenwerkes in verstärktem Maße zu be¬
1457 2735 2586 2795 ürchten sind, sieht sich die Polizeidirektion veranlaßt, im
1455 2785 2576 2838 Sinne des § 6, Absatz 3, der Verordnung des Ministe¬
1441 2829 2580 2890 riums des Innern vom 25. November 1850, R. G. Bl.
1449 2879 2585 2932 Nr. 454, die fernere Aufführung der Einakter¬
1445 2925 2583 2983 szenen „Reigen“ von Artur Schnitzler aus Gründen
1451 2982 2585 3044 der öffentlichen Ruhe und Ordnung ein¬
1442 3026 1702 3091 zustellen.
1536 3053 2583 3130 Gegen diese Entscheidung steht Euer Wohlgeboren der
1447 3117 2571 3175 binnen 14 Tagen von dem der Zustellung dieses Dekrets
1442 3165 2568 3223 nachfolgenden Tage an gerechnet, bei der Polizeidirektion
1447 3222 2569 3279 einzubringende, an den Bürgermeister als Landeshaupt¬
1448 3262 2571 3314 mann für Wien gerichtete Rekurs offen, dem jedoch im
1439 3306 2585 3376 Hinblick auf die Gejährdung öffentlicher Interessen eine
1442 3357 2487 3417 aufschiebende Wirkung nicht zukommt.“
1535 3406 2588 3484 Das Dekret ist vom Polizeipräsidenten Schober
1430 3445 1622 3521 gezeichnet.
1604 3502 2400 3568 Mitteilungen Direktor Bernaus.
1516 3555 1664 3631 Auf
1665 3571 2577 3639 die Frage unseres Mitarbeiters erklärte
1428 3621 2567 3675 Direktor Bernau, noch keine endgültigen Beschlüsse
1435 3666 2563 3727 über einen eventuellen Einspruch gegen das Verbot des
1431 3719 2563 3776 „Reigen“ gefaßt zu haben, er denke jedoch daran, nach
1430 3765 2558 3819 Befragen seines Rechtsbeistandes sowie des Betriebsrates
1432 3806 2554 3882 seiner Arbeiter und Angestellten den Rekurs gegen das
1427 3850 1819 3915 Verbot einzubringen.
1518 3889 2568 3957 Bei der Durchsuchung des Zuschauerraumes, dessen
1421 3944 2570 4001 Verwüstungen nicht so groß sind, wie es im ersten Augen¬
1431 3995 2561 4056 blick den Anschein hatte, sagte Direktor Bernau weiter,
1423 4047 2567 4106 wurden Beweise gefunden, daß in der Tat Stinl¬
1419 4091 2560 4146 bomben geworfen wurden, ferner wurden Teer¬
1439 4134 2558 4203 chachteln, Eierschalen mit Teer gefüllt aufgelesen. Die von
1441 4190 2567 4232 en Würfen mit den Teerschachteln und Teereiern ber¬
2748 450 3130 535 17. Februar 1921
2668 537 3257 610 Zuschauerraum war wohl schon zu
2671 595 3275 666 emerken, doch erfolgte bis zur vie
2668 636 3266 700 Vorstellung. Plötzlich erhoben sich
2662 676 3279 769 ihren Plätzen — Stinlbomben ver
2663 719 3236 785 Atmosphäre. Gleichzeitig drang
2659 763 3272 840 Lärm von Demonstcanten. Jet
2653 803 3272 877 geschlagen habe. Nichtsoestoweniger
2659 851 3252 919 Fortgang. Das Bild konnte noch
2733 896 3257 960 Kaum hatte jedoch die Dar
2663 935 3275 1005 begonnen, als das Gejohle von de
2655 979 3272 1050 dringender wurde und im nächsten
2652 1024 3264 1085 her in den Zuschauerraum und aus
2654 1067 3273 1140 Siebzehn= bis Zwanzigjährige un
2665 1108 3277 1177 chwangen mitten im Zuschau
2658 1149 3260 1219 Knüppel, beschimpften und bei
2656 1193 3266 1263 und drängten sie unter Püffen hinc
2659 1244 3273 1307 und, da einzelne Zuschauer sich zu
2656 1283 3226 1343 wäre es zu Zusammenstößen
2653 1324 3266 1392 Hydranten geöffnet und das Haus
2652 1376 3257 1432 wäre. Jetzt leerte sich das Parkett,
2654 1408 3259 1479 rascher, und ein um so beängstiger
2654 1454 3211 1522 der Garderobe und im Bestibül.
3209 1470 3267 1521 G
2647 1498 3265 1566 der allgemeine. Aufregung zu ihre
2656 1540 3265 1608 Herren ohne Winterrock und Dame
2648 1587 3258 1646 flüchteten auf die Straße und in di
2731 1626 3256 1681 Ein anderer Besucher schilder
2655 1674 3266 1730 naßen: Unter den Besuchern der
2650 1708 3232 1776 unge Burschen, die besonders
2652 1756 3259 1817 aßen, auf. Diese bereiteten die
2646 1798 3266 1865 der vierten Szene kam es zu den
2637 1839 3257 1906 gen. Einzelne Besucher riefen: S
2645 1873 3227 1948 Logenbesucher wies die Störer
2655 1925 3264 1998 Publikum: „Wem es nich
2649 1976 3267 2033 inausgehen!“ Nach dem ##
2647 2024 3256 2075 des Publikums große Aufregun
2635 2062 3263 2125 bomben war, trotzdem man in de
2641 2104 3253 2166 ging, gelüstet hatte, immer intens
2650 2150 3267 2200 ombenwerfer wurde arretiert un
2643 2188 3230 2254 Müller naym sein Nationale auf.
2713 2237 3243 2295 Nach kurzer Pause wurde das
2637 2277 3263 2337 Im Zuschauerraum wurde es aber
2632 2323 3231 2386 lich sah man, wie in die Logen,
2643 2367 3255 2430 Balkon junge Leute mit Hüten un
2631 2412 3261 2478 eindrangen und schrien, daß das
2638 2461 3262 2516 müsse. Der Zuschauerraum war
2632 2495 3260 2558 wenige Minuten vorher der Direl
2635 2541 3250 2604 spiele Marfeld vom Balkon ar
2628 2587 3249 2636 und auf die Sicherheit hingewiesen
2630 2631 3241 2692 sucher befänden. Dann war es lich
2707 2674 3256 2735 Als die Demonstranten einge
2618 2712 3248 2769 Vorhang und nach wenigen Min
2625 2762 3249 2817 eiserne Courtine hinaufziehen. Die
2632 2806 3257 2848 ingehrungen waren, warfen nu
2624 2848 3258 2905 Parkett befindliche Publikum hinunt
2619 2892 3259 2963 dem Balkon kam es zu Mißhandl
2620 2930 3250 2990 gewürgt worden sein. Die Demon
2626 2976 3250 3046 gegend den eisernen Vorhang, so da
2619 3020 2925 3084 beschnutzt wurde.
2696 3062 3252 3125 Die Demonstranten stürmten au
2616 3100 3235 3166 in dem sich zufällig Artur Schni
2619 3161 3252 3215 unekkannt blieb, befand. Mehre
2625 3197 3179 3251 auch in die Damengarderobe,
3186 3198 3241 3250 a
2621 3225 3204 3287 Einfalls kamen, die Hydranten zu
2611 3282 3236 3341 rode stand zentimeterhoch das Was
