3392 4384
467 180 546 250 Re
238 182 368 273 11
944 188 1381 280 box 17/2
457 195 764 289 Reigen
1114 1128 1750 1205 Der Brestauer Karwnatbiolwil
619 1129 814 1222 —
891 1167 3218 1257 lhart betont in der Sozialen Praxis die dringliche Not= derausstellung zu Hannover ihre 10 Vorgangermnen in jever¬
112 1313 2068 1375 imen frei, es für einen intimen Kreisl sundheit der Geschlechter stehen auf dem Spiele! Und da
2074 1310 3222 1394 Schnitzlers „Reigen“ unmöglich ist; vor vier Tagen konnten
104 1348 919 1417 er Oeffentlichkeit, drucken zu lassen; wie
928 1350 2068 1414 geht einer der ersten und geachtetsten deutschen Schrift¬
2077 1352 3213 1423 Sie das im Berliner Tageblatt noch schwarz auf weiß lesen.
107 1401 911 1459 inen Freunden gegenüber aufs Spiel zu
923 1395 2068 1460 steller her und überläßt der Oeffentlichkeit ein Buch, das
2076 1404 3209 1474 Als literarisch gebildete junge Männer mußten Sie sich
118 1442 918 1503 selbst wissen. Aber was ihm nicht mehr
921 1453 2062 1522 wie ein Aphrodisiakum wirken muß, wie Kanthariden und
2072 1445 3213 1502 sagen, daß, wenn je ein Stück, so diese Einakter von Schnitz¬
124 1496 905 1546 Dialoge in die Oeffentlichkeit zu werfen;
925 1494 1162 1561 Jembahoa!
2078 1479 2660 1548 ler reine Lesedramen sind.
2637 1480 3219 1552 Das Beispiel Ihrer Wiener
105 1524 921 1599 n angesehenen Namen zu verlieren, nicht
1014 1525 2066 1591 Vor mir liegt das Buchhändlerbörsenblatt vom 2. Juni.
2071 1524 3220 1591 Kommilitonen mußte Ihnen sagen, daß Sie faktisch etwas
129 1568 188 1628 es
931 1573 2056 1628 Damals waren 5000 Exemplare in vier Wochen verkauft.
212 1582 916 1642 nächsten besten Kaffeehausliteraten,
2078 1581 3219 1646 Gescheiteres zu tun hätten, als von Schnitzler gerade seine
923 1623 2060 1681 Anpreisende Kritiken sind zu lesen: „ein wundervolles
126 1608 922 1679 öffentlich am meisten geehrten Namen.
2068 1615 3209 1687 verfchltesten Werke aufzuführen. Hätten Sie uns den
916 1666 2053 1714 Buch“: „eine der keuschesten Dichtungen, deren ein blut¬
122 1675 922 1733 hdiese Veröffentlichung bescheutzt und
2073 1656 3214 1725 „Schleier der Beatrice“ gebracht, Sie hätten sich ein Ver¬
1355 1695 1448 1744 1000
108 1696 529 1780 enn nicht verloren.
919 1712 2063 1765 voller Künstler fähig ist“; „einzig, ja klassisch in seiner Art“.
2063 1701 3223 1774 dienst und unsern Dank erworben. Sie hätten zwar dann
928 1747 2068 1804 Hierzu bemerkt der Verlag: „Ihre freundliche Bestellung er¬
2077 1745 3214 1810 die 900 Mark Defizit, die Sie von Onkel Wanja her noch in
97 1769 916 1846 eine Verteidiger kommen und schwätzen,
921 1775 2058 1843 bitten wir umgehend, da zu erwarten ist, daß die Neuauf¬
2081 1783 3206 1852 der Kasse haben, nur zum Teil weggebracht; aber Sie hätten
103 1828 906 1885 rrecht, zu schreiben und drucken zu lassen,
926 1830 2063 1895 lage noch vor Erscheinen vergriffen ist. Das Buch steht
2082 1819 3204 1893 Ihren Verein nicht einer Kritik ausgesetzt, die Ihnen doch
112 1866 916 1932 vie es ihm beliebe und wann es ihm be¬
932 1870 2065 1935 einzig in seiner Art da und macht beispielloses Aufsehen.
2075 1890 3220 1944 nicht gleichgültig sein kann. Sie haben sich offenbar selbst
100 1915 919 1981 r künstlerisch gearbeitet sei, so erwidern
928 1923 2058 1978 Einige Firmen haben bereits 300 Exemplare dieses Buches
2069 1932 3206 1989 geniert: nicht alle Ihre Mitglieder traten unter ihrem wirk¬
124 1964 916 2014 sittliche Gesundheit und Kraft einer Na¬
920 1947 2065 2019 verkauft. Buchhandlungen in Sommerfrischen und Bade¬
2078 1959 3207 2028 lichen Namen auf. Sie werden sich doch nicht einbilden,
109 2004 920 2062 edeutend gewichtiger sind als die Ver¬
929 2015 2054 2072 orten können spielend 100 und mehr Exemplare absetzen.
2063 1997 3219 2077 daß ich Ihre Pfeudonyme bespreche? Sie haben ferner von
114 2047 917 2110 noch so virtuos gemachten Alkovenstudie.
925 2049 2054 2106 Auffallende Schleifen, welche die oben angeführten Be¬
2075 2047 3212 2105 den drei Schnitzlerschen Stücken die Hauptsache weggelassen,
107 2090 911 2148 kaum mehr retten vor all dem Schmutz,
929 2083 2058 2142 sprechungen enthalten, stehen für die Auslage zur Ver¬
2069 2095 3206 2155 die — Gedankenstriche! Denn die Godankenstriche sind bei
92 2125 919 2201 nd Berlin, Wien und Budapest her in
935 2120 2057 2191 fügung.“ Jetzt wiederholen Sie, meine Herren vom art
2075 2143 3212 2197 diesen kleinen Sauspielen die Hauptsache; der Aktus ist der
98 2165 910 2240 menströmt; es ist geradezu unheimlich,
933 2175 2058 2232 pourt art=Klüngel, angesichts dieses Erfolges, angesichts
2071 2181 3216 2240 Held dieser Akte. Ihr Püblikum hat also drei Stücken
931 2223 2060 2276 dieser Reklame, wiederholen Sie Ihren alten abgeleierten
115 2224 911 2274 d der Stand der öffentlichen Anständig¬
2068 2215 3220 2284 applaudiert, bei denen die Hauptsache fehlte; es hat bei
114 2268 914 2324 zehn Jahren gesunken ist; durch Bücher,
932 2265 2065 2317 Spruch vom souveränen Künstler, der auf die möglichen
2065 2256 3221 2315 drei Witzen gelacht, bei denen die Arrangeure nicht den Mut
107 2308 907 2365 gel, Poitkarten, Annoncen, Witzblätter,
919 2300 2052 2362 oder wahrscheinlichen Wirkungen seines Werkes keine Rück¬
2070 2315 3211 2369 hatten, die Pointe zu wagen. Meine Herren! Ihre Ankün¬
95 2339 910 2420 Kretten, Possen, reine und pfeudowissen¬
937 2338 2059 2407 sicht zu nehmen braucht! Oder wollen Sie uns einreden,
2067 2342 3211 2415 digung des „Reigens“ war unbesonnen, Ihre Aufführung
925 2396 2054 2450 die künstlerische Vollendung des Buches habe diese Auf¬
112 2381 916 2446 raphie, durch gewisse Redouten und
2062 2380 3164 2460 war schlecht, Ihre Bearbeitung war eine Unterschlagung.
931 2425 2060 2487 lagenziffer hinaufgetrieben? Die Kunst mache es beson¬
100 2439 186 2491 Ech
164 2424 907 2496 Schaufenster, durch breit und behaglich
2139 2434 3207 2506 Ein gutgemeintes aber unreifes Dilettantenstück leitete
915 2479 2060 2533 ders für Sommerfrischen und Badeorte geeignet? Dieser
106 2477 910 2534 chtsverhandlungen wird eine Art geistiger
2068 2477 3213 2539 den Abend ein. Da seine Gesinnung besser war, als seine
921 2514 2055 2586 ganze Erfolg habe nur das Geringste mit Kunst zu tun?
96 2512 911 2577 t, die grauen aft ist; der Schmutz türmt
2067 2516 3212 2581 Mache, wurde es vom Publikum ausgezischt. Die drei Ein¬
112 2552 916 2618 her; er stinkt zum Himmel; kein Stand,
2074 2559 3218 2628 akter von Schnitzler wurden sehr beifällig ausgenommen.
1008 2573 2060 2632 Die Aufführung wäre an sich ähnlich zu beurteilen, wie
112 2596 461 2671 ist mehr intakt.
2074 2598 3207 2686 „Da verstanden wir uns gleich.“ Das Publikim war
436 2595 911 2669 Wenn heute Tacitus
916 2605 2053 2684 der Druck des Manuskripts für Freunde. Der Akademisch¬
115 2647 915 2701 daß alle unsere germanischen Laster treu¬
2076 2638 2952 2713 interessant; es war sogar ein Türke darunter.
919 2650 2059 2712 dramatische Verein muß selbst wissen, wieviel er von seinem
171 2699 914 2751 das Saufen, das Raufen und das
2160 2679 3205 2756 Es wäre mir nicht eingefallen, für den „Reigen“ un¬
917 2697 2054 2759 wohlerworbenen Verdienste aufs Spiel setzen darf, er muß
2084 2721 3210 2797 freiwillige Reklame zu machen, wenn nicht der Akademisch¬
111 2724 911 2792 *Tugenden sind beim Teufel; von einer
926 2731 2066 2815 auch wissen, wieviel sein Publikum verträgt. Aber der
102 2768 922 2848 Nenus, inde inexhausta pubertas ist
2065 2774 3213 2832 dramatische Verein durch diese Aufführung mich gezwungen
931 2787 2052 2845 Verein hat die Kritik geladen und erwartet eine Be¬
139 2825 905 2879 Corrumpere et corrumpi sacculum
2078 2826 3208 2887 hätte. Wenn aber jemand glaubt, ich hätte dem Verfasser
921 2833 2054 2883 sprechung. Ich bin stets für den Verein hier öffentlich ein¬
99 2867 911 2920 politischen oder religiösen Streitigkeiten
2076 2863 3220 2928 und seinem mißratenen Werke unrecht getan, dann soll
927 2859 2060 2928 getreten und habe ihn warm verteidigt. Die Mitglieder
94 2901 910 2968 en vor dieser Seuche! Man mag Katholik
2070 2918 2476 2986 erssagen! Ich
2546 2904 2932 2984 piel' ihm auf!
914 2908 2055 2972 müssen es sich daher schon gefallen lassen, daß ich ihnen
94 2959 917 3017 Christ oder Atheist, radikal oder konser¬
921 2952 2061 3013 meine Meinung offen sage: Wie haben Sie so etwas tun
94 2997 913 3052 heit des Familienlebens, Keuschheit der
2172 2983 3217 3064 2. Kgl. Akademie der Tonkunst. Der dreizehnte Vor¬
921 2998 2069 3058 können! Der allerelementarste Takt, ja sogar rein praktische
116 3047 3213 3120 Mannes, Reinhaltung der Jugend, Ge Erwägungen mußten Ihnen sagen, daß die Aufführung von tragsabend brachte im ganzen wieder erfreuliche Darbietungen.
2944 3125 3131 3285 24
