3392 4256
528 129 1694 190 und der „Reigen“ gespielt wurde. Die einstweilige Verfügung
531 164 1696 236 wurde dem Landgericht, das sie erlassen hatte, zerbrochen
537 212 1698 263 vor die Füße geworfen. Die Autorität des Rechts wurde zu
537 249 1686 312 einem Popanz, zu einer Vogelscheuche, durch die Kinder und
539 292 1683 360 Spatzen sich schrecken lassen, niemals aber Schieber und
535 336 1692 396 Schieberdirektionen. Zwar ließ man zum Trost der deutschen
534 380 1689 450 Menschheit verkünden, daß man nunmehr auf Lösung des
529 423 1689 479 Vertragsverhältnisses klagen werde, das aber war, mit Ver¬
533 464 1693 533 laub, eine klägliche Deckung des Rückzugs. Nachdem man die
538 508 1694 576 Aufführung, die zu verhindern man die Macht hatte, indem
536 560 1679 625 man ihre frechen Urheber nach allem künstlerischen und
523 596 1680 662 juristischen Recht hinter Schloß und Riegel brachte, in trau¬
521 646 1680 699 riger Schwäche zuließ, war nicht mehr einzusehen, wie man
522 683 1676 742 die Vertragslösung noch wirkungsvoll begründen wollte
517 775 1687 825 Wenn ein Mensch in einem privaten Rechtshandel einen Geg¬
521 820 1684 873 ner vor sich hat, der mit eiskalter Skrupellosigkeit arbeitet
534 865 1684 923 und den Riesenapparat der Berliner Presse zu seinen Gunsten
523 902 1695 966 spielen lassen kann, muß er selbstverständlich stählerne Ener¬
533 946 1678 1009 gie zeigen, wenn er gewinnen will, um so mehr als es sich
521 993 1688 1047 um die Beurteilung einer künstlerischen Frage handelte, in
524 1028 1691 1083 der die juristischen Richter unsicher sein konnten. Die Be¬
522 1067 1686 1134 hörde zeigte in diesem Fall keine Energie, sie erschien viel¬
512 1128 1690 1186 mehr in völlig gebrochenem Zustand am Verhandlungstisch
516 1165 1680 1218 und so verlor sie. Der ästhetische Kult des Geschlechtsakts hat
520 1198 1685 1277 in diesem Fall nicht nur über die stille Majestät des Naza¬
520 1245 1678 1304 reners gesiegt, er hat auch die des Rechts mit einem hohn¬
515 1287 1687 1358 lachenden Fußtritt beiseite gestoßen, um sie schließlich unter
521 1329 1680 1407 seinen Willen zu beugen, und bei diesem Sachverhalt müssen
513 1381 1679 1450 wir uns, soweit das Kultusministerium in Frage kommt,
518 1418 908 1488 nunmehr beruhigen.
605 1452 1688 1545 Soweit das Kultusministerium in Frage
514 1514 1672 1583 kommt: denn im übrigen gedenken wir uns keineswegs in
519 1557 1679 1618 die Dreistigkeit der offenbar toll gewordenen Unzuchtpresse zu
509 1607 1672 1668 schicken. So lange die Theaterzensur bestand, unterlag das
515 1648 1667 1709 Theater der staatlichen Aufsicht, und die Aufführung eines be¬
514 1688 1679 1752 stimmten Stücks konnte auf dem Verwaltungswege verhindert
512 1740 1679 1786 werden. Das ist heute nicht mehr möglich, im übrigen aber
507 1777 1673 1853 ist mit der Aufhebung der Zensur die gesetzliche Verantwor¬
503 1823 1666 1892 tung der Direktoren natürlich nicht beseitigt. Der Direktor
505 1867 1665 1935 kann spielen, was er will, aber er muß für seine Handlung,
499 1906 1668 1981 wie wir alle, die strafrechtlichen Folgen tragen. Auch eine
513 1948 1670 2020 Zeitungszensur haben wir ja nicht, auch wir können schreiben,
511 2003 1671 2058 was wir wollen, sofern wir aber gegen das Gesetz verstoßen,
510 2034 1664 2104 schreitet der Staatsanwalt ein. Da nun die Garantien der
505 2080 1665 2151 öffentlichen Sittlichkeit, die in der Theaterzenfur lagen, fort¬
512 2124 1674 2193 gefallen sind, muß der Staatsanwalt um so wacher
513 2179 1666 2242 sein. Er hat nicht nur die Pflicht, er hat zehnmal,
508 2211 1670 2278 hundertmal die Pflicht, rücksichtslos einzuschreiten, wenn
505 2254 1660 2316 das innigste Fest der deutschen Seele mit der Schamlosigkeit
496 2294 1661 2364 von Dirnen begangen wird. Es ist für ihn nicht maßgebend,
508 2340 1663 2405 daß der „Reigen“, der schon in Buch form von einem deut¬
500 2384 1659 2446 schen Gericht als unzüchtig bezeichnet wurde, von einem
492 2440 1663 2495 anderen Gericht jetzt in der vergröberten theatralischen Auf¬
498 2467 1669 2540 führung als zulässig bezeichnet wird. Das zuletzt genannte
506 2512 1665 2583 Gericht hatte lediglich zu untersuchen, ob der „Reigen“ gegen
503 2558 1656 2625 einen privaten Vertrag verstieß, nicht aber, wie er sich etwa
495 2607 1668 2671 zu den bestehenden Gesetzen verhalte, und die literarischen
497 2648 1657 2711 Sachverständigen wurden in höchst einseitiger Auswahl ver¬
501 2695 1645 2759 nommen. Sollte der Staatsanwalt aber literarische Belege
493 2730 1650 2797 für die sittlichen Qualitäten der Dialoge haben wollen,
485 2778 1664 2829 braucht er sich nur in der Presse umzusehen, die mit den
490 2817 1659 2884 Veranstaltern des sexuellen Unternehmens nicht unbedingt
490 2870 1657 2932 versippt ist. Der „Vorwarts“ hat leider die achtbare Unab¬
485 2905 1654 2976 hängigkeit in kulturellen Dingen verloren, die er früher hatte,
491 2952 1654 3010 aber immerhin: ganz wohl ist ihm nicht in seiner Haut, wenn
484 3000 1658 3056 er im Namen der Freiheit den häßlichen Sumpf sich breiten
496 3033 585 3096 siehi.
574 3071 1656 3158 „Derartige Dialoge spielt man nicht“, warnte er vor der
477 3112 727 3180 Aufführung.
572 3156 1652 3227 „Es bleibt trotzdem die Frage, ob das Kleine Schauspiel¬
487 3207 1660 3266 haus im Wettlauf um erotische Sensationen zu diesem „Rei¬
484 3259 562 3310 gen
604 3259 1646 3333 greifen mußte, sagt er, nachdem die einstweilige Ver¬
483 3301 1118 3361 fügung zerbrochen worden war.
572 3350 1663 3433 „Männlein und Weiblein scheinen in diesem Stück nur den
486 3395 1632 3471 geschlechtlichen Zweck zu kennen, der überall erreicht wird,
488 3437 595 3503 urteilt
606 3437 907 3496 sein Rezensent.
575 3471 1654 3558 „Das Unternehmen ist eine sexuelle Geschäftsspekulation
479 3511 562 3579 ohn
586 3527 1556 3586 mildernde Umstände, meint Kurt Axam bei uns.
565 3565 1646 3629 „Ein Stimulans für Lebegreise, ein Gift für jeden noch
480 3610 1647 3683 nicht gänzlich Demoralisierten“, liest man in der „Deutschen
477 3651 725 3722 Tageszeitung
724 3656 759 3710 7
571 3695 1648 3757 „Ein satanisches Weihnachtsgeschenk für das deutsche
478 3737 1538 3809 Theaterpublikum“, summiert die „Deutsche Zeitung“.
572 3786 1643 3858 Der Staatsanwalt hat kinderleichtes Spiel, wenn er
469 3822 1638 3895 den unzüchtigen Charakter der Aufführung nachweisen will,
477 3875 1647 3926 und wird innerhalb wie außerhalb der Presse die Sach¬
475 3919 1639 3972 verständigen finden, die sein juristisches Vorgehen ästhetisch
470 3957 1633 4019 rechtfertigen. Nün haben wir aber in der Weihnachtszeit
475 3997 1639 4069 des verflossenen Jahres erleben müssen, daß ein nacktes
2207 701 2437 785 — 25 —
1742 761 2908 848 Frauenzimmer tagelang auftreten konnte, ohne daß
1752 835 2914 886 dieser krasse Fall von Exhibitionismus an ihr oder ihren
1751 878 2905 930 dramatischen Zuhältern geahndet wurde. Was sonst ein
1748 925 2908 973 gemeines Sittlichkeitsverbrechen war und mit Gefängnis
1753 970 2906 1024 bestraft wurde, hörte auf, eins zu sein, als es im Theater
1747 1010 2906 1056 unter dem Schutz der bürgerlich=bolschewistischen Presse ge¬
1748 1047 2912 1100 schah. Es besteht also leider die Gefahr, daß der Staats¬
1749 1096 2913 1149 anwalt auch in diesem Fall einen ungewöhnlich gesunden
1744 1139 2899 1197 Schlaf zeigen wird, und darum fordern wir unsere Leser
1741 1180 2906 1252 auf, ihn zu wecken. Wenn euch die blanke
1738 1224 2910 1288 Barbarei, die novellistische Dialoge auf
1744 1265 2911 1310 die Bühne schleppt, nur um in den Weih¬
1734 1306 2888 1368 nachtstagen zu einem unzüchtigen „Reigen“
1741 1361 2911 1405 zusgelangen, nicht alarmieren kann, dann
1737 1399 2910 1446 verdient ihr das Fest, das man euch be¬
1740 1445 2909 1486 reitet hat. Kommt uns zu Hilfe, wenn hr nicht ver¬
1736 1479 2909 1533 faulen wollt! Wo ihr auch immer zu finden seid, der Ab¬
1745 1526 2911 1572 geordnete eures Kreises darf vor euch keine Ruhe haben.
1732 1570 2912 1624 Konzentriert euch auf den Schnitzlerschen „Reigen“, weil
1736 1612 2897 1672 der Fall hier am klarsten und aufreizendsten liegt. Ueber¬
1740 1657 2905 1708 geht mit Ausnahme der Unabhängigen, die außerhalb der
1742 1700 2909 1754 nationalen Gemeinsamkeit stehen, keine Partei. Will der
1737 1743 2905 1802 bürgerliche Demokrat die Sache nicht im Parlament zur
1728 1787 2897 1852 Sprache bringen, weil er vor der Börsenpresse kuscht, sollt
1728 1830 2900 1875 ihr ihn wenigstens zwingen, in aller Form die politische
1731 1872 2894 1923 Verantwortung für den literarischen Kult des Geschlechts¬
1733 1918 2905 1981 akts am Geburtstag des Erlösers zu übernehmen. Er soll
1733 1955 2896 2012 ja oder nein sagen, und wenn er nein sagt, sollt ihr aus
1730 2004 2889 2063 seinem Nein eine politische Waffe schmieden, die ihn in der
1726 2043 2891 2107 Agitation tödlich trifft. Die Wähler haben überall bei den
1729 2089 2890 2142 letzten Wahlen die bürgerliche Demokratie wegen ihrer
1733 2132 2893 2182 würdelosen Kumpanei mit dem internationalen Mammo¬
1733 2176 2897 2230 nismus katastrophal geschlagen, die Situation ist so gut wie
1738 2222 2889 2268 nie: nützt sie, wenn ihr vor euren gefallenen Söhnen be¬
1735 2254 2885 2326 stehen wollt. Handelt es sich um einen Sozialdemokraten,
1740 2312 2894 2372 ragt ihn, ob er unter Freiheit etwa versteht, daß die häß¬
1733 2347 2885 2406 lichsten Korruptionserscheinungen eines verfaulten Kapi¬
1729 2387 2886 2442 talismus der Gesetze spotten dürfen, oder ob er im Gedanken
1736 2436 2893 2488 an Franz Mehring und den alten Bebel nicht mit uns
1727 2478 2889 2538 errötet. Steht der Abgeordnete weiter nach rechts, ver¬
1720 2513 2888 2578 langt von ihm, daß er die Sache innerhalb der Fraktion
1724 2561 2887 2614 zur Sprache bringe und droht der Partei mit dem Verlust
1725 2610 2882 2657 eurer Stimmen, wenn sie nicht mit eiferner Energie vor¬
1726 2648 2887 2701 geht. Verlangt von den weiblichen Abgeordneten aller
1725 2690 2883 2756 Parteien, daß sie sich im Parlament zu einer gemeinsamen
1716 2733 2892 2786 interparteilichen Erklärung zusammentun, Wendet euch an
1723 2777 2889 2840 ihre mütterlichen Instinkte, die nicht dulden können, daß
1724 2816 2872 2866 die Gesundheit der Rasse im Schlamm versinkt. Arbeitet.
1729 2869 2892 2943 als gälte es euer Leben, denn es gilt euer Leben und das des
1725 2899 1991 2978 ganzen Volks.
