3392 4384
291 164 414 259 11
495 168 819 266 Reigen
992 160 1416 267 box 17/2
1549 735 1694 817 407 —
765 846 2491 932 „Mache“ der Kunstfreund schmerzlich den Mund verzog. Für die Schrecken der
758 919 2482 980 russischen Gefängnisse und der sibirischen Station fehlt es unserer Hofbühne an
766 970 2479 1029 naturalistischem Stilgefühl, ganz ebenso, wie sich unsere Hofschauspieler in dem
767 1011 2484 1077 „Hochtouristen“ von Kraatz und (dem Münchener Redakteur) Neal nicht wohl
766 1063 2483 1118 fühlten, obwohl den Einzelleistungen durchaus nichts tadelnswertes nachzusagen ist.
773 1110 2477 1168 Die derben Mittel der Schwänke dieser Art liegen doch ihrem Wirkungsgebiete fern
767 1158 2484 1224 und es ist ja auch recht so. Das vielbelachte Stück spielt in der Welt des „Weißen
759 1208 2483 1271 Rößl“ und seinen Scherzen kann nicht nachgesagt werden, daß sie neuer und besser,
757 1256 2477 1313 wohl aber daß sie derber sind. Da ziehe ich schon Pierre Vebers im Gärtnertheater
769 1308 2481 1365 gespielte „Lutti“ vor, denn ist es auch Unsinn, so hat er doch eine äußerst geistreiche
766 1364 2482 1420 Methode, die ihrem Typus nach längst bekannten Pariser Possenfiguren immer von
774 1408 2478 1468 neuem durcheinander zu wirbeln, freilich der letzte Akt läßt auch hier ziemlich nach
759 1455 2469 1505 und recht hahnebüchene Piquanterie muß hier den Nothelfer machen. In der Dar¬
771 1502 2477 1554 stellung aber steckt auch außerhalb der von Frl. Leonardi sehr echt und doch mit
763 1554 2478 1616 liebenswürdiger Diskretion gegebenen Berauschungsszeue viel flotte Champagner¬
770 1599 2468 1661 stimmung. Solche Stücke spielen quasi auf einem dünnen Eisspiegel, wer mit schwer¬
770 1645 1606 1712 fälliger Deutlichkeit dahertapst, bricht ein.
881 1686 2476 1750 Doch kehren wir erst zum Hoftheater zurück; einige große Eindrücke gabs doch:
699 1718 2478 1824 „Richard Ill.“ mit dem der im Durchschnitt recht gut, wenn auch mit manchen
774 1789 2482 1864 Behelfen arbeitende Shakespearezyklus abschloß. Ernst von Possart spielte die königliche
766 1840 2474 1905 Bestie; sie ist sehr gezähmt, der Hauptakzent liegt auf geistreicher Schärfe,
764 1889 2468 1944 weniger auf der Brutalität. Man wird mit dem großen Menschendarsteller über
767 1938 2479 1993 die Auffassung streiten können, aber man wird von seiner Gestalt doch gepackt und
770 1992 2472 2054 mitfortgerissen. Auch sein Mephistopheles war milder gestimmt, dennoch die weitaus
770 2040 2476 2093 überragende Schauspielerleistung in dem weihevoll gegebenen Faustdrama. Es
775 2087 2472 2144 wurde an fünf Sonn= und Feiertagen hintereinander zu dem Klassikereinheitspreis
769 2140 2482 2187 von zwei Mark fünfzig Mittags ein Uhr beginnend in dem völlig ausverkauften
777 2189 2477 2240 Prinzregententheater gegeben; ein gewiß erfreuliches Resultat, für die armen Schau¬
772 2237 2476 2290 spieler sind freilich die Feiertage schwere Arbeitstage, denn die meisten und gerade
773 2283 2486 2352 die in den anstrengendsten Rollen beschäftigten, können für die Abendvorstellungen
769 2336 2475 2394 nicht entbehrt werden. Bedeutend war auch der „Lear“, den Wilhelm Schneider,
765 2382 2482 2435 der die Einfachheit wahrer Kunst besitzt, zu seinem Bühnenjubiläum bot. Als
774 2434 2480 2496 darstellerisch famos abgestimmte Vorstellung allein ist die Neueinstudierung von
770 2482 2478 2535 Ganghofers Meerleuchten“ zu nennen, inniges Empfinden wirkt als Anwalt
773 2529 2477 2588 für den Dichter, aber psychologisch zeigt sich das Schauspiel doch nicht stichhaltig.
765 2583 2478 2637 Frl. Brünner suchte dies vielleicht instinktiv einzurenken, indem sie die junge Frau
773 2632 2477 2690 möglichst mädchenhaft gab. Im Schauspielhaus brachte Centa Bré vom
766 2674 2483 2736 Hamburger Thaliatheater, eine ursprüngliche Naive spezifisch Münchener Creszenz
763 2728 2476 2787 einige Neuheiten mit. Richard Nordmanns „gefallene Engel“ und Felix
765 2769 2480 2836 Saltens „Gemeiner“ der in Nebendingen ganz hübsche Charakteristiker zeigt,
764 2823 2481 2880 in der Hauptsache die Farben aber grell und unvermittelt nebeneinander setzt, brachten
762 2880 2481 2937 es kaum zu einigen Wiederholungen, da, das Schauspielhauspublikum einen literarischen
761 2920 2483 2975 Gaumen hat und das allzu volksstückmäßige nicht verträgt. Dieser fand in Bern¬
773 2970 2475 3027 steins „D'Mali“ wenigstens einige Nahrung. Die Münchener Schusterstochter, die
771 3020 2479 3084 einen kurzen Liebesfrühling mit dem „Zimmerherren“ erlebt, ward von der Bre
766 3065 2485 3120 mit eminenter Unmittelbarkeit gespielt. Auch der Dichter tut in dieser Gestalt sein
768 3117 2477 3177 bestes. Der Kampf des Mädchens vor dem Muttergottesbilde zwischen dem Gewissen
771 3176 2481 3224 und den lockenden Tanzweisen des jungen Mannes ist reine Dichtung, genug um den
771 3216 2484 3285 Berliner Zensor zu chokieren. In den anderen Gestalten zeigt sich Bernstein mehr
768 3267 2484 3337 als gewandter Bühnenschriftsteller, der nebenbei kein Hehl daraus macht, auf welcher
783 3312 1478 3388 Seite seine Sympathien liegen. X.
891 3343 2487 3428 Jeden, der Schnitzlers „Reigen“ gelesen hatte, — und wer hat böse Bücher,
765 3414 2482 3475 wie dieses, nicht gelesen! — mußte die Nachricht in Erstaunen setzen, daß der
