3444 4352
343 119 500 202 11.
540 140 866 219 gen
752 2674 810 2738 ist
746 2725 815 2781 er
759 2769 808 2821 uf
757 2810 819 2852 U¬
757 2888 832 2951 da
1035 118 1460 198 box 17/3
1865 763 2741 839 Blättermeldung (5 Tage vor der Aufführung): Da
1828 785 2737 876 die Zensur eine öffentliche Aufführung des „Reigens“ ver¬
1829 841 2731 923 bieten würde, muß der Charakter der geschlossenen Vox
1833 879 2741 953 stellung gewahrt werden. — (4 Tage vor der Aufführung):
1823 918 2739 985 Dr. B. bringt in den „M. N. N.“ eine eingehende Bespre¬
1827 960 2742 1025 chung der Buchausgabe des „Reigens“, so daß das Publi¬
1827 996 2736 1080 kum nicht mehr den geringsten Zweifel über das haben
1818 1035 2186 1102 kann, was seiner harrt.
1863 1082 2730 1157 (Der Verein wird mit Gesuchen um Einladungen be¬
1831 1126 2730 1192 türmt. Unter dem zur Vorstellung erschienenen Publikum
1816 1164 2731 1241 ist das weibliche Element überwiegend. Selbstverständlich
1812 1207 2672 1280 nur Damen und Herren der ersten Gesellschaftsklassen.,
2035 1249 2517 1336 Nach der Aufführung.
1853 1307 2730 1391 „Frankfurter Zeitung": „Daß sich der Verein
1817 1369 2718 1434 nicht abschrecken ließ, war erfreulich und wurde gestern
1816 1408 2713 1469 auch reichlich belohnt durch den starken Beifall der Zu
1814 1441 1943 1491 schauer.
1848 1461 2719 1555 „Bayerisches Vaterland": „Der koschere Verein
1800 1509 2659 1586 führte das Gesaires von Aaron Schnitzler auf“ u. s. w.
1838 1569 2715 1629 „Münchner Post“: „Der große Erfolg hat bewiesen,
1809 1598 2721 1666 daß die Stückchen in ihrer tändelnden Grazie auch auf der
1804 1634 2708 1710 Bühne wirken. Die Darbietung wurde mit stürmischem
1803 1674 2053 1727 Beifall belohnt.
1841 1709 2708 1798 Aus dem Disziplinarbeschluß: „Die Auffüh¬
1792 1755 2468 1811 rung hat große Entrüstung hervorgerufen.
1830 1793 2711 1862 Wiener „Zeit": „Das Experiment (nämlich die Auf¬
1800 1827 2705 1902 führung des „Reigens') ist vollauf gelungen. Das Haupt
1799 1871 2712 1943 der Jung=Wiener Schule hat einen vollen Triumph
1786 1905 1922 1963 gefeiert.
1842 1943 2700 2015 Allgemeine Zeitung": „Schnitzler hat seinen
1785 1968 2707 2068 Schriftstellernamen durch diese Aufführun, frivol aufs
1796 2022 2340 2085 Spiel gesetzt, wenn nicht verloren.“
1830 2064 2698 2135 Blattermeldung: Der Verein soll aufgelöst werden
1782 2109 2700 2183 auf Grund der von der „Allgemeinen Zeitung“ gegen ihn
1795 2138 2137 2202 erhobenen Vorwürfe.
1815 2189 2701 2262 Die „Allgemeine Zeitung“ sowie sämtliche Blätter,
1780 2219 2695 2297 die Notizen über die Sache bringen, sprechen gegen die
1785 2267 2686 2337 Auflösung des Vereins und heben seine literarischen Ver¬
1785 2311 2697 2378 dienste hervor. Nur ein paar klerikale Blätter sind anderer
1781 2343 1939 2395 Meinung.
1815 2368 2694 2457 Blättermeldung: Der Verein ist aufgelöst worden;
1781 2424 2692 2489 es wird ihm vorgeworfen „Zynismus“, „grobe Geschmacks¬
1772 2465 2631 2527 verirrung", „Mangel an Takt und Geschmack“ u. s. w.
1807 2510 2680 2579 Blättermeldung: Hermann Bahr will in Wien
1470 2533 1716 2608 Pohdafen.
1778 2537 2415 2620 Schnitzlers „Reigen“ öffentlich vorlesen.
1085 2627 1509 2726 Der Reigen.
1801 2641 2624 2726 Der Vereinsleiter wurde in eine Nervenheilanstalt
1768 2696 2611 2772 bracht. Er leidet an der fixen Idee, das „Vaterland“
984 2719 1600 2767 Eine Geschichte in Zitaten.
2626 2651 2680 2773 s4
1769 2750 2670 2815 ein bedeutenderes Blatt als die „Frankfurter Zeitung“
1142 2761 1437 2815 Voranzeigen.
1762 2784 2672 2859 und sein koscherer Referent habe mehr Geschmack als Her¬
901 2811 1752 2865 „Bühne und Welt": Artur Schnitzler hat in einem
1771 2822 1987 2882 mann Bahr.
830 2852 1651 2907 „Reigen“ eine der keuschesten Dichtungen geschaffen,
831 2885 1331 2953 ein blutvoller Künstler fähig ist.
1073 2944 2588 3105 Andde Rachl
1499 3065 2230 3213 7. Brz. 1763
2695 2792 2737 2850 si
2693 2841 2732 2889 3
2685 2877 2750 2927 u
2733 1590 2775 1675 d
2736 1672 2773 1711 n
2759 959 2815 1029 w
2753 1015 2796 1070 se
2752 1062 2799 1116 g
2754 1137 2811 1225 K
2743 1219 2797 1270 p
2745 1259 2793 1312 IE
2743 1338 2794 1393 ei
2755 1379 2795 1426 n
2736 1422 2778 1468 9
