3444 4448
553 93 1117 141 S
554 132 1676 196 gut, wenn dann gelegentlich eines Ausbruchs des Volks¬
558 186 1686 246 zorns ob der frechen öffentlichen Verhöhnung der
558 236 1680 299 deutschen Sitte und christlichen Moral, des primitiosten
560 281 1675 350 gesellschaftlichen Anstands  in dem Publikum, das auf
562 330 1673 398 derartige „Unterhaltungen“, nicht verzichten zu können
551 402 1670 454 glaubt, neben den vielen jüdischen Schiebern und ihren
558 442 1677 506 Begleiterinnen und neben dem von der sozialdemokrati¬
559 493 1652 564 schen Presse oft genug als „monarchistischen Provokateur
548 551 1670 617 angesprochenen Grafen Louis Salm auch der Stell¬
553 600 1664 680 vertreter des Herrn Bürgermeisters, Genosse Vize
552 654 1677 718 bürgermeister Emmerling agnosziert wird!
654 710 1670 777 Solche Sachen können dem Marxismus unmöglich
547 769 1672 829 zum Vorteil gereichen, unmöglich zur Hebung seines
551 818 1669 880 Ansehens im Proletariat beitragen. Wie sagte doch
552 876 1671 938 Präsident Seitz in der „Reigen“=Debatte im Parla¬
553 922 1668 985 ment? Die Sittlichkeit der Wiener Arbeiter, sagte Seitz,
554 977 1669 1039 könne durch den „Reigen“ nicht gefährdet werden, denn
550 1023 1678 1078 die Arbeiter gehen schon aus dem Grunde nicht hin, weil
554 1074 1669 1146 ihnen der Eintrittspreis unerschvinglich sei. Wenn dem
552 1128 1673 1197 so ist, dann ist es für einen „Proletarier¬
556 1185 1674 1245 Führer“ nicht gut, mitten unterm „Reigen“=Publikum
540 1240 1675 1298 ertappt zu werden. Proletarierführer gehören auch abends
549 1281 1678 1334 dorthin, wo das Proletariat ist, nicht in die Schieber¬
548 1335 1669 1407 gesellschaft, gegen die man tagsüber in den Brusttönen
589 1388 1669 1449 oralischer Entrüstung gewettert! Die Arbeiterschaft wird
567 1443 1670 1497 ##hr. Gedanken machen über Führer, die am Abend
547 1499 1678 1555 von ihr nichts mehr wissen wollen und zur Erholung
542 1539 1664 1610 von den Mühen der Proletariatsführung Lokal
544 1590 1557 1668 aufsuchen, in denen sich das Schiebe
537 1656 1683 1717 unterhält und von deren Besuch das Proletariat
542 1700 1675 1773 sowohl durch seine höheren Sittlichkeit wie durch seine
539 1751 1303 1810 geringern Zahlkraft ferngehalten wird.
637 1794 1675 1874 Da die sozialdemokratische Regierung von Wien
536 1832 1676 1930 an den Geboten der Sittlichkeit wie
531 1914 1680 1972 an den Aufträgen der Bundes¬
533 1968 1668 2027 regierung Sabotage übt, um bei allen
532 2011 1674 2083 denen, die an dem „Reigen"=Geschäft interessiert sind,
536 2068 1670 2144 lieb Kind zu bleiben, und da die verfassungsgerichtliche
539 2127 1670 2189 Entscheidung allzulange auf sich warten läßt und die
540 2175 1668 2241 „Reigen"=Geschäftsleute und ihre feine Kund¬
535 2216 884 2284 schaft nicht
882 2224 1673 2290 einmal mehr den Takt auf¬
527 2282 1660 2352 bringen, wenigstens bis zu dem entscheidenden Spruch
536 2332 1668 2409 des Gericht hofes mit den Wiederholungen des Skandals
539 2392 1661 2445 auszusetzen, hat die Ungeduld der provozierten und in
536 2438 1653 2506 ihren Gesühlen verletzten Bevölkerung sich gestern Luft
525 2491 1656 2554 gemacht und in den Beifall der Schiebergesellschaft ihren
525 2550 1659 2617 entschiedensten Protest gemengt. Die Mehrzahl der
533 2587 1660 2670 kapitalistischen Presse und mit ihr im
521 2642 1664 2720 rührenden Verein die marxistische Presse tut
522 2695 1654 2774 darob entrüstet, entrüstet darüber, daß Wiener
513 2762 1657 2818 Jugend sich über die schweinischen: Dar¬
522 2801 1650 2864 bietungen einer nach Friedrich Schiller „moralischen An¬
516 2849 1651 2921 stalt“ entrüstete! Fühlte diese Presse nicht anational,
521 2915 1649 2973 nicht undeutsch und unwienerisch, sie müßte sich freuen
519 2955 1651 3027 über das schöne Sichauflehnen unserer Jugend gegen
521 3011 1638 3086 Schmutz und Schund, gegen die systematische Vergistung
517 3069 1639 3146 unseres Volkes, gegen die geschäftsmäßige Verluderung
508 3124 1646 3181 unseres öffentlichen Lebens, gegen die fortgesetzte Schän¬
510 3163 1635 3250 dung der deutschen Bühne in der „Theaterstadt Wien“
503 3223 1649 3294 denn sie müßte darin eine erfreuliche Bürgschaft er¬
506 3262 1638 3352 kennen, daß unser Volk noch die sittliche Kraft
515 3332 1636 3404 zu seiner Wiedergeburt, Erneuerung, Selbsterhebung,
509 3379 1630 3457 zum nationalen Wiederaufbau aufbringt. Aber statt den
507 3433 1629 3496 Urhebern und Nutznießern des „Reigen“=Skandals, hält
513 3491 1630 3569 die erwähnte Presse der Jugend, die das Aergernis ab¬
514 3533 1170 3612 schaffen will, — Moralpredigten
596 3597 1622 3660 Erst dieser Tage erklärte das Wiener Zentralorgan
495 3640 1626 3719 der Jüdischnationaien, daß sich diese eine Verletzung
500 3694 1629 3766 des jüdischen Nationalgesühls durch die von
508 3746 1626 3823 inem jüdischen Komitee geplante Veranstaltung einer
1647 3785 1691 3831 2
502 3799 1628 3883 „Jaäkobs=Traum“=Redoute nicht gefallen lassen und den
501 3853 1621 3936 Infug nötigenfalls zu verhindern wissen werden. Die
496 3911 1689 4006 Reigen“=Aufführungen sind die denkbar zynischeste Ver¬ s
1663 3512 1699 3560 2
1794 102 2750 169 Eine Eingäbe an de
2107 155 2462 218 Volkstheater“.
1804 206 2836 263 Die Vertreter der deutsch=arischen Vereinigungen
1711 258 2849 318 Oesterreichs haben mit dem 14. d. folgendes Schreiben
1714 309 2833 379 an den Verein „Deutsches Volkstheater“
1725 355 1908 424 gerichtet:
1814 382 2846 460 Die in den Räumen des „Deutschen Klubs“ ver¬
1727 447 2836 509 sammelten Vertreter der deutsch=arischen Vereinigungen
2694 495 2851 554 Kultur¬
1732 497 2633 560 Oesterreichs, die zum Großteil auch
1718 534 2839 599 belange der in den Ländern wohnenden Stammes¬
1723 595 2841 650 deutschen zu hüten perpflichtet sind, beehren
1723 640 2844 703 sich hiemit, dem Verein „DeutschesVolkstheater“ in Wien
1724 686 2838 747 folgenden Schritt nahe zu iegen: Der Verein möge, ein¬
1711 744 2835 800 gedenk seiner im Gründungsjahre des D. V. fest¬
1715 785 2846 852 gelegten ideellen Aufgaben, ehestens in einer
1720 846 2853 898 außerordentlichen Vollversammlung seiner Mitglieder
1718 887 2852 942 den derzeitigen Direktor des D. V. Bernau für die
1714 934 2844 1002 Aufführung der Sexualspiele „Flamme" und
1714 996 2854 1040 „Reigen zur Verantwortung ziehen und
1718 1032 2852 1089 auf Entfernung dieser Werke aus dem
1720 1075 2850 1131 Spielplane dringen. Die immer weiter greifende,
1713 1128 2839 1182 auf Verfasser wie Direktor in gleichem Maße bezügliche
1714 1176 2851 1231 Entrüstung über die genannten Aufführungen stellt
1712 1226 2843 1281 keineswegs bloß die Aufmachung einer einseitig partei¬
1711 1273 2845 1335 politischen („bürgerlichen") Hetze oder Kraftprobe dar; sie
1706 1322 2841 1377 will vielmehr im Sinne des bodenständigen Wien,
1726 1369 2844 1423 owie des Kulturzusammenhanges mit
1712 1410 2849 1466 Deutschland und dem Norden beurteilt werden, wo
1723 1463 2844 1533 Oesterreichs Not und Wiens Schande rein¬
1719 1513 2370 1577 lich geschiedene Erkenntnisse sind.
2966 142 3250 207 Tie „D. M
2883 183 3267 252 zerns appelliert an
2878 236 3262 295 kraten und behaupt
2884 282 3263 353 nicht gescheut hatte
2884 332 3263 401 solchen Exzessen au
2877 382 3279 463 eine leicht erweislich
2975 539 3276 613 Im Finanz= ul
2880 580 3276 662 Bericht der Liau
2881 638 3271 717 Verhandlung gezoge
2876 693 3254 759 erstatter Pauly
2886 741 3249 810 neter Smitka.
