3484 4224
1035 146 1469 244 box 18/3
338 145 857 254 11. Reigen
577 624 3384 774 Zweites Blatt der Abendausgabe der Königsberger H#
653 800 962 867 Nr. 570.
544 864 3143 976 rdert, and  e
549 926 1853 993 Jahresbeitrag zu zeichnen. Da aber durch die Veranstaltungen
3167 842 3392 981 W
1869 952 3155 1040 trittskarten zum Pressefest am 10. d. Mts. sind möglichst bald in
561 966 1844 1034 auch die Allgemeinheit in den weitesten Kreisen Anregung und För¬
3164 968 3396 1026 herausstellt
552 1003 1841 1067 derung empfängt, so sind Geistliche und Nichtgeistliche in
1862 1006 2895 1066 unserer Lokalredaktion von 9 bis 2 Uhr abzuholen.
3169 1001 3389 1078 Kronprinze
552 1044 1838 1103 Königsberg und in der ganzen Provinz eingeladen, als Einzelmit¬
1934 1054 3150 1128 * Der Ban des Königsberger Künstlerhauses scheint nunmehr
3256 1065 3400 1132 * Ausg
552 1080 1841 1141 glieder dem Verein beizutreten, und wir hoffen auf die Teilnahme
1857 1110 3144 1174 gesichert. Für sämtliche vermietbaren Büroräume, die hauptsäch¬
3168 1103 3398 1167 eine im zw
555 1127 1840 1187 aller Künstler und kunstliebenden Personen in Stadt und Land. Daß
1861 1140 3150 1204 lich den Bau rentabel machen sollen, liegen bereits sehr wertvolle
3163 1142 3396 1208 Dames ihren
552 1168 1834 1228 auch die Damen willkommene Mitglieder sind ist wohl selbstverständ¬
1877 1180 3149 1237 Anfragen vor, die sich auf Baudarlehen nach dem Muster des Han¬
3178 1189 3398 1250 Haustür sch
548 1202 1841 1265 lich. Als Mindestbeitrag ist der Satz von 10,— Mark angenommen.
1859 1215 3148 1276 delshofes und der Messe gründen. Welches Verständnis das Künst¬
3167 1227 3379 1285 mit einem
544 1248 1837 1307 Da dieser Betrag bei der heutigen Geldentwertung wenig b deutet,
1875 1262 3150 1324 lerhaus in Handwerkerkreisen findet, geht aus der Bemerkung eines
3173 1270 3393 1331 Schutzpolize
547 1285 1840 1345 so hoffen wir. daß diejenigen, die nach ihren Vermögensverhältnissen
1860 1300 3156 1363 hiesigen führenden Malermeisters hervor: „Je mehr die Kunst eines
3171 1305 3404 1376 kleine Wur
552 1332 1831 1382 dazu in der Lage sind, einen wesentlich höheren Beitrag zeichnen
1860 1341 3011 1404 Landes sich entwickelt, desto höher steht auch das Handwerk.“
3039 1354 3148 1405 Auch
3166 1352 3390 1415 Jäckchen un
547 1369 1847 1421 werden. Das Halten der vom Verein herausgegebenen Monatsschrift
1863 1387 3155 1439 in weiten Kreisen der Bürgerschaft ist die Stimmung sehr günstig.
3164 1394 3390 1448 Flanellstoff.
2985 1439 3057 1482 ME
1858 1470 3144 1544 erkältet sind. — Auch die Besetzung von zehn Episoden, die im
3173 1477 3368 1538 abendliche
810 1480 1597 1567 Neues Schauspielhaus.
1856 1512 3156 1587 Grunde Hauptrollen sind, bot mancherlei Schwierigkeiten. So ist
3161 1525 3397 1584 der Waldst
1849 1549 3142 1616 Helene Sauer eine fertige und gewandte Schauspielerin von
3159 1570 3405 1637 mystischerie
906 1554 1485 1640 Arthur Schnitzlers „Reigen“.
1856 1601 3146 1667 ulkiger Natürlichkeit, aber nicht gerade ein ausgesprochenes Ideal
3161 1624 3381 1686 vom Auge
626 1627 1840 1700 Nun haben wir die große Operation hinter uns. Sie ist, wie
1862 1642 3148 1710 für Schnitzlers junge Frau, die einen Schritt vom Wege macht.
3172 1663 3405 1737 delssohn
551 1663 1844 1744 sich von selbst versteht, glücklich verlaufen. Die Sperrmaßregeln,
1864 1689 3143 1749 Annie Vara ist im ländlichen wie im städtischen Bett von be¬
3161 1712 3409 1780 kannte „Fr
550 1733 1843 1789 die die Leitung unserer Kammerspiele gegen unerwünschte Gäste
1857 1738 3139 1801 rückender Deutlichkeit und göttlicher Grobheit; doch kann sie es nicht
3160 1750 3397 1817 klang es ##
544 1770 1840 1837 durchgeführt hatte, haben sich bewährt. Die letzte bestand darin,
1852 1783 3141 1842 verhindern, daß man sich Schnitzlers Primadonna ein wenig nobler
3157 1799 3406 1861 oder Rokok
1610 1803 1666 1856 710
552 1817 1831 1873 daß man sich „mit Rücksicht auf den Charakter des Stücks“ Beifalls¬
1847 1829 3137 1892 und großzügiger vorstellt. Werner Kepich legt allen Ton auf
3157 1840 3403 1907 inniges Ver
552 1864 1841 1925 äußerungen verbat. Da nun niemand klatschen durfte, konnte auch
1846 1872 3135 1931 die Herzlichkeit des Dichters; sollte der Mann aber nicht noch einige
3158 1881 3325 1946 Napoli“
550 1912 1829 1972 niemand zischen. Es wäre daher schwer zu sagen, wie dieser Abend
1862 1914 3134 1984 Töne mehr auf der Walze haben? Im allgemeinen haben es die
3153 1924 3402 2004 schwissige E
554 1954 1840 2009 gewirkt hat wenn man es nicht schon — vorher gewußt hätte. Eine
1849 1961 3138 2031 Mannsen in diesen Zwiegesprächen leichter als die Frauen, die auch
3162 1977 3401 2043 ner. Teihn
554 2002 1830 2061 völlig unbefangene Wertung des Werkes war überhaupt nicht mehr
1858 2005 3144 2057 seelisch in tiefem „Negligé erscheinen und meist ganz bestimmte In¬
3158 2024 3394 2082 die uns die
555 2046 1830 2102 möglich, nachbem es seit einem vollen Jahr Gegenstand zahlloser
1858 2055 3134 2120 dividualitäten voraussetzen. Ausgezeichnet war Hans Peppler
3154 2068 3400 2133 erträglich i
550 2089 1829 2151 Angriffe, seit einem Monat Mittelpunkt eines weitläufigen Ge¬
1855 2093 3144 2160 als Ehegatte und Egoist, der auch in zärtlichem Beieinandersein nur
3152 2108 3409 2170 zert auch n
553 2126 1832 2189 richtsverfahrens und unendlicher Auseinandersetzungen geworden
1850 2140 3143 2208 sich selbst liebt, recht annehmbar Wolfgang Langhoff, dessen
3149 2155 3396 2226 der ungemei
541 2178 1834 2239 war. Was hätte das für ein wunderliches Kunstwerk sein müssen,
1851 2184 3137 2251 stummes Spiel gut durchgearbeitet war, stramm und schneidig der
3157 2196 3407 2262 Fantasiefun
548 2216 1830 2285 das nach solcher Reklame den unnatürlich gegipfelten Erwartungen
1852 2232 3131 2290 Soldat Max Friedrichs und liebenswürdig=fein Oskar Wal¬
3151 2237 3409 2312 Welt deutsch
544 2264 1829 2323 noch standgehalken hätte! Nach den Sensationen von zwölf Mona¬
1849 2276 3142 2332 leck als Graf, der das letzte Bild aber doch nicht vor einer gewissen
552 2311 1834 2377 ten konnte es in diesen zwei Stunden nur eine Art Enttäuschung
1846 2321 3139 2385 gedehnten Mattigkeit bewahren konnte. Frau Mößl=Friedrich
3156 2330 3405 2396 diesem Wint#
535 2366 1831 2422 geben. Eine Enttäuschung darüber, daß die Geschichte so einfach ist
1843 2365 3136 2430 beherrscht köstlich den Wiener Dialekt, und das ist schon das halbe
3156 2379 3395 2439 wird, erschli
538 2407 1835 2466 und daß man so viel Aufhebens davon gemacht hat. Die Neugier,
1852 2408 3127 2472 „süße Mädel“ — dieser trivialisierte, modernisierte und verwienerte
3156 2421 3392 2486 Anforge die
538 2442 1827 2502 mit der man pflichtschuldigst hinkam, war bald gestillt, und jenes
1845 2434 3131 2517 Abkömmling der Gretchen und Klärchen. Erna König gab die
3148 2457 3376 2526 Die Mufik
544 2491 1775 2556 nervenprickelnde Gefühl, Ungewohntes auf der Bühne zu sehen
1853 2500 3132 2564 Dirne Leocadia mit berufsmäßigem Stumpfsinn, während Marg.
3149 2500 3405 2573 fortreißenden
546 2542 1832 2604 nein, angedeutet zu sehen, stumpft rasch ab. Stumpft ab gerade
1842 2539 3128 2601 Holtz=Walleck durch ihre herzig=gemütvolle Art das Bild im
3153 2557 3391 2618 nicht vor H#
544 2584 1823 2637 durch die häufige Wiederkehr. Der Mensch gewöhnt sich an alles —
1851 2574 3126 2662 Wirtshausgarten zu einem Lichtpunkt des Abends erhob und auch
3147 2594 3397 2660 lität und ne
531 2612 1831 2684 selbst daran, daß der Elektriker zehnmal das Licht ausschaltet (sym¬
1851 2636 3120 2688 in dem so anders gearteten dritten Bilde ihren Mann stand. Wal¬
3150 2631 3383 2704 Geheimnisse
538 2652 1827 2725 bolischer Ersatz für Gedankenstriche). Und dann: Schnitzlers „Rei¬
1844 2676 3129 2740 lecks Regie, die sicher noch Direktor Rosenheim nach Möglichkeit
3145 2680 3406 2752 Meister wur
534 2718 1823 2773 gen"*) ist nun einmal nicht für das Theater geschrieben. Die Tat¬
1847 2720 3133 2792 unterstützt hat, erfüllte und überflügelte alle berechtigten Ansprüche.
3154 2735 3386 2805 die Zugabe
542 2747 1824 2821 sache, daß zehn Dialoge noch kein Drama machen, bleibt auch einem
1907 2773 3134 2847 Auch wenn der Sturm auf die Kasse vorhalten sollte, wird man
541 2804 1830 2866 Schnitzler gegenüber in Kraft. Variationen über ein Thema können
3219 2800 3396 2876 Ein neu
1843 2819 3126 2892 es hierorts wohl bei einigen Anstands= und Pflichtaufführungen be¬
533 2850 1825 2909 sehr geistreich sein, doch geraten sie in Gefahr, um so eher zu er¬
3147 2849 3394 2917 horns Nachf
1841 2872 2996 2937 wenden lassen. Und wenn der ganze Tanz um den „Reigen“
3046 2874 3126 2932 der
538 2883 1820 2949 müden, je zahlreicher sie sind. Das Geistreiche ist hier aber im
3145 2904 3409 2962 Wege“ von
1840 2909 3132 2982 ursprünglich mehr für den Genuß im stillen Kämmerlein bestimmt
3139 2931 3406 2997 30, in Halbi
536 2940 1826 3004 Buch greifbarer als auf der Bühne. Auf der Bühne müßte die Auf.
1846 2958 3128 3014 war als für den Massenverschleiß — in einem Jahre vergessen sein
3139 2981 3406 3040 ersten Mensch
524 2988 1824 3051 „führung schon vollkommen sein — und das war sie weder im Kleinen
1845 3005 2393 3076 sollte, wird es uns recht sein
2957 3003 3099 3080 L. G.
3144 3026 3411 3078 dichterisch und
537 3030 1830 3086 Schauspielhaus zu Berlin noch im Neuen zu Königsberg. Das ist
3144 3066 3404 3123 anschauung i
526 3073 1822 3135 sie nur im Lande Utopien, wohin wir vorderhand nicht reisen
2308 3080 2377 3153 Te
3138 3092 3399 3163 tige zerspalte
524 3119 688 3189 können.
3142 3133 3395 3199 fangend von
603 3146 1820 3219 Immerhin gab es hier ein paar die Wirkung beeinträchtigende
3137 3180 3393 3242 wir uns kün
2083 3133 2867 3281 Rus Kunft und Leben.
527 3202 1816 3268 Aeußerlichkeiten, die sich bei den Wiederholungen leicht abstellen
3128 3216 3405 3280 zu gelegener
528 3250 1828 3323 lassen. Einmal geht es nicht an, daß der Zuschauerraum den ganzen
3137 3267 3383 3332 sagen sein; f
2081 3272 2879 3358 Klavierabend Conrad Ansorge.
516 3298 1823 3353 „Abend über in kymmerischem Dunkel liegt. Dazu sind die Ver¬
3205 3306 3399 3370 Hochschul
529 3339 1815 3398 wandlungspausen zu häufig und zu lang. Die Selbsthilfe des Publi¬
3130 3337 3401 3411 ber der Hon#
1917 3337 3126 3418 Dieser Meister gehörte von je zu den tiefinnerlichsten Klavier¬
532 3388 1821 3444 kums, das mit Streichhölzchen und Taschenlampen um die Kenntnis
3140 3386 3400 3447 gogik, Didakt
1834 3401 3120 3466 poeten der Gegenwart Merkwürdigerweise hat er sich in Königsberg
3137 3428 3404 3490 tigen Univer
528 3429 1817 3489 des Theaterzettels ringt ist für die Stimmung gefährlicher, als es
1836 3444 3118 3506 nie zu der Beliebtheit durchringen können, die er im übrigen Deutsch¬
3134 3466 3398 3529 Dr. Paul C
537 3468 1816 3535 ein diskretes Dämmerlicht wäre. Sodann: lieber gar keine Musik
1835 3489 2081 3552 land besitzt.
2063 3496 3120 3555 Man hatte wohl zuweilen das Gefühl, als ob seine
3130 3503 3390 3581 gestorben.
534 3526 1816 3576 als eine so leise! In einem leeren Saal hätte sie ausgereicht; nicht
1833 3530 3125 3593 Konzerte ganz sachte auf den wehmütigen Unterton schwindender
3203 3551 3408 3611 Vergessen
536 3571 1815 3644 aber in einem überfüllten, dessen Besucher zur Hälfte dezemberlich
1837 3579 3112 3636 Schönheit sich einzustellen begannen. Aber die alte Kraft blitzte doch
3132 3586 3233 3649 ati
1825 3623 3114 3679 immer wieder durch. Und sein hiesiges Konzert am Montag vollends
3132 3609 3406 3692 eine Bücherse
592 3645 1739 3737 *) Vgl. unseren Aufsatz in der Sonntagsausgabe, Nr. 567.
1824 3672 3130 3738 gab der Beweise dessen genug. Es ist richtig: zuweilen huschen
3134 3662 3404 3742 nen, die aller
