3436 4224
1051 140 1459 221 box 18/3
344 146 861 242 11. Reigen
537 665 1319 733 Dienskag, den 6. Dzember 1921, ablends.
1693 671 3125 769 Beilage der Ostpreußischen denung.
1796 822 3038 900 mentlich auch aus dem besetzten Gebiet. Durch Tarifermäßigung
529 819 1732 920 Preiserhöhung für Buchdruckarbeiten.
1799 875 3039 937 für Ostpreußen würden daher sofort weitgehende Berufungen
618 901 1736 983 Das Buchdruckgewerbe gibt den Drucksachen=Verbrauchern
1796 916 3031 976 hervovgerufen werden, denen nicht ausgewichen werden könnte.
1790 958 3034 1024 Wenn aber Staffeltarife in größerem Umfange eingeführt wür¬
505 961 1742 1027 durch Inserate bekannt, daß infolge der spounghaften Verteue¬
1787 996 3031 1067 den, dann würde die unbedingt notwendige Erhöhung der Ein¬
513 1010 1737 1073 rung aller zum Lebensunterhalt notwendigen Bedarfsartikel den
1785 1041 3038 1103 nahmen nicht erzielt werden können. Ich beabsichtige jedoch,
513 1058 1743 1121 Gehilfen und Hilfsarbeitern im Gewerbe ab 1. Dezember weitere
1794 1081 3025 1150 ähnlich wie in den letzten Sommerferjen, auch zu Weihnachten,
509 1111 1744 1172 erhebliche Lohnerhöhungen zuerkannt werden mußten, die
1787 1123 3029 1186 Ostern und Pfingsten nach Ostpreußen einzelne Sonderzüge zu
506 1163 1736 1235 ab 19. Dezember, entsprechend der fortschreitenden Teuerung.
1796 1170 3027 1233 ermäßigten Preisen einlegen zu lassen und habe bereits Auftrag
1790 1206 2710 1273 gegeben, mit den Polen darüber zu verhandeln.
501 1204 1260 1261 nochweitererhöht werden sollen.
1912 1247 3032 1312 Es wird betont, daß die „Nachteile für Ostpreußen be¬
623 1256 1733 1324 Die Lohnerhöhungen und die ganz außergemöhnlich zuneh¬
1783 1282 3032 1366 sonders fühlbar hervortreten“, aber die Konsequenz einer be¬
507 1310 1742 1373 mende Verteuerung der Materialien und aller sonstigen Ge¬
1804 1325 2942 1384 onderen Behandlung Ostpreußens wird nicht bezogen.
510 1345 1735 1410 stehungskosten zwingen die Druckereien auf die bisherigen Druck¬
500 1407 1174 1473 preise einen weiteren Aufschlag
1986 1433 2832 1526 Königsberger Nachrichten.
728 1448 1523 1524 in Höhe von 40 Prozent ab 1. Dezember
494 1505 685 1575 zu legen.
2173 1504 2910 1585 Königsberg, den 6. Dezember 1921.
620 1556 1739 1625 Die Druckereien geben sich der Erwartung hin, daß alle
2016 1579 2791 1672 Das weibliche Laienrichtertum.
498 1609 1738 1660 Drucksachenverbraucher und namentlich auch alle Behörden die
509 1656 1741 1702 neue Preiserhöhung als eine durch die außergewöhnlichen wirt¬
1893 1659 3027 1721 Der Frauenausschuß der Deutschnationa¬
499 1701 1732 1763 schaftlichen Verhältnisse zwingende Notwendigkeit betrach¬
1786 1710 3016 1766 len Volkspartei hatte am Montag um 2½ Uhr zu einer
499 1751 901 1823 ten und anerkennen.
1778 1761 3022 1827 Besprochung des heute äußerst aktuellen Themas „Die Frau als
1780 1807 3022 1894 Schöffe und Geschworener“ in das Tragheimer Gemeindehaus
503 1812 963 1885 KANNRARNRSS
1656 1820 1721 1883 65
1244 1815 1418 1886 NN
1779 1855 1990 1914 eingeladen.
496 1861 1734 1938 KASAK AE NR ARAIRNRNKNKNR AKNK AK NRAK NK NKNKNKAAA
1899 1911 3015 1968 Frau Käswurm begrüßte im Namen des Vorstandes
1780 1942 3014 2015 die Anwefenden, besonders den Redner des Tages, Landgerichts¬
529 1953 1693 2031 Ostpreußens Abschnürung durch die
1788 1992 3010 2050 präsidenten Dr. Karnatz der etwa folgendes ausführte: Aus
1789 2036 3014 2099 dem Gesetzestext könne nicht unbedingt geschlossen werden, daß
865 2032 1374 2120 Eisenbahntarife.
1786 2074 3016 2145 die Frau nicht zum Laienrichtertum herangezogen werden dürfe,
1788 2118 3014 2185 jedoch habe man es bisher für selbstverständlich gehalten, daß
610 2105 1722 2174 Die regierenden Herren in Berlin haben schon so oft feier¬
1777 2161 3007 2215 hier nur des männliche Geschlecht zu berücksichtigen sei. Die Re¬
499 2151 1723 2216 lichst verkündet, daß sie den Nöten Ostpreußens, das durch seine
1785 2205 3012 2263 volution von 1918 habe den Stein ins Rollen gebracht, so daß
504 2212 1728 2256 räumliche Tiennung vom Reich eine ganz besondere Stellung ein¬
1778 2237 2940 2282 heute weite Kreise aller Parteien das „Für und Wider“
499 2252 1719 2294 nimmt, abhelfen wollen. Wenn aber die ostpreußischen Wünsche
2940 2255 3005 2303 des
1780 2280 3011 2345 weiblihen Laienrichtertums erörtern. Da alle Ausnahmebestim¬
500 2294 1718 2337 in Berlin vorgebracht werden bekommen wir nichts als Enrschul¬
1779 2324 3015 2384 mungen gegenüber dem weiblichen Geschlecht aufgehoben seien,
498 2335 1205 2389 digungen und Absagen zur Antwort.
1785 2361 3013 2432 so könne man sich kaum wundern, daß von der Regierung ein
607 2371 1718 2437 Der deutschnationale Abgeordnete Behrems hat
1776 2404 3013 2477 Entwurf, etwa folgenden Inhaltes, zur Begutachtung vorgelagt
494 2426 1722 2484 diesen Herbst den Reichsverkehrsminister dringend gebeten, ange¬
1770 2441 2998 2514 ist: Im Falle sich die Frau allein in Anklage be¬
496 2466 1718 2513 sichts der ernenten Fahrpreiserhöhung für den Ver¬
1778 2484 3001 2559 findet, solle das Schöffengericht aus 1 Mann
497 2511 1728 2563 kehr mit Ostpreußen eine Staffelung der Personen¬
1781 2527 3006 2596 und 2 Frauen, dws Schwurgericht aus 7 Män¬
491 2550 1724 2605 tarife vorzunehmen. Abg. Behrens betont, daß eine Ehöhung
1769 2572 3004 2636 nean und 5 Frauen zusammengesetzt sein. Das
497 2590 1710 2653 der Fahrpreise ohne eine günstige Staffelung für den Verkehr
1781 2612 3001 2692 weibliche Richtertum solle nur ehrenamtlich
483 2632 1177 2698 zwischen dem Reich und Ostpreußen
1770 2644 1893 2713 sein.
832 2670 1372 2761 für Ostpreußen unerträglich
1884 2669 2998 2759 Der Redner gab nun ein Urteil über die schwere Verant¬
1765 2734 2995 2807 wortlichkeit ab, deren sich ein Laienrichter bewußt sein müsse. Er
481 2729 1714 2809 sein würde. Gleichzeitig gebt der Abgeratnete auf die früheren
1760 2770 3000 2852 erinnerte an die unbedingte Ob'ektivität, die nur nach dem Gesetz
492 2799 1720 2853 Einwendungen des Reichsverkehrsministeriums ein. Zu
1763 2817 3001 2883 und der Frage „Schuldig oder Unschuldig sich richten dürfe und
489 2837 1713 2892 diesen unzutreffenden Einwendungen bemerkt Abg. Behrens:
1767 2856 3008 2927 daran, daß Gefühlsmomente völligausgeschlossen
498 2882 1719 2931 „Die früher bei Erörterung dieser Frage geltend gemachten Ein¬
1759 2896 3000 2965 werden müßten. Es gehöre dazu eine klare, schnelle Auffassungs¬
485 2922 1711 2977 wendungen, daß, wenn Ostpreußen die Vergünstigung gestaffelter
1757 2942 3007 3013 gabe, Lebenserfahrung und Entschlossenheit, seiner Ueberzeugung
496 2960 1712 3019 Personenterise zuteil würde, diese auch für Oberschlesien, Rhein¬
1769 2979 3004 3051 Ausdruck zu geben. Ist das nun Sache der Frauen? Sind sie
485 3001 1715 3058 land und Süddentschland verlangt werden würden, können nicht
1768 3023 3001 3097 dazu befähigt? Bevor man im Sinne des vorerwähnten Gesetz¬
486 3043 1716 3088 als stichhaltig angesehen werden. Diese Landes¬
1755 3063 2995 3133 entwurfs sich entscheide, müsse man sich völlig klar sein, daß es
482 3086 1710 3138 teile sind nicht wie Ostpreußen durch ein fremdes und uns keines¬
1765 3104 3004 3175 eine Frage der Politik und der Kultur, kurz eine Welkfrage
483 3128 1709 3175 wegs wohlgesinntes Staatswesen vom Reich getrennt. Aus dieser
1760 3140 2998 3201 ist, die in Deutschland die gewaktigsten Veränderungen hervor¬
481 3167 1712 3214 Tatsache ergeben sich Verkehrsschwienigkeiten. Stimmungen und
1755 3181 2989 3254 rufen müsse. Es sei kein Zweifel, daß durch das Laienrichtertum
481 3210 1709 3253 Strömungen, die politisch so hech zu werten sind, daß sich ein Ent¬
1755 3221 2998 3291 die weiblichen Anschauungen auf das Volksleben allgemein über¬
483 3249 1716 3301 gegenkommen auf dem Derifgebiet nicht nur rechtfertigt, sondern
1756 3265 2993 3333 tragen würden. Wir aber brinnchen in den heutigen schweren Zeiten
486 3292 541 3350 #8
1763 3304 2991 3368 Männer. Wenn man auch über die Aufopferungsfähigkeit der
799 3319 1385 3381 zu einer Notwendigkeit macht.“
1756 3343 2990 3412 Frau staunen müsse, so finde die Gleichberechtigung doch ihre
592 3375 1704 3443 Der Reichsverkehrsminister hat auch diese Bitte
1758 3386 2989 3444 Grenzen im Organismus und den Naturgesetzen. Die Schwere
480 3405 1706 3468 Ostpreußens wieder abschlägig beschieden. Er antwortei u. a.:
1754 3423 2987 3484 dieses Amtes werde für die Frau unerträglich sein, weil erstens
493 3459 1709 3514 „Es werde nicht verkannt, daß (durch die Tariferhöhungen) das
1752 3462 2991 3533 die Frau sich von Gefühlsmomenten zu leicht leiten läßt,
482 3501 1699 3550 Reisen, namentlich auf weiteren Strecken, abenmals fühl
1762 3513 2992 3568 d. h. nicht objektiv genug ist, zweitens die Stellung der
484 3543 1711 3597 bar verteuert wird. Gleichwohl bin ich zu meinem Be¬
1755 3543 2987 3616 Frau in der Familic zu sehr leiden werde und schließlich,
483 3575 1702 3630 dauern nicht in der Lage, für den Verkehr zwischen Ostpren¬
1757 3590 2995 3656 weil dieses Amt auch nicht der Persönlichkeit der Frau ent¬
480 3623 1703 3678 ßen und dem Reich eine Staffelung den Tavife mit dem Ziel einer
1754 3622 2984 3698 spreche. Sie werde in Ausübung dieses Amtes in einem Pfuhl der
483 3665 1702 3711 Ermäßigung der Fahrvreise eintreten zu lassen. Es ist völlig un¬
1761 3664 2997 3732 Unsittlichkeit hinabsteigen und sich mit schmutzigen Dingen
475 3705 1711 3755 möglich, für einen einzelnen Teil des Reiches auf dem Gebiecte
1751 3705 2989 3779 beschäftigen müssen, die ihrem reinen Seelenleben fernliegen.
475 3742 1712 3802 des Personenverkehrs einen ermäßigten Tarif zuenlassen, ohne
1746 3748 2990 3818 Das weibliche Laienrichterium, so führte Dr. Karnatz weiter aus,
482 3788 1707 3846 ihn auch anderen Teilen zumrstellen (??). Wenn die durch die ent¬
1754 3788 2991 3858 werde nur eine Etappe sein zum Berufsrichtertum, Er
478 3828 1693 3900 fernte Lage zur Reichshauptstadt und die Abschnürung durch den
1759 3828 2991 3899 ging dann zur Frage der weiblichen Rechtsanwälte und
479 3861 1102 3935 polnischen Korridor eintretenden
1747 3869 2984 3942 des Jugendrichtertums über und meinte, daß aus den
1748 3913 2983 3975 gleichen Gründen, aus denen man sich vor einer Zulassung zum
589 3927 1588 3992 Nachteile für Ostpreußen auch fühlbar hervortreten,
1752 3951 2990 4017 Laiengericht scheuen müsse, die Frau auch nicht den Beruf des
476 3958 537 4023 so
532 3970 1709 4037 liegen doch ähnliche Wünsche, den Verkehr mit Rogierungs¬
1748 3986 2983 4067 Rechtsanwalts ergreifen könne, zumal ein großer Teil der Rechts¬
483 4021 1691 4076 sitzen oder Brennpunkten des wirtschaftlichen und geschäftlichen
1744 4029 2984 4103 anwälte kein gutes Auskommen habe, besonders diejenigen, die
477 4062 1696 4111 Lebens zu erleichtern, auch aus anderen Gebietsteilen vor, na¬
1744 4071 2803 4141 weniger befähigt sind und weniger Erfahrung besitzen.
487 4102 836 4151 S BSE
3187 822 3359 905 Ein Ju
3088 872 3370 945 niht. Die Best
3090 922 3345 986 Bistimmungen
3091 964 3344 1028 sicht vor: beim
3078 1005 3346 1061 gericht ein Ma
3090 1045 3346 1112 zithung der Fr.
3089 1086 3331 1143 lihe — wenn
3079 1126 3346 1186 Flage „Schuld
3184 1168 3310 1232 Allgem
3080 1186 3300 1270 ciz persö
3079 1248 3285 1309 lution aufg
3088 1289 3310 1350 Die Erörter
3076 1334 3278 1391 auch solche
3082 1371 3267 1426 Man solle
3084 1412 3270 1470 die sicher
3073 1449 3276 1509 Mann sich
3086 1495 3264 1550 sohkönne
3075 1530 3262 1599 tälig zu
3070 1576 3254 1632 neinen.
3177 1614 3270 1672 And
3072 1655 3251 1714 gen anschi
3078 1702 3278 1763 nete Frl. T
3077 1740 3312 1812 Die nächste
3075 1783 3293 1852 Thema „Ju
3140 1968 3297 2039 Im Ver
3073 2018 3341 2087 Professor Dr.
3072 2072 3343 2135 Der Redner, d
3066 2120 3376 2199 kundlichen Komn
3059 2168 3375 2247 undeso Polen ge
3164 2217 3365 2280 Bei dem
3067 2266 3370 2322 greßpolen eine R
3065 2311 3370 2362 ist trotz zwei Di
3059 2351 3367 2410 worden. Auch in
3070 2391 3367 2445 finden wir nirg
3059 2430 3365 2482 Gebsete. Vor a
3058 2468 3382 2526 dieses Land gehc
3061 2511 3372 2569 Grund der Los¬
3062 2552 3377 2612 ist trotz guter de
3061 2591 3360 2649 Wir stehen noch
3061 2637 3372 2688 Genfer Spruches,
3055 2675 3342 2746 Königshütte zu
3058 2714 3373 2774 lust bringt. Se
3070 2757 3375 2818 stimmung im S
3075 2799 3372 2852 Propaganda nac
3053 2829 3380 2897 der auf Grund sei
3060 2882 3374 2933 droht dauernde G
3049 2915 3384 2974 im Süden Gal
3054 2961 3371 3014 Teil über 90 Pr.
3057 2997 3386 3054 stark von Ruthen
3055 3042 3369 3095 Rigaer Friede vo
3055 3082 3361 3137 große fremdv
3050 3123 3363 3181 von Wilna zei
3050 3165 3353 3218 sonst aber ist es
3049 3204 3348 3261 tionalitätenstaat
3053 3245 3355 3300 von Deutschen,
3056 3285 3357 3339 wirtschaftl
3050 3321 3372 3376 „Neupolen“ ergeb
3056 3365 3371 3416 unter der Gemen
3053 3404 3360 3459 Mangel an Ma
3052 3442 3371 3501 fallenden Kontra
3047 3483 3379 3541 der schlechten Me¬
3043 3518 3343 3578 zucht nicht auf
3052 3566 3360 3620 Pflege, Raubbau
3047 3605 3365 3661 der nach genauen
3047 3641 3370 3701 z. B. im ehemalig
3050 3683 3364 3743 zent (in Deutschla
3049 3726 3368 3784 bau und der In
3041 3764 3328 3818 außerordentlich
3051 3807 3367 3862 weit es Polen ge
3035 3841 3369 3901 Vergangenheit hat
3037 3892 3367 3953 gezeigt. Wirtschaf
3043 3926 3341 3984 voll ausgenutzt.
3038 3964 3370 4023 aber sind schon he
3036 4005 3370 4062 Umständen ist dars
3043 4047 3369 4100 schwer. Unermüd
3037 4083 3379 4143 ist Pflicht jedes D
