3392 4352
241 106 767 201 11. Reigen
954 97 1359 197 box 17/6
2127 114 2607 182 Prager Tagblats Nr. 36
2072 216 2994 281 „Reichspost“=Leute jedoch den Mut verloren.
2065 271 3000 332 Der „Reigen“ wurde heute troß des Verbotes
2063 310 3000 372 des Dr. Hlanz gegeben, und zwar ohne Störung
2072 356 2590 411 und ohne Demonstration.
2598 357 2990 416 Der Durchfall er
2068 397 3000 477 Christlichsozlalen wird nicht ohne heilsame Fol¬
2055 441 2310 505 gen bleiben.
2060 519 3002 605 Volschewikt aud Sozialrevolutsonäre.
2357 591 2704 658 Pon #. Aurelen.
2099 637 3000 716 In letzter Zeit habben sich Nachrichten von
2062 695 3003 747 einer Friegerischen Spannung zwischen den
2054 741 2991 796 Volschewiki und dert. Sozialrevolutionären be¬
2069 780 2993 837 onders gehäuft. Dem Auftakt dazu gab im
2065 825 2986 882 Herbst 1920 das Auftreten des von der Sotojet¬
2059 866 2990 922 Polizei viel gesuchten Hauptes der Sozialrevo¬
2060 907 2987 963 lutionäre Victor Tschernow unter verblüffenden
2058 950 2990 1012 Umständen, mitten in streng bewachten Mosrau,
2050 996 2992 1056 wo er in einer öffenlichen Versamml#ing im
2056 1035 2984 1092 Beisein der englischen Delevierten, eine flam¬
2054 1083 2983 1136 mende Rede genen das bolschewistliche Regime
2054 1120 2984 1178 hielt. Wie durch ein Wunder gelang es Tscher¬
2058 1171 2995 1222 now auch, nach dem Anslande zu entkommen.
2059 1206 3000 1263 (Gegenwörtig hält er sich in Paris auf, wo er
2064 1251 2989 1296 dem dort versammelten russischen „Rumpf¬
2046 1286 2990 1336 parlament“ präsidiert.) Jüngst hat die Sowjet¬
2051 1334 2988 1386 Regierung die Auslandskomitees der Partei
2056 1375 2990 1430 einer Verschwörung gegen die in Rußland
2050 1422 2992 1479 cherrschende Staatsordnung" beschuldigt und
2052 1460 2993 1515 als Geiseln Dutzende in Rußland verbliebener
2050 1504 2986 1551 Parteimitglieder eingespert. In einer der letz¬
2042 1548 2989 1596 ten Nummern der „Izwestla“ veröffentlicht
2052 1592 2990 1641 nun das Zentralkomitee der Partei eine offi¬
2051 1635 2995 1685 zielle Erklärung, worin es alle die Verschwö¬
2047 1673 2984 1725 rungsnachrichten leugnet und auf den Beschluß
2050 1718 2981 1763 des neunten Partei=Kongresses hinweist, der
2044 1760 2991 1815 den Terrorismus als politisches Kampfmittel
2049 1801 2223 1856 verwirft.
2089 1826 2983 1917 Die Partei der Sozialrevolutionäre ist heute
2045 1904 2986 1948 eine der wichtigsten Oppositionsparteien der
2060 1931 2975 1984 Sowjet=Regierung, und ihre Bezießungen zu
2043 1980 2983 2024 den Bolschewiki bilden vielleicht das wichtigste
2050 2023 2994 2071 Kapitel der rufsischen innern Politik und der
2053 2060 2979 2109 russischen politischen Sittengeschichte der jüng¬
2048 2107 2983 2153 sten Vergangenheit und der Gegenwart. Diese
2045 2142 2987 2193 Partei setzt das Werk der Narodniki fort, die
2049 2193 2982 2245 sich den Schutz des Bauecntums als Hauptaus¬
2041 2239 2976 2289 gabe stellten. Von der Grundtatsache aus¬
2043 2286 2983 2327 gehend, daß die Bevölkerung Rußlands zu rund
2050 2321 2986 2375 fünfundachtzig Prozent aus Bauern besteht,
2045 2364 2984 2411 erblickt diese Partei ihre vornehmste Aufgabe
2038 2405 2981 2447 in der Lösung der Agrarfrage und zwar zufolgs
2041 2447 2976 2494 dem Volksspruch: das Land sei Niemandes und
2045 2490 2968 2545 gehöre Allen, erstrebt sie eine „Landsoziali¬
2049 2529 2319 2586 ierung auf
2043 2575 2968 2626 Landbenußung“ (das heißt: kein Privateigen¬
2046 2618 2975 2663 tum an Grund und Boden, sondern veriodische
2038 2661 2982 2712 Umteilungen, entsprechen der wechselnden Zahl
2036 2701 2974 2757 der Familionmitglieder;. An der Zerwühlung
2044 2742 2970 2795 des russischen Absolutismus hat die sozialrevo¬
2037 2790 2977 2837 lutionäre Partei zumindest den gleichen, wenn
2041 2832 2978 2874 nicht den größeren Anteil als die beiden Par¬
2044 2865 2969 2923 teien der Menschewisi und der Bolschewiki; in
2043 2913 2978 2956 ertremsten Fällen schreckt sie auch vor terrori¬
2050 2950 2969 3008 tischen Akten nicht zurück (Ermordung des
2044 3000 2972 3054 Plehwe, Ssipjagin, Stolypin). Der Sturz des
2041 3042 2978 3093 Zarismus machte auch die Sozialrevolutionäre
2037 3083 2965 3131 zu einer Regierungspartei im Kerenski=Block.
2035 3127 2988 3175 Bictor Tsche##ow wurde erst Agrarminister
2046 3168 2959 3211 und dann Vorsitzender der konstitaierenden Ver¬
2041 3205 2975 3261 sammlung. Nach deren Spreugung durch die
2042 3254 2974 3313 Bolschewiki ging er an die Wolga und stellte sich
2036 3294 2973 3350 mit an die Spitze der sogenamten „Front der
2033 3339 2970 3393 konstituierenden Versammlung, das heißt:
2028 3375 2971 3425 der den dewokratischen Gedanken noch treu ge¬
2035 3420 2970 3479 bliebenen Armee=Reste und Bevölkerung.
2036 3530 2967 3606 Seiten auf Potiphars Halle niederriefelten,
2038 3591 2968 3647 ließen für ein Mal keinen Gedanken an den
2033 3645 2957 3694 unabwendbaren Bankrott der deutschen Opern¬
2040 3679 2964 3730 nstitute aufkomnen. Als im Schluß=Tableau
2036 3726 2964 3780 der gottselige Joseph, am Leibe weiß wie der
2047 3766 2958 3820 Schnee auf den Beegen Indäas, zwischen
2037 3811 2957 3868 schwebenden G=dur=Melodien und goldgeflügel¬
2033 3855 2964 3907 ten Posaunenengelein in die allmächtige Hut
2036 3898 2949 3947 emporstieg: da empfand man mit leiser Er¬
2042 3936 2958 3990 chütterung etwas von der vorübergeisternden
2032 3984 2869 4041 Vision des vielgesuchten Gesamikunstwerks.
