3392 4416
262 220 394 323 11.
460 226 768 319 Reigen
965 213 1381 304 box 17/6
2000 182 3127 254 Innenminister Dr. Glanz betont, daß sich nach der
1927 225 3128 298 Aufführung des Stückes, die weitüberwiegende Mehrzahl
1921 278 3119 342 der öffentlichen Meinung dahin ausspreche, daß die Auf¬
1921 325 3118 392 führung ihrem Gesamteindruck nach eine arge Verletzung
1932 378 3115 442 der öffentlichen Sittlichkeit bedeute. (Lebhafter Beifall bei
1924 422 3124 486 den Christlichsozialen, andauernde stürmische Zwischenrufe
1932 469 3116 541 der Sozialdemokraten und Gegenrufe der christlichsozialen
1921 521 3118 598 Abgeordneten.) Aus Gründen der öffentlichen Sittlichkeit
1916 570 3109 642 untersagte deshalb das Ministerium die weitere Auffüh¬
1918 622 3112 694 rung. (Zwischenrufe, Lärm.) Es handelt sich um ein Stück,
1917 664 3107 737 dessen Leitmotiv eine Sache bildet, die bei allen Völkern,
1918 714 3107 781 selbst solchen, die sich auf einer niederen Stufe der Zivili¬
1930 766 3109 841 sation befinden, mit einer gewissen Diskretion umgeben
1915 825 3110 881 wird; die deutsche Kultur in Oesterreich wird gewiß keinen
1917 863 3116 927 Schaden erleiden, wenn die Schaustellung solcher Vorgänge
1928 923 3113 988 auf offener Bühne unterbleibt. (Skürmischer Beifall bei
1926 963 3115 1031 den Christlichsozialen, heftige Gegenrufe bei den Sozial¬
1921 1011 3115 1088 demokraten. Es handelt sich um eine Verfassungsfrage.
1919 1058 3109 1133 Formal hat der Minister nach den geltenden Kompetenz¬
1918 1111 3114 1185 bestimmungen das Recht und die Pflicht zur Aufsicht und
1924 1165 3112 1230 zum Verbote der Aufführungen. Was die gegen ihn per¬
1929 1210 3115 1267 önlich gerichteten Bemerkungen des Vorredners betreffe,
1926 1254 3114 1322 überlasse er das Urteil über sein Wirken getrost jedem an¬
1911 1307 3105 1364 ständig denkenden Menschen. (Lebhafter Beifall u. Hände¬
1913 1360 3115 1429 klatschen bei den Christlichsozialen, stürmischer Widerspruch,
1913 1402 3101 1465 Abzugrufe bei den Sozialdemokraten. Mehrere Sozial¬
1908 1447 3172 1525 dem##aten dringen mit stürmsichen Rufen gegen den Mi=z
2212 1886 2860 1979 „Salzburger Chronik“
1941 1997 3127 2067 nistertisch vor und schlagen heftig auf denselben. Lang an¬
1942 2035 3132 2117 haltender Lärm und großer Tumult. Vor der Minister¬
1936 2090 3124 2161 bank kommt es zu stürmischen Auseinandersetzungen. Die
1935 2141 3129 2216 Ordner bemühen sich, die heftig aneinander geratenen Ab¬
1940 2186 2419 2249 geordneten zu trennen.)
2001 2233 3130 2314 Nachdem sich der Lärm einigermaßen gelegt hat, spricht
1939 2280 3134 2361 Präsident Weiskirchner sein tiefstes Bedauern über
1931 2334 3124 2398 diesen unqualifizierbaren Vorgang aus und erteilt eine
1941 2381 3133 2460 Reihe von Ordnungsrufen. Der christlichsoziale Abgeordnete
1934 2431 3128 2503 Volker billigt den Standpunkt des Ministers und ver¬
1941 2485 3125 2548 wies darauf, daß auch in München und Berlin der „Rei¬
1941 2534 3138 2609 gen“ verboten wurde. Abg. Seitz nahm in scharfer Weise
1938 2578 3123 2657 Stellung gegen den Minister des Innern und kündigte den
1941 2625 3127 2692 entschiedenen Widerstand der Arbeiterschaft gegen jede
1938 2675 3120 2748 Verletzung der Verfassungsrechte Wiens an. (Lebhafter
1930 2725 3119 2785 Beifall bei den Sozialdemokraten, andauernde Zwischen¬
1932 2784 3127 2841 rufe bei den Christlichsozialen.) Abg. Dr. Bauer ver¬
1924 2823 3129 2883 langt den Ordnungsruf auch für den Minister, der mit
1927 2876 3114 2945 einer deutlichen Spitze gegenüber der Kritik der sozialdemo¬
1931 2923 3111 2983 kratischen Partei gesagt habe, er überlasse das Urteil dar¬
1928 2968 3127 3046 über allen anständigen Menschen. Abg. Seitz unterstützt
1927 3019 3118 3093 dieses Verlangen, das jedoch vom Vorsitzenden Präsidenten
1927 3065 3120 3144 Dr. Dinghofer unter lebhaften Zwischenrufen abgelehnt
1922 3113 2033 3183 wird.
1997 3140 3111 3234 Die nächste Sitzung wird im schriftlichen Wege bekannt¬
1923 3222 2099 3297 gegeben.
2219 3269 2812 3372 Der „Reigen“ im Landtage.
1989 3338 3117 3424 KB. Wien, 11. Februar. In der heutigen Sitzung des
1921 3396 3108 3468 Landtages kam es zu stürmischen Szenen zwischen Sozial¬
1921 3451 3116 3523 demokraten und Christlichsozialen, wobei letztere mit den
1927 3501 3111 3568 Pultdeckeln Lärm schlugen. Landeshauptmann und Bür¬
1924 3552 3106 3615 germeister Reumann erklärte, nichts werde ihn dazu
1921 3604 3107 3673 zwingen, die Aufführung des „Reigens“ zu verbieten. Er
1919 3640 3115 3706 lasse die Verfassung der Stadt Wien nicht schänden, er
1920 3694 3106 3753 werde von seinem Rechte nicht abweichen. Schließlich wurde
1919 3745 3112 3801 ein Antrag Kunschak, den Sachverhalt zu prüfen und dem
1923 3794 3041 3865 Gemeinderat hierüber Bericht zu erstatten, abgelehnt.
1920 3840 3105 3905 Die heutige Aufführung des „Reigen“ in den Kammer¬
1914 3892 2587 3957 svielen blieb ohne jede Störung.
1948 3939 2099 4044 —
3137 405 3175 463 d
3144 455 3183 513 C
3141 556 3184 614 3
3141 610 3177 659 p
3144 652 3194 706 5
3144 700 3191 764 E
3142 758 3190 805 u
3141 799 3190 857 di
3141 895 3181 952 E
3142 1048 3180 1102 st
3138 1218 3187 1298 8
