3392 4256
341 178 837 270 11. Reigen
187 1538 1093 1596 jetzt Beelzebub. Man lernte es am bärtigen
197 1577 1100 1633 ifer mancher Volkspädagogen, die, als Tugend¬
195 1618 1096 1665 ächter ins Sollegium entsandt, sinnenfrohe
204 1657 1091 1720 chtbilder mit längst geläufigen Missionsreden
192 1706 1088 1756 gleiten und viel schöne Kinder mit ihrem
204 1750 1098 1794 ortbad verschütten. Man fühlt's noch grimmi¬
199 1785 1090 1840 r an manchem Zwiespalt in der eigenen
190 1817 1097 1880 rust. Denn selbstverständlich möchte man von
188 1859 1101 1912 erzen gern manchen Kitsch vertilgen — gleich¬
201 1893 1057 1948 el, ob er tüchtig oder halb bekleidet ist!
195 1938 1088 1998 er selbst in scharfen Fällen warnt eine innere
202 1983 1086 2038 timme vor dem Präjudiz. Was heute dem
189 2016 1095 2070 rüstchen irgendeiner Lulu geschieht, wird es
202 2063 1094 2122 cht morgen mit gleichem „Recht“. Aspasiens
194 2099 1098 2160 thüllter Göttlichkeit widerfahren? Paß' auf,
196 2141 1097 2202 achtwächter! Die Tugendbündler gehen um
189 2189 1089 2242 it Einbrecherwerkzeug! Die innere Stimme
212 2227 1086 2279 vernünftig. Denn wirklich: etwa mit einer
193 2262 1089 2318 sonderen Schutzvorrichtung gegen die Wißbe¬
192 2303 1097 2361 erde der Jugendlichen versehen, reichen
200 2349 1094 2403 ebürgerlichen Gesetze gegen den roheren Un¬
190 2384 1093 2443 g gerade aus. Man soll dem Teufel nicht den
192 2433 1094 2465 einen Finger einer verschämten Zensur bie¬
185 2460 1093 2534 n; Beelzebub packt unverschämt die ganze
192 2502 287 2555 and!
595 2536 638 2589 *
188 2593 1079 2661 Aber die ernste Angelegenheit beginnt erst
184 2649 1086 2712 inseits des Films. Bei der Theater=Zensur.
193 2700 1079 2750 eginnt? Da hat sie doch zu sein Rechtens auf¬
198 2732 1082 2788 hört! Wir haben in Deutschland nach dem
187 2770 1079 2832 illen der Verfassung eine Theaterzensur nicht
202 2811 1092 2863 hr. Sie ist, nach einem jahrhundertelangem
193 2851 1080 2907 ingen des geistigen Deutschlands mit dem Au¬
188 2890 1081 2945 ritätsstaat, des Geistes von Weimar mit dem
195 2929 1085 2985 eiste von Potsdam, den alten Hoheitsrechten
213 2972 1077 3033 die Gruft gefolgt. Sie ist begraben. Soll ich
191 3013 1083 3067 er gleich gewissen Literarhistorikern einen To¬
187 3049 1078 3113 nausgraben, um ihn mit aller Kunst der Kri¬
186 3089 680 3153 noch einmal zu henken?
181 3130 1075 3207 Aber — ist die Theaterzensur auch wirklich be¬
187 3178 314 3229 aben?
181 3221 1085 3291 Am Tag vor Weihnachten hat sich in Berlin
192 3276 1072 3335 eignet, was hier den Akten der Zeitgeschichte
186 3306 444 3369 eraeben sei:
1038 182 1426 267 box 18/1
1185 1545 2081 1606 Im „Kleinen Schauspielhaus“ — Di¬
1156 1583 2086 1649 rektion Gertrud Eysoldt und Maximilian Sla¬
1259 1639 1302 1671 —
1319 1632 2071 1675 war die Uraufführung von Arthur
1162 1671 2072 1724 Schnitzlers „Reigen“ für den 23. Dezember
1146 1712 2071 1760 angekündigt. Wer nicht fremd ist in der Litera¬
1161 1755 2082 1806 ur der letzten 30 Jahre, ist vertraut mit dem
1156 1792 2083 1846 feinnervigen und skeptischen Wiener — dem
1155 1833 2070 1882 Europäer. Weiß auch, daß Schnitzler, der me¬
1161 1874 2078 1919 ancholische Philosoph der Erotik, mit seinen
1154 1918 2074 1961 zarten Fingern letzte Schleier von der Tragi¬
1145 1956 2073 2010 komödie der Geschlechter hebt, anmutig und doch
1154 1993 2072 2044 schonungslos, lächelnd und ernst. Die Grazien
1148 2037 2065 2080 und der Weltgeist machten ihn zum österreichi¬
1156 2071 2064 2127 schen Bruder (nicht etwa zum Nachkommen!)
1150 2117 2080 2162 Maupassants, des Franzosen. Jener Sünder
1153 2158 2077 2208 oder Tor, der Schnitzler — in einseitiger bedenk¬
1146 2191 2078 2238 licher Genußfähigkeit oder in zelotischer Blind¬
1238 2233 1309 2276 —
1153 2234 1216 2283 heit
1322 2239 2070 2294 einen Pornographen schilt, er muß
1156 2276 2064 2325 Shakespeare, den schlechten Kerl, für die Meu¬
1153 2315 2070 2370 helmorde Richards III. verantwortlich machen!
1150 2354 2066 2412 Auch den „Reigen“, die zehn erotischen Szenen,
1151 2395 2063 2453 kennt man seit länger als 20 Jahren . .. In
1142 2439 2064 2490 der alten Welt (vor 1918) war nicht nur die Auf¬
1152 2477 2068 2531 führung, nein, zeit= und ortsweilig auch das
1152 2517 2076 2572 Buch verboten. Um so heftiger fand es Verbrei¬
1147 2557 2074 2608 tung. Kam selbstverständlich auch in die Hände
1146 2603 2075 2642 vieler, die dem Besinner der Natur (siehe Scho¬
1145 2645 2066 2686 penhauer über den tückischen Knalleffekt der
1138 2681 2079 2728 Natur!) nicht nachzusinnen, ihm nur Sinnlichkeit
1144 2725 2068 2778 abzuschmeicheln imstande waren. Was will es
1149 2757 1304 2807 sagen?
1326 2759 2069 2816 Manches Blatt in Goethes Werken
1152 2803 2072 2857 erhitzt menschliche Kaninchen! Nicht so borniert,
1138 2842 2072 2888 wie es auf den ersten Blick scheinen will, waren
1143 2881 2074 2933 die Religionslehrer, die den Urtext der Bibel
1147 2920 2072 2977 breiten Volkskreisen vorenthielten. Aber in
1147 2959 2064 3016 der Kunst geht es nicht mit dem Verbergen.
1144 3001 2072 3057 Kämen um der Anfälligen und Kranken willen
1140 3042 2063 3089 die Gesunden zu Schaden. Müßten um der Ar¬
1144 3082 2074 3126 men im Geiste willen alle glücklichen Geister ins
1134 3122 2077 3169 geistige Armenhaus. Vom Theater forderte der
1138 3167 2074 3205 alte Lessing, wahrhaftig ein Erzieher des Men¬
1137 3200 2072 3252 schengeschlechts, daß es allwöchentlich Aufführün¬
1140 3246 2062 3295 gen nur für reife Männer veranstalte; damit
1139 3286 2073 3334 nicht durch Prüderie und Verlogenheit die dra¬
1137 3326 2063 3379 matische Kunst auf den Hund komme. Rücksicht
2136 1545 3061 1592 auf weibl. Ueberverschämtheit ist heute überflüs¬
2138 1587 3057 1644 sig; von Lessings Meinung bleibt der Finger¬
2133 1638 3069 1678 zeig: das ernste Theater ist kein Erziehungs¬
2136 1663 3063 1723 institut für Backfische! Im übrigen gebe sich
2127 1706 3068 1754 jeder Vater selbst die Mühe, Bücher und Schau¬
2133 1748 2873 1798 spiele für seine Kinder auszuwählen.
2178 1786 3066 1844 Schnitzlers zehn Szenen, zum „Reigen“ ge¬
2138 1875 3065 1922 durchaus geistig destilliert, selbstverständlich ohne
2140 1918 3065 1960 chmierige Spekulation, vielmehr mit ernster
2138 1955 3065 1999 Würde und heiterer Grazie vorgeführt, also von
2125 1998 3068 2048 künstlerischem Adel. Daß kniffliche Bureaukra¬
2140 2037 3058 2087 en, die nebenbei einer bestimmten Stelle eine
2129 2076 3068 2125 privatrechtliche Gefälligkeit zu erweisen beflis¬
2134 2158 3059 2212 chen „Unzüchtig“ anhängten, das war eine schlim¬
2129 2199 3057 2243 mere Blamage, als die Verschandelung ewig¬
2131 2238 3058 2296 schöner Menschlichkeit durch die berüchtigten Fei¬
2125 2274 3055 2325 genblätter! In der Tat: auf einem Neben= und
2135 2317 3058 2368 Schleichweg wollte der alte Unhold an den Geist
2128 2358 3066 2398 und an die Kunst heran, und, obwohl es in
2130 2395 3068 2447 Deutschland eine Theaterzensur nicht mehr gibt,
2123 2437 3055 2481 vinkulierten behördliche Helfershelfer auf Grund
2124 2476 3060 2533 eines deutbaren Vertragsparagraphen ein rich¬
2119 2514 2521 2574 tiges Zensurverdikt.
