3436 4224
351 158 489 250 11.
1058 155 1464 242 box 18/2
531 173 854 255 gen
658 919 1480 1054 Hamburger Cerrespondent.
1141 1174 1511 1291 19 MA12
767 1397 1530 1492 Sittliche Gesundung.
610 1460 1780 1524 Seit einiger Zeit ist in der breiten Oeffentlichkeit der Lärm
496 1524 1780 1575 verstummt, der sich an den Prozeß um den „Reigen“ und
533 1548 1775 1611 ähnliche Vorkommnisse knüpfte. Der Tanz kälin äder jeden
534 1601 1770 1644 Augenblick von neuem sosgehen. Daher ist es gerade in einem
535 1640 1769 1692 Augenblick der Ruhe angebracht, sich zu überlegen, wie man sich
537 1680 1772 1727 zu der Behandlung solcher Fragen stellen soll, um nicht in den
546 1719 1773 1768 Strudel der Meinungskämpfe willenlos hineingezogen zu
544 1755 1767 1803 werden. Einen vortrefflichen Leitfaden bieten dafür die Ge¬
552 1799 1772 1845 danken, die Abg. Dr. Luther im Reichstag als Redner der
545 1838 1771 1898 Deutschen Volkspartei vor kurzem darüber zum Ausdruck ge¬
533 1875 744 1941 bracht hat.
619 1896 1782 1971 Er bedauerte es, daß der Reichskunstwart Dr. Redslob eifrig
542 1936 1769 1998 beflissen ist, sich als besonders moderner Mann bei gewissen
539 1996 1770 2051 Kreisen in empfehlende Erinnerung zu bringen, und fuhr dann
543 2032 641 2099 fort:
627 2054 1776 2119 „Wir wünschen, daß der Reichskunstwart Bedacht dar¬
535 2096 1773 2159 auf nimmt, keine hypermoderne Richtung durch seine Arbeiten
544 2148 1778 2195 zu fördern, sondern mit vornehmer Objektivität und mit gleichem
545 2193 1774 2242 Recht für alle Entwicklungsmomente moderner und alter Kunst
546 2226 982 2281 in Obacht zu nehmen.
984 2230 1778 2274 Gewiß liegt es mir unendlich fern, der
550 2268 1774 2313 Kunst, auch der modernen Kunst, irgendeine Zwangsjacke anzu¬
549 2307 1780 2356 ziehen; ich weiß sehr wohl, daß die Kunst der Freiheit bedarf.
554 2350 1780 2398 Aber wir haben auf Grund von allerlei Vorgängen der letzten
549 2385 1785 2441 Zeit einen gewissen Anlaß, keinerlei Einseitigkeit eintreten zu
549 2417 1784 2473 lassen. Wir bitten auch energisch darum, daß der Herr Reichs¬
546 2464 1782 2510 kunstwart sich möglichst wenig mit den Kunstprozessen moderner
547 2502 1786 2559 Art beschäftigt. Vor einigen Wochen ist uns ein Gutachten eines
552 2541 1785 2588 seiner Assistenten über den verbotenen „Venuswagen“ vor¬
543 2579 1782 2632 gelegt worden. In diesem Gutachten war eine merkwürdige
542 2620 1780 2666 Linie gezogen, indem davon gesprochen wurde, der „Venus¬
542 2660 1772 2702 wagen durfe nicht vom Standpunkt der Ethik oder gar der
546 2698 1781 2755 Religion beurteilt werden, sondern man müsse als Vollmensch
546 2742 1777 2791 eine Verständnis für diese Sammlung von Zoten haben. Ich
549 2773 1774 2822 möchte mit aller Deutlichkeit sagen, daß wir uns keineswegs auf
548 2817 1778 2865 diese Linie gedrängt sehen mochten. Wir bleiben dabei, daß auch
545 2851 1780 2897 die Kunst sich den alten, kraftvollen sittlichen Anschauungen
547 2895 1779 2944 fügen muß, wie sie auf dem Boden des Christentums und des
547 2924 1109 2991 Deutschtums gewachsen sind.
630 2951 1775 3019 Dr. Luther benutzte die Gelegenheit, um zu sagen, daß er
548 3015 1779 3060 nicht der Meinung sei, als sollte mit einer großen Geste über all
550 3047 1782 3097 die gemeine Erotik, über den geistlosen Schund und die lüsterne
545 3088 1778 3133 Gemeinheit hinweggegangen werden, als erledigten sich diese
547 3125 1779 3172 Dinge alle von selbst in der Entwicklung der Kultur. Im Gegen¬
547 3169 1777 3222 teil, schärfster Gegensatz gegen diese tausendfachen Gemeinheiten,
556 3205 1784 3247 die als ein ausländischer Krebs an dem Mark unseres Volks¬
554 3245 1780 3299 lebens zehren, sei notwendig. Nach links gewandt, fuhr er fort:
622 3289 1788 3337 „Wir müssen es uns verbitten, wenn behauptet wird als sei
532 3307 1790 3388 dieser Schmutz und dieser Schund und alle die Lüsternheit mo¬
1835 1391 3064 1448 derner Zivilisation nur in gewissen Kreisen zu denen wir ge¬
1829 1435 3068 1481 hören, üblich. Wer die Augen auf hat, der sieht, daß nicht bloß
1839 1474 3059 1517 in den gebildeten und in den besitzenden Schichten unseres
1835 1514 3072 1566 Volkes, sondern ebenso gut auch in der Arbeiterklasse nicht bloß
1842 1548 3071 1602 der Großstadt, sondern auch in kleinen Städten, auf dem Lande
1830 1594 3062 1642 eine Weitherzigkeit gegenüber den sittlichen Forderungen des
1843 1632 3054 1686 Lebens besteht, die kaum überboten werden kann. Die Wahr¬
1832 1669 3055 1715 heit erfordert zu sagen, daß in allen Schichten eine tief bedauer¬
1832 1708 3069 1757 liche Liebe zum Schmutz, zur Erotik, zur sittlichen Gemeinheit
1836 1750 2094 1801 vorhanden ist
2090 1755 3067 1799 ... Wir wollen ehrlich und ernst sagen, daß wir
1841 1793 3068 1843 in einem Staate, der seine kulturellen und sittlichen Aufgaben
1832 1867 3062 1912 treiben läßt, sondern daß man mit lebhaftester Energie ein¬
1832 1906 3062 1957 schreitet. Ich nehme keinen Anstand, meinerseits zu sagen, daß
1841 1946 3061 1990 wir Professor Brunner und dessen Mitarbeitern sehr dank¬
1842 1982 3070 2028 bar sind, daß es ihnen gelungen ist, vieles aus dem Straßen¬
1844 2024 3064 2070 leben zu beseitigen, was uns in Berlin schwer gekränkt hat. Wer
1845 2064 3075 2113 sich daran erinnert, wie am Potsdamer Platz so gut wie in
1831 2106 3067 2155 Moabit Zeitschriften mit schreienden Ueberschriften wie „Bordelle
1837 2147 3047 2196 am Kurfürstendamm", „Ueber moderne Ehe und freie Liebe
1841 2221 3063 2271 schriften in den Zeitungskiosken verkauft worden sind, die alle
1839 2267 3077 2318 auf unsere Jugend vergiftend wirken, der muß diesem Mann
1838 2300 3076 2349 danken, der nichts anderes getan hat, als eine ernste, tief sitt¬
1842 2336 3064 2384 liche Pflicht zu erfüllen. Ich kann auch für mich und im Namen
1836 2377 3075 2421 meiner Freunde nur bitten, daß uns die Regierung sehr bald
1844 2412 3076 2458 den Gesetzentwurf gegen den Schmutz in Wort und Bild vor¬
1838 2455 2893 2497 legt und keine Gelegenheit # übergehen läßt, um
2891 2451 3078 2513 sich der
1842 2488 3069 2543 Pflicht, die sie nun einmal hat, zu erinnern. Wir sind über¬
1843 2529 3078 2582 zeugt, daß alles Blühen und Auferstehen unserer Wirtschaft
1845 2576 3072 2622 nicht genügt, sondern daß, wenn das deutsche Volk eine Zukunft
1839 2613 3079 2663 haben will wir dafür sorgen müssen, daß es gesund und rein
1839 2653 3078 2709 an Leib und Seele ist. Ich bitte namens meiner Freunde energisch
1837 2693 3067 2741 darum, daß für diese Sauberheit im deutschen Land, an der
1839 2736 3075 2798 es unsagbar mangelt, auch von der Regierung ernstlich gesorgt
1842 2769 1953 2833 wird.“
