3436 4224
272 130 791 238 11. Reigen
970 135 1382 226 box 17/1
2266 434 2876 498 Kurze Anzeigen: Ottmann, Wei
1862 443 1964 497 513
1841 557 2821 617 Sprache Schnitzlers befleißigen können. So sehe ich
1844 609 2821 655 denn in ihr nicht ein Zeichen des Verfalls, sondern einer
1847 645 2336 692 hohen persönlichen Kultur.
2363 643 2823 699 Und da sich unsere Kultur
1838 685 2812 734 hauptsächlich in verdrehten Möbeln auslebt, die kein
1844 727 2814 775 Mensch am Alltag benutzen kann, freut es mich ganz
1845 763 2828 824 besonders, daß ein Poet von Geschmack sich seiner
1841 805 2816 852 Muttersprache annimmt, sie vornehm handhabt und zu¬
1839 847 2809 893 gleich noch um Ausdrucksmittel bereichert. Im „Reigen“
1848 885 2822 933 haben wir ein wichtiges Kulturdokument unserer Epoche,
1850 922 2820 972 weil es unverfälscht die besondere Art eines ihrer fort¬
1846 958 2321 1013 geschrittensten Glieder zeigt.
1926 994 2821 1052 Ferner erscheint mir diese Arbeit des Dichters be¬
1854 1019 2819 1083 sonders wertvoll wegen der subtilen Psychologie, die hier
1847 1072 2821 1124 so überaus sicher gehandhabt wird, und wegen des leise¬
1854 1116 2815 1160 bitteren Nachgeschmacks, den sie hinterläßt. Kein großes
1845 1155 2828 1204 starkes Werk, wohl aber ein außerordentlich feines, leichtes,
1846 1202 2362 1258 wie wir es lange nicht sahen.
2575 1232 2762 1289 Kurt Aram.
1911 1241 2055 1292 München.
1928 1300 2821 1360 Die Pantheon=Ausgaben des Verlages S. Fischer
1853 1355 2820 1401 in Berlin haben sich neuerdings um zwei weitere Bändchen
1849 1391 2822 1442 in der üblichen reizenden Ausstattung dieser Sammlung
1853 1432 2827 1475 von Liebhaber=Drucken bereichert: Goethes „Faust“,
1853 1472 2826 1524 II. Teil (Preis M. 3,—) und Grillparzers Schauspiel
1856 1516 2824 1559 „Des Meeres und der Liebe Wellen“ (M. 2,50). Den
1848 1550 2824 1602 zweiten Teil des „Faust“ hat gleich dem ersten Otto Pniower
1844 1597 2824 1637 mit einer gründlichen und fein durchdachten Einleitung
1851 1635 2830 1677 versehen. Grillparzers Liebestragödie leitet ein Vorwort
1850 1664 2827 1711 von Hugo von Hofmannsthal ein, das mehr ein Gedicht
1854 1705 2827 1762 in Prosa ist und wohl auch sein will, als eine litterarische
1856 1749 1989 1804 Studie.
2725 1764 2767 1802 *#
2903 1805 2941 1862 3
2220 1833 2460 1897 (Verschiedenes.
1843 1882 2827 1945 Von Marokko nach Lappland. Von Victor Ottmann.
2903 1934 2950 1977 w
1892 1934 2826 1977 Berlin und Stutigart, Verlag von W. Spemann.
1887 1975 1988 2027 M. 3,
1933 2015 2840 2065 Als lebensfreudiger Weltmann mit warmem Herzen
1846 2052 2832 2099 und offenen Augen für die Schönheiten der Erde, als
1851 2097 2842 2145 feiner, anmutiger Stilist, der das Instrument der Sprache
2417 2252 2954 2366 Die meistgelesen
2598 2351 2969 2430 (Herbst 1902 bis Hé¬
1887 2433 2962 2491 UInsere diesjährige Umfrage nach den meistgelesenen belletristi
1859 2461 2966 2516 Ge größeren Leihbibliotheken und Lesezirkeln beantwortet. Wir h
1852 2510 2942 2559 und Lesehallen um Auskunft gebeten und sie von solchen aus
1857 2548 2966 2593 Straßburg, Stuttgart. Wien erhalten. Unsere Frage lautete wi
1858 2589 2964 2642 Jahres. Wo uns mehr Werke genannt wurden, mußten wir nat
1864 2620 2965 2672 rüher regelmäßig getroffenen Einschränkung, daß wir Autorer
1861 2665 2971 2718 dreimal vorkamen, wegfallen ließen, um das Bild nicht unnö
1855 2704 2978 2763 unserer Aufstellung nicht figurieren, gehören u. a. Heer, Megede
1858 2742 2711 2802 Die einzelnen Antworten ergaben folgende Liste:
2553 2806 2983 2874 Harau (J. J. Christen (C
1839 2806 2468 2875 Hachen (J. A. Mayersche Buchh.)
2630 2859 2986 2909 Freussen, Jörn Uhl.
1920 2856 2440 2906 Beyerlein, Jena oder Sedan?
2635 2896 2962 2941 Heyking, Briefe 2c.
1920 2898 2201 2945 Freussen, alles.
2632 2930 2962 2977 Rosegger, Weltgift.
1928 2919 2477 2986 Heyking, Briefe, die ihn nicht
2630 2959 2984 3020 Zahn, Albin Inderga
1918 2996 2290 3046 Mann, Buddenbrooks.
2547 2999 2996 3066 Allenstein (W. E. Hari
1929 3028 2404 3085 Viebig, Vom Müllerhannes.
2632 3052 2984 3103 Beyerlein, Jena od
1924 3061 2178 3118 (Otto Müller)
2640 3094 2976 3137 Freussen, Jörn Uhl
1925 3102 2437 3148 Beyerlein, Jena oder Sedan?
2635 3124 3000 3176 Kahlenberg, Nixchen
1920 3140 2276 3194 Freussen, Jörn Uhl.
2639 3158 2988 3208 Reicke, Das grüne Hi
1920 3175 2259 3222 Heyking, Briefe 2c.
1928 3211 2213 3261 Ompteda, alles.
2554 3228 2994 3291 Hltona (Altonaer Leihbi
1924 3245 2156 3292 Viebig, alles.
1926 3267 2480 3339 (M. Jacobis Nachf., Schurp &
2635 3278 3002 3331 Adlersfeld=Ballestr
2635 3320 2995 3369 Beyerlein, Jena ode
1985 3317 2206 3367 Schumacher):
2887 3355 2997 3414 Die 2
2629 3355 2815 3401 Eschstruth
1920 3357 2439 3401 Beyerlein, Jena oder Sedan?
2677 3388 2853 3437 Hohen=Esp.
1917 3383 2481 3445 Freussen, Jörn Uhl; Die drei
1971 3426 2121 3469 Getreuen.
2629 3415 2899 3468 Frenssen, alles
2883 3452 2981 3501 Schloß
2627 3462 2877 3506 Ganghofer,
1929 3453 2255 3498 Heyking, Briefe 2c.
2685 3489 2936 3537 Der Dorfapostel.
1917 3492 2289 3537 Mann, Buddenbrooks.
2626 3525 2968 3588 Heyking, Briefe 2c.
1925 3527 2315 3588 Strauß, Freund Hein.
