3532 4192
414 110 522 199 11
1106 130 1525 212 box 18/2
608 131 924 221 igen
789 1210 1736 1275 e Zchrreiche Calgaben, Entrüstungserklä¬
549 1246 1734 1312 rungen, Auffurderungen zum Einschreiten usw. an die Staats¬
546 1299 1747 1377 anwaltschaft gerichtet worden, die den Erfolg gehabt haben, daß
542 1338 1736 1402 nunmehr gegon Frau Gertrud Cyfold, den Direktor Maximilian
548 1379 1734 1447 Sladak, den Spielleiter Hubert Reusch und die bei der Auf¬
548 1421 1733 1478 führung mitwirkenden neun Schauspieler und Schau¬
548 1463 1723 1541 spielerinnen die Anklage erhoben worden ist. Letztere werden
546 1505 1717 1582 beschuldigt, seit dem 22. Juni 1921 durch unzüchtige Hand¬
1729 1536 1776 1575 112
535 1545 1755 1606 lungen fortgesetzt ein Aergernis gegeben zus
531 1585 1733 1666 haben. Frau Cyfoldt und Direktor Sladek stehen unter der
526 1627 1780 1710 Annklage, die angeklagten Schauspieler durch Gewährung vonger
532 1670 1776 1759 Vorteilen, Mißbrauch der Gewalt oder andere Mittel###
534 1721 1716 1778 zu den strafbaren Handlungen vorsätzlich bestimmt zu haben.
1740 1750 1790 1797 *
524 1755 1712 1831 Der Regisseur ist der Beihilfe beschuldigt. Termin zur Hauptver¬
533 1798 1717 1873 handlung ist auf den 5. November vor der 6. Strafkammer des
518 1839 1717 1917 Landgerichts Ill angesetzt. Seitens der Staatsanwaltschaft sind unge¬
530 1881 1716 1957 fähr 36 Zeugen und Sachverständige geladen, darunter Regierungs¬
515 1919 1719 1999 rat Professor Dr. Brunner. Geheimer Regierungsrat Professor
513 1963 1705 2039 Dr. Faßbender, die Reichstagsabgeordnete Frau Teusch, Re¬
516 2021 1706 2080 gierungs= und Baurat Biermann, Curatus Wienken, mehrere
511 2056 1128 2111 Lehrer und Lehrerinnen usw. usw.
575 2096 1695 2157 Die Verteidigung der Angeklagten haben Justizrat Dr. Rosen¬
505 2111 1707 2208 berger und Rechtsanwalt Wolfgang Heine übernommen. Diese
512 2167 1447 2238 haben ihrerseits gleichfalls zirka 30 Zeugen
1460 2186 1701 2239 und Sach¬
514 2208 1699 2282 verständige geladen, darunter mehrere Tageskritiker, als Sach¬
511 2245 1512 2311 verständiger Dr. Max Osborn Professor Klaar,
1512 2259 1699 2315 den Sach¬
516 2286 1691 2351 verständigen der Genossenschaft der Deutschen Bühnenangehörigen,
514 2317 1697 2391 Emil Lied. Auch ein Musiksachverständiger soll vor¬
518 2359 1691 2427 geladen werden, do die Staatsanwaltschaft behauptet, daß die
508 2392 1698 2486 Paufe durch eine Musik ausgefüllt wird, die durch ihren
504 2426 1155 2496 Rhythmus anstößig wirke.
2139 1122 2920 1226 Rioie & Seidel
2169 1213 2916 1316 Bureau für Zeitungsausschnitte
2166 1286 2923 1389 Berlin NO. 45, Georgenkirchplatz 21!
2546 1424 2872 1554 WOrs-2te
2137 1542 2346 1617 Zeitung
2366 1547 2874 1695 ZinSnnnian
2146 1650 2352 1717 Ort: —
2903 1748 2966 1785 —
2152 1754 2407 1832 Datum: 1#
2391 1800 2801 1905 Z.NOV 100
2278 1888 2911 2004 Der neue „Reigen“=Prozeß
2111 1959 3066 2046 Die Aufführung von Schnitzlers „Reigen“,
2090 2004 3060 2085 die bereite mehrmals Gegenstand gerichtlicher Er¬
2104 2039 3060 2124 örterunges gewesen sind, werden nun auch, wie schon
2097 2075 3062 2160 kürzlich“ angekündigt, das Strafgericht beschäftigen.
2094 2115 3053 2192 Infolgs gon Eingaben, Entrüstungserklärungen, Auf¬
2100 2158 3046 2238 forderigen zum Einschreiten usw. an die Sieats¬
2100 2198 3044 2271 anwaltschaft in Berlin ist die Anklage gegen Frau
2097 2231 3043 2310 Gertrud Eysoldt, Direktor Maximilian Sladek,
2087 2263 3045 2354 den Spielleiter Hubert Reusch und die bei der Auf¬
2083 2304 3046 2395 führung mitwirkenden 9 Schauspieler und Schau¬
2085 2347 3046 2431 spielerinnen erhoben worden, die beschuldigt werden,
2088 2387 3034 2471 seit dem 22. Juni 1921 durch unzüchtige Handlunge
2093 2433 2939 2502 ortgesetzt ein Aergernis gegeben zu haben.
2944 2458 3045 2513 Frei
2085 2464 3040 2541 Eysoldt und Direktor Sladek stehen unter der An¬
2082 2499 2188 2552 klage,
2187 2507 2938 2581 die angeklagten Schauspieler durch
2977 2538 3048 2589 Ge¬
2079 2548 3036 2622 währung von Vorteilen, Mißbrauch der Gewalt oder
2078 2581 3030 2664 andere Mittel zu den strafbaren Handlungen vorsätz¬
2075 2618 3034 2693 lich bestimmt zu haben. Der Spielleiter ist der Bei¬
2068 2659 3043 2746 hilfe beschuldigt. Termin zur Hauptverhandlung ist
2068 2699 3034 2781 auf den 5. d. M. vor der 6. Strafkammer des Land¬
2076 2734 3030 2816 gerichts IlI in Berlin angesetzt. Seitens der Staats¬
2075 2780 3028 2858 anwaltschaft sind 36 Zeugen und Sachverständige ge¬
2080 2810 3025 2888 aden, darunter Reg.=Rat Pros. Dr. Brunner, Geh.
2065 2849 3028 2936 Reg.=Rat Pros. Dr. Faßbender, die Reichstagsabge¬
2067 2893 3030 2963 ordnete Frau Teusch, Regierungs= und Baurat Bier¬
2065 2932 2371 2984 mann, Kuraius
2368 2946 3021 3006 Wienken, mehrere Lehrer und
2065 2966 3035 3060 Lehrerinnen usw. Die Verteidigung der Angeklagten¬
2049 3043 3014 3114 haben Justizrat Dr. Rosenberger und R.=A. Wolfgang
2047 3094 2998 3147 Heine übernommen. Diese haben ihrerseits gleichfalle
2060 3140 2809 3189 etwa 30 Zeugen und Sachverständige
2824 3142 3006 3194 geladen,
2049 3173 3008 3233 darunter mehrere Kritiker als Sachverständige, Dr.
2058 3207 2996 3261 Max Osborn, Prof. Dr. Klaar und den Sachver¬
2061 3247 3004 3301 ständigen der Genossenschaft Deutscher Bühnenange¬
2054 3287 2999 3347 höriger Emil Lind. Auch ein Musiksachverständiger
2053 3325 3009 3385 soll vorgeladen werden, da die Staatsanwaltschaft
2043 3367 2999 3434 behauptet, daß die Pause durch eine Musik ausgesüllt
2044 3405 2997 3460 worden sei, die durch ihren Rhythmus anstößig ge¬
2042 3441 2259 3500 wirkt habe.
