3484 4384
1053 184 1472 263 box 17/2
364 183 873 275 11. Reigen
569 1111 1355 1199 Dr. Max Goldschmidt
703 1190 1221 1275 „  Bureau für
725 1264 1208 1345 Zeitungsausschnitte
478 1311 1453 1398 verbunden mit direktem Nachrichtendienst durch
734 1382 1203 1455 eigene Korrespondenten.
1024 1440 1403 1502 Telephon: III, 3051.
545 1453 861 1531 Berlin N. 24.
478 1476 1477 1554 —
770 1559 1171 1644 Ausschnitt aus
803 1892 1186 2007 Ger Tag, Berkn
940 2140 1250 2246 4- DFZ. 903
570 2273 1401 2379 Der akademisch=dramatische Verein in
518 2308 1393 2416 München ist wegen der Aufführung von Schnitzlers
527 2363 1394 2463 „Reigen“ aufgelöst worden. Die Angsburger
520 2396 1123 2478 Gpeaftung bemeit dam.
625 2439 1380 2538 „Der auch in der Presse zum Ausdrucke ge¬
550 2465 1388 2570 kommenen Ansicht, es würde eine einstliche Ver¬
555 2516 1376 2607 warnung des Vereins für die begangene grobe
542 2551 1384 2656 Geschmacksverirrung genügen, hat sich der Senat
541 2588 1373 2687 also nicht angeschlossen, sondern die Auflösung
547 2627 1375 2717 des Vereins für notwendig erachtet, um der
534 2664 1370 2761 Wiederholung ähnlicher Mißgriffe ein für allemal
537 2708 1363 2799 vorzubeugen. Wenn wir auch das Vergeben des Ver¬
531 2740 1362 2832 eins in Anbetracht seiner sonstigen unbestrittenen
535 2782 1365 2880 Verdienste, die sogar einliterarisch und künstlerisch
531 2815 1367 2917 fortgeschrittener Amtsbruder des Herrn Dr.
540 2855 1363 2957 Schädler uns gegenüber anerkannte, lieber etwas
534 2899 1358 2991 milder beurteilt geseben hätten, so ist doch die
520 2938 1355 3033 über ihn verhängte Maßregel nicht unverdient,
526 2980 1358 3072 vor allem aber dürfte sie dazu beitragen, etwaige
521 3013 1355 3110 Gründer eines Ersatzvereins für den auf¬
524 3056 1354 3147 geflogenen „Akademisch Dramatischen“ zur Vor¬
519 3092 1348 3188 sicht zu mahnen und besonders sie anzutreiben,
513 3126 1348 3227 ihren Ehrgeiz in der Betätigung auf einem
519 3170 1353 3264 ernsten literarischen Gebiete zu suchen, dessen
519 3203 1340 3293 Pflege studierenden jungen Leuten besser an¬
514 3244 1337 3350 steht als die Sucht, den „Elf Scharfrichtern
501 3286 924 3372 Konkurrenz zu machen.“
2056 1097 2827 1189 Dr. Max Goldschmidt
2121 1179 2751 1268 „   Bureau für
2186 1257 2674 1339 Zeitungsausschnitte
1957 1313 2919 1391 verbunden mit direktem Nachrichtendienst durch
2189 1375 2676 1445 eigene Korrespondenten.
2499 1422 2869 1503 Telephon: III. 3051.
2013 1444 2328 1518 Berlin N. 24.
1954 1494 2721 1545 —
2227 1541 2649 1626 Ausschnitt aus
2148 1838 2751 1966 Neue treie Presse, Wien
2304 2113 2375 2206 52
1977 2171 3024 2263 [Ein neuer literarischer Verein in München.]
1890 2231 3034 2315 Aus München wird uns berichtet: Der wegen Aufführung
1894 2290 3035 2376 von Schnitzlers „Reigen“ dieser Tage vom Universitätssenat
1890 2329 3033 2405 aufgerse##abemischsbrämärische Verein, dessen Vorstand übrigens
1893 2373 3032 2460 auch noch eine ernste Rüge vom Senat erteilt wurde, erhielt
1894 2408 3019 2499 Ersatz und Nachfolge in einem soeben von alten Herren und
1893 2448 3031 2546 Ehrenmitgliedern des früheren Vereines gegründeten neuen
1880 2488 3030 2580 Verein, der die gleichen literarischen Ziele verfolgen will und den
1883 2534 3025 2630 Namen „Der neue Verein“ annimmt. Der neue Verein erhielt
1885 2583 3016 2667 auch die mehrere tausend Bände zählende Bibliothek des alten
1887 2618 2049 2683 Vereines.
1965 2674 3015 2759 [Grubenunglück.] Aus Lüttich wird berichtet:
1879 2716 3019 2798 Donnerstag abends riß das Drahtseil des Förderstuhles auf der
1872 2763 3008 2855 Zeche „Gosson Monteguée“. Zwölf Bergleute, die zur Feier des
1871 2818 3005 2892 Festtages der heiligen Barbara heitere Lieder sangen, stürzten in
1867 2845 3004 2941 die Tiefe, wo ihre verstümmelten Leichen aufgefunden wurden.
1876 2885 3007 2987 Eine Gerichtskommission besichtigte heute die Grube, um fest¬
1862 2929 2934 3022 zustellen, wen die Verantwortung für den Unglücksfall treffe.
1955 2984 3004 3075 [Eine geplünderte Bank.] Aus Johannes¬
1864 3014 3010 3112 burg wird gemeldet: Die Robinson=Bank in Randfontein
1862 3066 3010 3158 wurde von einer Bande maskierter Männer, die den Direktor
1861 3117 2999 3196 und einen Beamten kuebelten, geplündert. Den Uebeltätern fielen
1850 3150 2508 3243 3000 Pfund Sterling in die Hände.
