3484 4384
376 224 469 302 11
1060 227 1487 326 box 17/2
560 230 871 331 Reigen
566 1147 1397 1218 Bonnerstag, 26. November 1903.
514 1242 1723 1287 auf Dasein erwiesen. Im übrigen mag über den Reigen ein jeder
516 1280 1720 1349 denken wie er mag, es bleibt das Werk eines Künstlers. Sodann
515 1339 1710 1394 mag auch die Aufführung des Vereins verfehlt gewesen sein — aus
513 1378 1707 1451 ästhetischen und dramatischen Gründen. Das alles geht aber weder
517 1425 1708 1498 Herrn Schädler noch sonst jemand was an, sondern allein den Verein
515 1481 1704 1536 und seine geladenen Gäste. Kein um seine Moral besorgter Student
516 1520 1709 1597 keine Antoniusnatur, der alles Weibliche und Sinnliche zur Ver¬
507 1574 1706 1641 führung dient, brauchte hinein zu gehen. Ja selbst Herrn Schädler
509 1625 1701 1694 wäre es nicht möglich gewesen, persönlich Anstoß zu nehmen, da ihr
516 1664 887 1722 niemand dazu einlud.
579 1717 1702 1782 Schließlich ist der Akademisch=dramatische Verein kein Animierklub
504 1771 1708 1827 vielmehr hat er in eifriger und erfolgreicher Tätigkeit seit 1892 be¬
504 1818 1707 1887 wiesen, daß ihm die Pflege der Literatur eine ernste Aufgabe war.
510 1861 1708 1924 Das braucht natürlich der Bamberger Domkapitular nicht zu wissen.
581 1914 1707 1987 In den Zeiten, da unser hiesiges Theater, das Hoftheater an der
510 1956 1702 2026 Spitze, seine Pflichten gegenüber dem modernen Drama schmäh¬
508 2007 1708 2084 lich vernachlässigte, hat der Verein ihm in München Eingang ver¬
509 2057 1700 2135 schafft. Viele von den Dramen, deren hohe literarische Bedeutung
507 2110 1708 2170 heute unbestritten ist und die zum Teil Repertoirstücke der deutschen
501 2154 1696 2224 Bühne geworden sind, hat der Verein hier zuerst aufgeführt. Ich
499 2210 1702 2276 nenne von Ibsen die Gespenster, Rosmersholm, die Wildente, die jetzt
514 2254 1711 2323 endlich ihren Einzug ins Hoftheater hält, den Baumeister Solneß,
516 2297 1702 2372 Sodoms Ende von Sudermann, Einsame Menschen, die Weber, das
513 2348 1704 2420 Friedensfest von G. Hauptmann, die Jugend von Halbe, Ueber unsere
510 2400 1701 2466 Kraft I. von Björnson (erste Aufführung in Deutschland), die Fahnen¬
508 2440 1706 2510 weihe von J. Ruederer und die Salome von Wilde. Ach, was hätte
501 2499 1702 2554 Herr Schädler erst gesagt, wenn er wüßte, daß der +1 Verein anno
514 2547 1693 2613 1900 des witzigen Macchiavelli Mandragola spielte, an dem Papst
499 2585 1708 2667 Alexander VI. mitsamt seinem Hofe so großes Gefallen fand. Ich
508 2639 1693 2712 kann nicht alle die anderen interessanten Werke hier aufführen, deren
499 2697 1697 2757 Kenntnis und Genuß uns der Verein vermittelt hat. Unter den
504 2736 1692 2795 jüngeren Dichtern und Schriftstellern in München ist niemand, der
506 2788 1689 2860 hier nicht mitgewirkt hätte. Gewiß, manches war ein Versuch
500 2845 1702 2910 ein Experiment. Das war gerade das Gute daran, daß man hier
507 2887 1438 2938 alles sich erproben ließ, was etwas zu sein versprach.
586 2931 1704 3003 So hat sich denn der Akademisch=dramatische Verein um
498 2975 1689 3039 die moderne Literatur „wohl verdient“ gemacht, wir die
496 3029 1695 3103 Münch. Post seit Jahren hervorgehoben hat. Diese Literatur mag so
498 3090 1689 3147 gut und schlecht sein wie sie will, sie ist die Literatur, mit der wir
507 3131 1694 3194 leben und uns auseinandersetzen müssen. Wer sie nicht mag, lasse
503 3174 1692 3233 die Hand davon und verschone uns aber mit seinem Banausentum
507 3232 1692 3280 und seiner Moralketzerei. Möge der Akademisch=dramatische Verein
495 3279 1701 3346 auch in Zukunft seine nützliche und fruchtbare Arbeit fortsetzen. Das
495 3321 1693 3387 ist der einmütige Wunsch und zugleich der laute Protest aller, die in
498 3368 1702 3429 Sachen der Kunst keinerlei Bevormundung weder vom Parlament
493 3421 1131 3480 noch von Ministerien bulden wollen.
894 3487 1271 3577 Sleimehan.S##t#
1733 1562 1766 1603 0
1732 1859 1781 1939 sch
1729 1932 1793 1995 bri
1733 1988 1782 2035 grt
1728 2023 1788 2076 üb
1727 2083 1790 2128 am
1733 2124 1790 2176 ben
1734 2166 1789 2224 Ha
1734 2266 1805 2320 Na
1726 2316 1773 2370 zu
1728 2362 1803 2423 über
1727 2417 1803 2467 war
1727 2459 1810 2516 Sitze
1725 2509 1809 2565 weid
1726 2555 1803 2620 grab
1731 2644 1800 2696 eine
1722 2726 1782 2768 We
1736 2763 1798 2812 ein
1735 2880 1783 2932 chi
1728 2919 1789 2971 eig
1730 2959 1776 2999 fre
1718 3034 1766 3085 kö
1718 3079 1764 3128 w
1716 3113 1758 3199 5
1721 3197 1754 3233 u
1725 3230 1759 3275 d
2213 344 2977 442 Dr Max Goldschmidt
2285 439 2899 527 „ Bureau für
2350 511 2834 595 Zeitungsausschnitte
2105 581 3082 633 verbunden mit direktem Nachrichtendienst durch
2350 632 2831 701 eigene Korrespondenten.
2659 688 3015 758 Telephon: III, 3051.
2166 683 2483 764 Berlin N. 24.
2186 747 3072 810 —
2395 801 2789 883 Ausschnitt aus
2253 911 2809 1020 Prager Tagblatt, Prag
2433 1014 2706 1132 26 NOV. 760
2245 1276 3059 1409 — Shnihlers „Reigen“ und der
2103 1330 3060 1463 Atichner Krwbentschecerernr die sung
2095 1370 3044 1507 bei Beginn des Semesters üblichen Anschläge des Münch¬
2094 1425 3048 1559 Wrlsdenschöramalschen Kreine, in denen bese
2092 1478 3044 1602 auf schwarzen Brett der Universität zur Teilnahme an
2091 1533 3027 1652 seinen Veranstaltungen einlud, wurden in diesem
2086 1576 3023 1700 Sser auf dund ener Gnschlefung des Mine¬
2085 1621 3022 1752 riums des Innern wieder entfernt. Zur Begründung
2069 1675 3032 1804 wurde angegeben, daß der Verein durch die jüngst von
2083 1724 3019 1835 uns gemeldete Aufführung von Szenen aus dem
2073 1762 3016 1895 Schnitzlerschen „Reigen“ die Kritik zu sehr herausge¬
2054 1802 2290 1879 fordert habe.
2138 2284 2921 2422 Dr. Max Goldschmict
2209 2395 2837 2497 . . Bureau für
2273 2458 2760 2561 Zeitungsausschnitte
2027 2493 2986 2634 verounden mit direktem Nachrichtendienst durch
2273 2582 2747 2670 eisene Korrespondenten.
2073 2628 2399 2713 Berlin N. 24.
2566 2654 2931 2741 Telephon: IlI, 3051.
2149 2696 2809 2777 —
2295 2752 2699 2845 Ausschnitt aus
2163 3074 2744 3184 Hannoverscher Courier
2456 3240 2783 3350 2 6 NON 1903
2063 3415 3082 3502 Ein Disziplinarverfahren wegen Schnit¬
1973 3454 3069 3530 lers „Reigen“. Der bayerische Kurs###hat= das
1972 3504 3066 3579 Rektorat der Münchener Universität angewiesen, unverzüglich
1972 3537 3066 3614 gegen jene Studenten ein Disziplinarverfähren einzuleiten,
1975 3584 3066 3658 welche im geschlossenen „Alademischen Verein“ Schnitzlers
1987 3628 2739 3698 „Reigen“ zu Vorlesung brachten, ein Werk
2741 3635 3073 3692 — so heißt es in
1979 3660 2574 3719 der betreffenden Verfügung —
2571 3675 3071 3736 das als notorisch unsittlich
1980 3705 3066 3780 gebrandmarkt ist, und dessen öffentliche Vorlesung in Wien ver¬
1971 3739 2208 3809 boten wurde.
