3444 4352
194 177 702 271 11. Reigen
904 169 1306 249 box 17/3
1656 1197 1744 1263 26
1099 1319 2266 1383 üppiger denn je in Wien. Die Kritik, das weiß jedermann, ist subjek
1109 1374 2272 1416 tive Meinungsäußerung, und am subjektivsten, wo sie, wie der Wiener
1107 1412 2267 1463 sagt, mit dem Theater „verbandelt“ ist. Objektiv sind allein die Re¬
1105 1453 2280 1510 porter, welche die Theater Tag und Nacht durchforschen. Sie bringen
1108 1494 2275 1542 unumstößliche Tatsachen: an wie viel Schnüren der neue Drache hängt;
1101 1525 2274 1577 daß der neue Theaterdolch aus Gummi verfertigt ist; wie hoch der
1109 1568 2269 1615 Schmuck der Darstellerin bewertet ist und daß ihn Bühnendetektivs be¬
1111 1611 2277 1667 wachen. Wir erfahren, wie viel Kilometer ein radelnder „Liebling“ in
1101 1646 2272 1697 der Stunde nimmt und was ein kecker Schnabel dem Direktor auf der
1100 1686 2268 1746 Probe zugerufen hat. Die Kritik schöpft aus schwankenden Uber¬
1105 1727 2202 1773 zeugungen, der Theaterplauderer schöpft aus zuverlässigen Quellen
2210 1742 2274 1776 * * *
1105 1766 2269 1818 Der Theaterklatsch ist Wissenschaft geworden.  ... „Im Geschrei, Toben
1103 1807 2275 1850 und Wüten der Parteien, heißt es zum Schluß, im Gezänke, im
1103 1844 2268 1893 Machtgebiet eines bildungsfeindlichen Pöbels kann der Geist nicht in
1108 1886 2268 1935 edle, nicht in starke Schwingung kommen, kann keine große, aus tiefer
1112 1925 2277 1976 Innerlichkeit strömende Melodie, kein großer, freier Linienzug zum
1102 1962 2277 2017 Lichte dringen. Da kann höchstens das schrille Pfeiferl eines Hermann
1099 2001 2277 2047 Bahr durchtönen, der immer neue Stationen der Kunst ausruft. Dem
1112 2039 2279 2088 Kunstkondukteur sind alle Stationen gleich — wenn nur recht viele
1115 2081 1463 2133 Leute einsteigen.: —
1477 2084 2277 2133 Das Feuilleton ist -Wiene betitelt, und unter all
1101 2118 2268 2161 den grotesken Sonderbarkeiten, die der Autor unter diesem Titel zu¬
1108 2159 2272 2205 sammenreiht, fehlt nur die eine, groteskeste: daß ein solches Feuilleton
1099 2203 1627 2245 nicht in Wien erscheinen kann.
1221 2261 2280 2304 Analphabet. Das „Deutsche Volksblatt“ hat endlich einmal einen
1096 2295 2272 2342 umfassenden Uberblick über die Verheerungen geboten, die das Juden¬
1115 2336 2272 2383 um in der modernen Literatur angerie#e: hat. Im Feuilleton vom
1108 2373 2280 2417 20. November hält ein Herr, dessen Auffassungskraft der jahrelangen
1103 2414 2275 2466 Lektüre der „Fackel“ offenbar nicht gewachsen war, mit der Journalistik,
1100 2454 2282 2501 welche die literarischen Werte bestimmt, eine Abrechnung, an deren
1112 2491 2269 2538 Schluß er zu dem folgenden urdrolligen Resultat gelangt: Ein un¬
1103 2530 2272 2579 bekannter christlicher Autor vermag, wie bereits erwähnt, überhaupt
1106 2569 1629 2625 nicht mehr aufzukommen.
1646 2578 2275 2613 Aber nicht nur das Theater, nicht
1107 2611 2273 2653 nur das Drama, auch das übrige Schrifttum steht unter dem Ein¬
1113 2647 2276 2701 lusse des Judentums und der dazu gehörigen Clique. Sämtliche Fach¬
1100 2690 2281 2735 zeitschriften auf diesem Gebiete befinden sich in ihren Händen. Werden
1113 2726 2280 2775 n der Theaterrubrik der Tagespresse die Bühnenautoren „gemacht’, so
1107 2769 2273 2809 werden hier die Romanschriftsteller, Novellisten und „lyrischen“ Dichter
1108 2806 2271 2865 fabriziert. Hier sind die Wassermann, Jacobsen, Bierbaum, Hart¬
1103 2842 2282 2896 leben, Groller, Holländer, Lindau, Auernbeimer, Schlaf etc. die
1115 2884 2279 2934 Tonangebenden, während den unabhängigen arischen Schriftstellern diese
1099 2924 2278 2971 Spalten ebenso verschlossen bleiben wie die Bühnen. Im Reiche der
1109 2965 2275 3009 Lyrik herrschen die Herren Busse, Dehmel, Falke, Hofmannsthal,
1101 3002 2276 3057 Arno Holz, Bierbaum und Schuh. Judenjüngel, geistige Nullen, werden
1104 3049 2278 3092 als „Jung-Wien-Lyriker“ gepriesen.: Ob die Jacobsen, Dehmel, Falke,
1106 3079 2277 3131 Hofmannsthal, Holz, Schlaf etc. bedeutendere Dichter sind als Geßmann d.).
1099 3120 2283 3175 und der Magistratslyriker Foral (Verlag von E. Vergani & Comp.), das
1105 3164 2288 3221 ernstlich zu erörtern, mag riskieren, wer den Verdacht nicht scheut, für
