3496 4320
401 65 914 159 11. Reigen
1097 66 1507 158 box 17/5
1765 65 2973 127 einen Idur verschönern, der Würselzucker zum englischen Tee, die
1756 106 2978 188 Faschingskrapfen und Eisbomben sind einsach so selbstverständlich,
1748 150 2979 224 wiederholen sich so unabänderlich, in allen Häusern, die Güste
1754 200 2977 275 bei sich sehen, daß man sie bereits ats sensationslose Jourmode
1757 245 2983 315 bezeichnen kann. Darüber verliert man kein Wort, will man nicht
1751 304 2979 387 als Peuling gelten, der von den landläufigsten Dingen keine
1750 339 2000 409 Ahnung hat.
1875 397 2977 464 Eine gütige Jourvorsehung hat jedoch so reichlich für
1757 441 2977 514 anderen Gesprächsstoff gesorgt, daß man sich ganz gut darauf
1757 487 2968 561 beschränken kann, die gebotenen Delikatessen allein mit Genuß zu
1746 540 2956 593 essen, ohne darüber zu reden. „Was sagen Sie zu der „Reigen“¬
1755 580 2974 655 Affäre?“ ist ein viel wichtigeres Thema. Hei, wie da die
1754 631 2963 708 Gemüter in Wallung geraten! Merkwürdige Auffassungen brechen
1752 677 2976 757 sich Bahn. Die mit Dr. Glanz harmonieren, sind weniger
1744 735 2961 800 christlichsozial als gegen die Sozialdemokraten, was durchaus nicht
1744 777 2964 850 dasselbe ist; Details der Aufführung werden erzählt, eine lebhafte
1748 822 2969 897 Diskussion über das, was — auf der Bühne — noch erlaubt
1745 865 2964 947 ist und was nicht mehr, fesselt alle Beteiligten, bis eine Dame
1737 922 2961 993 in schöner Ahnungslosigkeit erklärt: „Ich verstehe gar nicht, wie
1743 971 2963 1027 man wegen der sechs oder sieben Szenen ein solches Aufsehen
1744 1016 2961 1088 machen kann.“ „Es find zehn Dialoge“ flüstert belehrend die
1740 1060 2956 1141 Dame, deren sittliche Entrüstung wahrscheinlich auf ganz genaue
1736 1107 2343 1161 Kenninis der Aufführung beruht.
1855 1151 2957 1222 Die Hausfrau fühlt die Verpflichtung, die Situation zu
1728 1175 2959 1263 retten. „Waren Sie schon bei der Flamme?“ Neuerlicher Aus¬
1738 1251 2949 1332 bruch noralischer Entrüstung. Ratürlich waren alle dabei, sogar
1746 1300 2822 1374 die Ratve von den „sechs bis sieben Reigenigenen“.
1687 1404 2877 1466 eniger Verständnis für das darin gezeigte Milieu, aber das
1681 1460 2860 1513 nteresse daran ist allen gemeinsam. „Nein, es ist wirklich zu
1681 1495 2871 1564 g. was man jetzt auf dem Theater zu sehen bekommt“, jammert
1679 1548 2866 1606 e Hausfrau. Hans Müller hat nämlich vor einer halben
1693 1594 2859 1640 tunde sein Erscheinen beim Jour abgesagt und das viel um¬
1678 1637 2867 1698 ritene Kind seiner Muse muß nun den ganzen Groll der tief
1659 1687 2848 1745 gektänkten Hausfrau auf sich nehmen. „Nur auf dem Theater?“
1654 1734 2857 1788 lächelt maliziös eine schöne Frau, deren Brillaptanhänger in
1655 1776 2864 1836 Gegenden verschwindet, die früher einmal wenigstens Tüll
1737 1829 2867 1896 Schleierstoff verhüllte. „Waren Sie auf der
1649 1876 1954 1940 Opernrevoute?“
2010 1873 2850 1951 „Das war wirklich ein Skandal.“
1677 1925 2861 1987 lischt sich da der Maler ein, der die Bridgepartie der Herren
1666 1974 2867 2040 verschmäßt und die Gesellschaft der medisierenden Damen vorzieht.
1663 2021 2864 2077 „Wenn die Damen wüßten, wieviel interessanter sie sind, wenn
1653 2064 2862 2133 sie ihre Reize nur ahnen lassen, statt sie gar so neidlos zu zeigen,
1646 2116 2866 2174 würden sie etwas weniger freigebig damit sein:“ „Sehen Sie,
1653 2160 2874 2212 di.ses Gefühl habe ich auch“ erkiert die Dame, deren Taille
1648 2209 2867 2275 chon am späten Nachmittag aus nicht viel mehr als zwei
1647 2269 2879 2322 schmalen Achselträgern besteht. „Es ist so traurig, daß die
1646 2317 2873 2368 meisten Frauen unserer Zeit ganz das Gefühl dafür verloren
1655 2354 2870 2418 haben, wie weit man eigentlich gehen darf.“ Ihr Blick fällt bei
1654 2409 2865 2463 diesen Worten gerade in den riesigen Spiegel gegenüber und
1672 2457 2877 2526 aftet stolz an den beiden Trägern, die ihren Anspeülchen voll¬
1678 2496 2173 2571 ändig zu genügen scheinen.
1749 2529 2876 2606 Die Herren scheinen tatsächlich durch nichts mehr zu ge¬
1648 2592 2873 2660 winnen zu sein. Weder das Gespräch über „Reigen“ und die
1671 2636 2880 2711 Flamme“, noch das über die Toile#en der Opernrédoute ver¬
1651 2690 2881 2744 mochte sie auf einen Verzicht der Bridgepar“: zu bewegen, ja
1650 2736 2876 2784 nicht einmal die Damen selbst fesselen sie. Läugst haben sie, ge¬
1648 2783 2870 2837 führt vom Hausherrn, an den Spieltischen Platz genommen und
1646 2833 2872 2897 obliegen eifrig ihrer liebsten Passion. Bei den Pausen, die durch
1645 2874 2864 2935 Mischen und Teilen entstehen, kommt es höchstens zu Bruchstücken
2528 2968 2871 3037 — „Wenigstens
1649 2975 2530 3027 sechzig Prozent wird ihnen geholfen sein!
1646 3022 2864 3074 werd', ich meine Kriegsanleihe los.“ Schüchtern trit da die
1654 3071 2863 3138 nalde kleine Frau ins Spielzimmer. Sie hat Glück,
1653 3125 2864 3187 denn der Herr, den sie speechen will, paßt gerade.
2815 3170 2853 3220 1000
1656 3165 2793 3226 „Herr Rat, varf ich Sie um eine Gefälligkeit bitten?“
1671 3213 2780 3274 Aber jederzeit gerne, gnädige Frau, womit kann ich dienen?
1657 3253 2875 3325 „Ich möchte mir den „Reigen“ doch gerne ansehen und bin nicht
1650 3304 2871 3373 imstande, eine Karte zu bekommen. Sie haben sicher Beziehungen;
1649 3359 2865 3414 wollen Sie mir ein Billett besorgen?“ — „Mit Vergnügen.
1656 3404 2871 3456 meine Gnädige. Aber als Belohnung darf ich Sie doch be¬
1651 3442 2877 3508 gleiten?“ — Sie nickt nur flüchtig gewährend, denn soeben war
1654 3503 2863 3566 ihre Abwesenheit bemerkt worden und irgendwer ruft nach ihr.
1658 3554 2861 3606 „Ob ich „Die kleine Sklavin“ gesehen habe? Nein, ihr wißt,
1650 3593 2865 3653 ich interessiere mich durchaus nicht für solche Dinge und überdies
1651 3646 2870 3712 will mein Mann nicht, daß ich mir sie ansehe“, nimmt sie gleich
1650 3688 2865 3738 darauf das Gespräch im Damensalon wieder auf. — „Ihr Mann
1651 3785 2875 3834 Müller heute gekommen wäre, hätte er vielleicht mit Ihnen als
1650 3832 2875 3881 Vorbild nächstens eine Verherrlichung der anständigen Fraa ge¬
1662 3876 2871 3933 schrieben.“ Alle nicken zustimmend, während sie denken: „Das
1645 3927 2300 3995 würde sich kein Mensch anschauen!“
2691 3925 2836 3987 E. r.
