3484 4384
321 119 427 204 11
502 130 826 240 Reigen
197 1724 626 1827 ünchner Brief.
260 1865 516 1952 Max Halbe.
189 1960 906 2027 Konfiskation, Aufhebung des aka¬
188 2010 915 2079 hatischen Vereins, Zensurstreiche aller
181 2070 920 2129 tien über Kunst, Religion, Sittlichkeit
185 2112 913 2168 kres, Anträge auf Kolportageverbot
185 2165 908 2227 nd „Simplicissimus“. Beschränkung
188 2220 916 2276 -Redefreiheit durch den Präsidenten
187 2270 914 2323 it nachfolgender Abdankung des
194 2313 915 2362 identen: seit Monaten geht's in bunter
185 2358 908 2423 em Wechsel. Es weht ein scharfer Wind
186 2412 908 2464 r. und das neue Ministerium beeilt sich,
170 2454 911 2510 aufzufangen. Es soll endlich einmal
193 2504 911 2566 t werden in Capua und Umgegend!
220 2547 919 2619 mehr mit Fingern auf uns zeigen
189 2591 908 2669 it der allzulang geduldeten Lieder¬
186 2648 919 2704 stlibertinage! Die vom Norden sollen
188 2698 908 2762 um unseren freieren Ton und um
186 2748 907 2805 es Verstehen beneiden müssen! Ein
193 2783 909 2850 Nord und Süd, West und Ost!
196 2839 908 2900 Schulmeisterdünkel regiere brüderlich
206 2888 921 2941 Reich, und Arm in Arm wandle der
183 2935 920 2999 ernde Schutzmann vom Potsdamer
188 2991 915 3044 akelschwingenden Rektor aller Bayern
189 3034 617 3098 sidenten von Orterer!
201 3066 914 3147 ein Fehler in der Rechnung steckt?
203 3136 923 3191 mit ihrem blindwütigen Anrennen
188 3182 915 3259 urflagge lebendigen zeitgenössischen
1020 128 1441 214 box 17/2
952 1703 2048 1786 *Geistes nicht schließlich selbst am bosesten zu Schaden
971 1777 2042 1830 kommen werden? Gewiß, wer am Ruder sitzt, dünkt
972 1828 2034 1891 sich unfehlbar und wünscht unbequeme Kritiker zu
969 1883 2037 1936 allen Teufeln. Herrschen heißt recht haben. Und wer
974 1920 2032 1983 recht hat, will doch auch recht behalten. Das ist
987 1968 2026 2031 menschlich und gilt für einzelne wie für ganze
974 2014 2042 2070 Parteien, für Könige und Staatsmänner wie für
975 2064 2026 2128 Dichter und Künstler, für Schwarze wie für Rote.
975 2115 2035 2164 Aber hinter allen Herrscherthronen (Schreibstühlen,
981 2161 2035 2219 Parlamentssesseln) steht unsichtbar Hybris, die dunkel¬
984 2211 2035 2278 drohende Göttin, und lenkt den Arm des Macht¬
989 2259 2037 2309 berauschten, des Siegestrunkenen, daß er mit dem
990 2303 2037 2368 Schwertstreich, den er nach dem Gegner zu führen
979 2355 2038 2411 meint, sich selber den Todesstreich versetzt. Selbst¬
984 2408 2033 2461 hilfe der Natur! Automatismus alles Werdens und
972 2458 2029 2518 Vergehens! Am letzten Ende gehen wir an uns selbst,
973 2507 2034 2566 an der Ueberspannung (vielleicht auch nur Erfüllung)
980 2553 1684 2619 unseres eigenen Prinzips zugrunde.
1027 2599 2039 2659 Darauf wird's denn wohl auch bei dem klerckalen
972 2638 2036 2701 Regiment hinauslaufen, dessen fröhliche Anfänge wir
981 2699 2036 2755 jetzt in Bayern erleben. Vorläufig scheint es un¬
980 2751 2042 2804 absehbar, unsterblich. Aber wenn die Herren so fort¬
992 2791 2028 2855 ahren, durch Akte der Willkür und Unduldsamkeit,
983 2845 2044 2897 durch Knebelung der freien Meinungsäußerung in
983 2885 2028 2944 Wort und Bild, durch Verweigerung der noiwendigsten
982 2940 2040 2992 Mittel für eine würdige Kunstpflege und sonstige
982 2992 2038 3049 Schildbürgerstreiche sich gleichzeitig verhaßt und lächer¬
977 3034 1938 3095 lich zu machen, dann ... Wer weiß! Abwarten!
1017 3091 2043 3146 Man mißverstehe mich nicht! Die Verdienste der
980 3133 2045 3189 katholischen Kirche und Geistlichkeit, besonders um die
978 3183 2036 3251 bildende Kunst, in allen Ehren, ja selbst zugestanden,
2104 1713 3155 1777 bag im adgemteinen das lachelisch. Uipstnden=Air
2102 1776 3153 1831 seinem Hang zum Sinnfälligen und irdisch Greif¬
2097 1815 3154 1886 baren einen günstigeren Boden für die Kunst abgibt
2096 1881 3101 1928 als der Verstandeskultus und die nordisch nücht.
2090 1922 3151 1978 Abstraktion protestantischen Geistes — aber schließlich
2092 1967 3151 2025 sind seit den Tagen der Rovere und der M. diei vier
2097 2017 3147 2079 Jahrhunderte dahingegangen, und in den Männern,
2103 2061 3155 2122 die hier in der Landstube an der Pranner Straße das
2102 2118 3145 2168 große Wort gegen alle zeitgenössische Kunst und
2102 2159 3147 2216 Wissenschaft führen, lebt kein letztes Fünkchen mehr
2100 2207 3147 2265 des Geistes, der anregend, befruchtend über dem
2102 2260 3148 2318 goldigen Morgen Raffaels und Nichelangelos leuchtete.
2095 2305 3145 2367 Eher noch von jenem anderen Geiste, der in Florenz
2093 2366 3142 2419 mit Feuersgluten gegen Fleischeslust und Sinnen
2104 2409 3147 2463 schönheit wütete, wenn man auch stiernackige Bier¬
2107 2447 3156 2512 bankpolitiker und kannegießernde Schulmeister nicht
2098 2496 3159 2555 in einem Atem nennen darf mit dem düster ge¬
2095 2555 2803 2615 waltigen Bettlermönch Savonarola.
2143 2577 3148 2654 Und doch ... zwar nicht in den Persönlichkeiten,
2098 2648 3159 2708 wohl aber in den Gesinnungen steckt der Vergleichs¬
2098 2686 3154 2756 punkt. In der nämlichen Art des Weltbetrachtens
2101 2736 3166 2796 und Weltverneinens, in dem finstern, sinnenfeindlichen
2104 2788 3154 2845 Mönchs= und Büßergeist, der immer wieder in der
2099 2836 3158 2893 katholischen Welt zum Vorschein kommt und deren
2105 2886 3158 2943 andere, dem protestantischen Mucker= und Puritanertum
2094 2936 3158 2991 zugekehrte Seite bildet. Mit diesen beiden einander
2099 2987 3157 3042 im Innersten verwandten Geistesrichtungen kann es
2103 3031 3156 3087 für Kunst und Künstler keinen Frieden und keine
2100 3079 3156 3134 Freundschaft geben. Kampf! Kampf bis ans Ende!
2099 3126 3156 3204 lautet hier das Feldgeschrei. Es hallt durch die
2100 3183 2389 3257 Jahrhunderte.
