3436 4224
1007 168 1425 262 box 18/2
300 172 824 274 11. Reigen
615 1399 1876 1455 Aber es war mohr als das. Man sah nicht nur 14 bis 15 Schau¬
626 1441 1878 1508 spieler, von denen jeder, auch der unscheinbarste Diener noch, eine
621 1496 1877 1552 einprägsame Gestalt schuf, die ebenso komisch, wie menschlich war,
162 1493 575 1566 iner Theaterleben, so
613 1534 1870 1581 man bewunderte vor allem den innigen Zusammenschluß dieser
169 1557 572 1610 er erste Gang herum¬
621 1572 1862 1630 Charaktere zu einem Ganzen, zu einem Stück Welt, mochte es auch
176 1589 567 1655 mit seinem gefüllten
623 1619 1863 1679 noch so veraltet und kulturfremd sein. Ja, diese Künstler ge¬
176 1631 569 1694 irektoren vor einer
622 1656 1865 1726 hörten unverkennbar zusammen, sie wurden durcheinander be¬
155 1677 572 1739 Fremden und Aus¬
613 1703 1864 1770 dingt, einer durch den andern erklärt, die restlose Hingabe jedes
174 1720 575 1778 uch die abgespieltesten
619 1747 1863 1801 einzelnen Darstellers, das völlige Aufgehen auch in der be¬
164 1764 568 1827 uaufführungen nicht
616 1789 1864 1852 scheidensten Rolle schufen etwas, was man im hastigen Tagesbetrieb
169 1810 562 1869 erereignis der bis¬
617 1836 1869 1897 der Berliner Bühnen gar nicht mehr zu sehen bekommt. Die
165 1854 562 1910 fder Szene, sondern
617 1874 1866 1946 Ganzheit eines Künstlers, an dem jedes Strichelchen sitzt.
175 1892 557 1956 prageß. über ihn
609 1915 1862 1983 Freilich, diese Künstler hatten nicht den Film im Kopf, sie waren
163 1938 557 2003 ngen, aber ein grund¬
616 1971 1865 2035 nicht bunt zusammengewürfelt für einen Premierenabend, nicht
163 1981 557 2045 n Zeilen doch noch
607 2008 1859 2075 durch den ewigen Wechsel der Spielleitungen, des Stils, der Auf¬
163 2025 561 2091 ritiker in der über¬
613 2052 1860 2118 gaben verdorben, sie sind keine Geschäftsleute geworden, die dem
161 2076 557 2138 hiet gegen Sittlich¬
614 2095 1863 2159 Meistbietenden gehören und lieber einem Rotter folgen als einem
223 2103 562 2169 Aber es war eine
610 2133 1862 2199 Reinhardt, wenn er nur mehr zahlt . .. Diese Russen haben nur
169 2141 554 2214 rständige nur aus
605 2178 1865 2251 eins: ihre Kunst, die sie kameradschaftlich zusammenschließt, die
173 2199 560 2263 utter, die ahnungs¬
608 2219 1239 2289 sie zu gemeinsamen Siegen führt.
212 2246 558 2299 eine solche Vor¬
684 2264 1864 2338 So sind sie nicht heimatlos. In ihrer Kunst haben diese Ver¬
182 2282 564 2350 von der Sache, um
597 2303 1866 2373 triebenen ihre Heimat, die ihnen innerlich treu bleibt, wie sie ihr;
161 2331 562 2391 galles dreht und von
611 2354 1863 2421 in ihrer Kunst steigt ihnen auch das alte Rußland wieder herauf,
170 2375 552 2430 hr versteht als jeder
597 2388 1860 2468 das aus der Welt verschwunden ist, aber in seinen Dichtern fort¬
174 2417 551 2476 ortung trägt. Oder
593 2430 1862 2503 lebt und von diesen Spielern ewig neu gestaltet wird. . .. Es war
178 2459 551 2522 Serie von hundert
596 2484 1855 2553 ein genußreicher Abend, umsomehr für uns Nichtrussen, die nur
164 2477 543 2570 ländigen!“ Und diese
597 2521 1857 2591 den Vorzug hatten, kein Wort von Ostrowskys Dialog zu ver¬
188 2547 546 2607 zu gehören — und
602 2564 1848 2639 stehen ... übrigens hatte Berlin noch nicht Gelegenheit, die Gäste
168 2587 550 2657 scheln, wenn sie be¬
604 2615 1853 2687 zu begrüßen, da der Zuschauerraum von deren Landsleuten so
161 2636 546 2697 kstwerk“. Ins Ohr
592 2656 1857 2717 im Massenandrang ausgekauft wird, wie unsere Läden von den
174 2678 543 2738 twerdende Schnitzler
601 2698 1264 2760 edlen Vertretern des Völkerbundes.
189 2723 552 2797 steht zu Diensten.
669 2739 1849 2821 Von Neuheiten ist im übrigen so gut wie nichts zu ver¬
596 2782 1847 2855 melden. Molnars „Schwan“ darf wohl kaum Anspruch auf
156 2786 542 2876 esmal nicht viel zu
591 2824 1846 2888 diese Bezeichnung machen, auch entpuppte er sich im Theater am
170 2850 538 2912 für den, der seinen
590 2866 1847 2942 Kurfürstendamm als eine Gans, von der man am besten nicht
167 2889 537 2959 bar, namentlich bei
591 2912 1859 2988 spricht. Wertvoller war der „Schwierige“ von Hugo von
174 2938 237 2993 *
253 2942 537 3000 Wie groß aber
581 2956 1846 3027 Hofmannsthal, der in den Kammerspielen des Deutschen
158 2986 547 3052 Flertheaters noch die
594 3001 1843 3061 Theaters ausgezeichnel dargestellt wird. In die Welt des öster¬
159 3027 540 3093 ührung des Ostrows¬
586 3052 1855 3117 reichischen Hochadels werden wir von einem Dichter geführt, der
165 3076 540 3133 aken“ gewahr. Das
589 3095 1848 3159 an erschöpfter überkultur und lebensfremder Romantik selber ein
164 3117 536 3181 um noch erträgliche
584 3129 1838 3202 wenig leidet, wenn auch im anderen Sinne als sein unheldischer
158 3161 546 3223 bürgergestalten und
590 3175 1847 3249 „Held“, Erlaucht, Graf Brühl, dieser Schwierige, der keine andere
176 3205 533 3269 sen in sich vollendet
589 3218 1853 3292 Lebensaufgabe kennt, als einsuch da zu sein und Konversation zu
170 3251 537 3311 ier und da stark
593 3263 1847 3338 machen. Die hübsche, wenn auch nicht ganz neue Lustspielidee (wo
160 3283 534 3352 erschätzen zu wollen
593 3313 1839 3381 gäbe es übrigens eine neue?) ist nun die daß dieser Schwierige
164 3339 536 3397 rsteller) muß ich doch
588 3352 1832 3420 vor zwei Aufgaben gleichzeitig gestellt wird. Er soll zwei Damen
173 3380 540 3440 welches eine solche
579 3385 1837 3448 durch ein dringliches Zureden in Herzensangelegenheiten um¬
174 3423 540 3488 akteristisch heraus¬
586 3431 1829 3500 stimmen. Natürlich kommt er vor lauter Konversation nicht
163 3467 543 3528 weisen könnte. Es
576 3480 1836 3555 dazu, sich auszusprechen und gelangt infolge seiner weichen Nach¬
158 3514 542 3573 e auf diese Typen
577 3526 1831 3595 giebigkeit und seines gesellschaftlichen Entgegenkommens ganz wo
170 3559 540 3629 rer alten Komödie,
572 3569 1842 3644 anders hin, als er beabsichtigt, ja schließlich ist er selber mit der
1924 1407 3186 1468 Dame verlobt, die er seinem Neffen Stani gewinnen sollte.
1926 1449 3184 1514 Hofmannsthal hat diese Gesellschaftstypen mit erstaunlicher Be¬
1927 1500 3182 1551 obachtungsgabe geschaut und halb Busheit, halb Mitgefühl im
1923 1539 3182 1602 Herzen, ihre Eigenart auf blankem Lustspielspiegel aufgefangen.
1920 1582 3180 1646 Wir haben so wirklich einmal wieder etwas wie ein, wenn auch
1915 1625 3174 1685 teilweise flaues Gesellschaftslustspiel, ein Konversationsstück, eine
1923 1666 3171 1743 beinahe ausgestorbene Gattung. Leider sind auch die Schauspieler
1912 1707 3174 1781 dafür ausgestorben, ein Wunder noch, daß die Kammersp':. das
1914 1759 3168 1812 mitunter etwas langweilige Geplausche so gut herausbrachten:
1910 1798 3173 1859 Dank vor allem dem Geschwisterpaar Helene und Hermann
1909 1842 3174 1906 Thimig. Hofmannsthal aber hat wieder einmal gezeigt, daß er
1920 1894 3174 1967 nicht bei „Elektra“ und „Oedivus“ sondern bei den Trägern einer
1903 1931 2498 2003 müden überkultur zuhause ist.
2915 1935 3099 2001 Pet=r.
