3532 4256
432 205 1096 301 11. Reigen
1134 195 1542 278 box 18/3
1128 784 1901 876 Kiote & Seider
1135 874 1875 962 Bureau für Zeitungsausichnitte
1125 945 1878 1039 Bertin 110. 43, Geotgennirchplatz 21
1153 1008 1468 1134 Neusste
1495 1095 1927 1223 Srchtähiton
1087 1172 1308 1251 Zafung: —
1340 1191 1582 1293 „Kjek,
1586 1263 1656 1325 je
1082 1285 1523 1356 A
1090 1393 1335 1459 Desam: —
1861 1364 1927 1503 *
1234 1592 2191 1681 Wissenschaft, Kunst und Literatur.
1302 1673 2115 1746 7 Operettentheater am Sophienblatt.
1290 1722 2067 1810 /Gastspiel der Hamburger Kammerspiele.
1230 1788 2175 1858 „Reigen“, zehn Dialoge von Arthur Schnitzler
1285 1851 2175 1917 Ein ausverkauftes Haus und am Ende eine ziem¬
1235 1907 2171 1946 lich allgemeine Enttäuschung. Zwischen den zehr
1245 1945 2174 2000 Bildern: Zwischenaktsmusik: Klavier und Geige, wie
1242 1983 2137 2035 einst im Vorstadttheater. Sie spielte — sinngemäß
1246 2022 2179 2078 Wiener Weisen, so schön, wie einst im Vorstadt¬
1238 2065 2182 2117 #heater. Eins war allerdings vergessen: das so herr¬
1246 2101 2178 2154 ich passende Lied: „Sehn Sie, das ist ein Geschäft,
1245 2148 2174 2193 das bringt doch noch etwas ein; ein jeder freilich
1235 2181 2180 2230 kann das wirklich nicht, denn das muß verstanden
1244 2222 2182 2277 sein!“ Die Schaubühne wird als eine moralische
1232 2265 2175 2319 Anstalt betrachtet, hat einmal ein Herr Schiller ge¬
1240 2305 2180 2357 dacht. „Das ist schon lange her, das freut uns um
1938 2342 2170 2398 Zwischenakts¬
1232 2344 1934 2403 so mehr“ antwortet heute die
1233 2387 2178 2440 musik. Man wird gewiß der Schaubühne
1236 2427 2179 2473 nicht das Recht absprechen, aus ihrem eigensten
1235 2460 1798 2514 Wesen heraus auch Theater
2064 2467 2170 2513 um
1799 2464 2063 2516 zu spielen,
1239 2504 2112 2551 der Theaterkunst willen, um mit der Welt
2114 2505 2177 2554 des
1234 2543 2176 2592 Scheins ihre Besucher anzuregen und zu unterhalten.
1239 2582 2172 2632 Aber es gibt Grenzen, die keine Kunst überschreiten
1238 2621 2175 2674 kann und darf, und dahin gehört die Darstellung
1236 2662 2170 2701 der von Schnitzler unter dem Namen „Reigen“ ge¬
1228 2696 2158 2746 sammelten Zwiegespräche beim Erleben vol Liebes
1226 2740 2170 2780 abenteuern und Liebesirrungen, die mit der Liebe
1223 2776 2169 2836 nichts zu tun haben und nur Sinnenrausch bedeuten.
1287 2819 2163 2872 Diese Zwiegespräche sind Verfallkunst ausgepräg¬
1221 2862 2177 2907 tester Art und ihre Wiedergabe auf der Bühne ist
1222 2902 2177 2950 nichts anderes als ein theatertünstlerischer Fehltritt
1238 2944 2168 2992 auf abwärts führender Bahn, wie das der Schreiber
1237 2983 2169 3026 dieser Zeilen schon bei der am 4. Dezember ver¬
1234 3018 2166 3068 öffentlichten Besprechung des Buches betonte.
1237 3057 1950 3107 Wären nicht Verbote und Prozesse
1953 3057 2165 3108 zu Hilfe
1223 3099 2163 3144 gekommen, so wäre das Buch wahrscheinlich als be¬
1238 3138 2170 3187 anglos vergessen. Den Wiener Frauen stellt Schnitz¬
1223 3172 2168 3222 ler ohne Ausnahme das Zeugnis aus, daß für sie alle
1222 3216 2164 3266 Hemmungen altes Gerümpel bedeuten, wenn es gilt,
1222 3261 2162 3305 eine Liebesnacht zu erleben. Wiener Liebesnächte
1222 3288 2159 3340 wäre daher wohl die richtigere Bezeichnung für den
1229 3335 2164 3380 „Reigen“ gewesen. Es fragt sich nur, was die
1232 3370 2163 3410 Wienerinnen dazu gesagt hätten. In Deutschland
1224 3408 2155 3452 wird man in der Vorführung dieser Liebesnächte
1224 3450 2163 3497 nichts anderes erblicken als eine Herabwürhigung der
1226 3485 2153 3554 deutschen Frau und die Aufführung deswegen
1218 3522 1386 3572 ablehnen.
1284 3546 2157 3606 Die Theaterbesucher waren von der Theater¬
1221 3601 2158 3653 leitung vorsichtshalber veranlaßt, zu bescheinigen, daß
1222 3643 2166 3690 sie die Aufführung nicht stören würden. Sie nahmen
1222 3685 2163 3728 aber auch nicht Gelegenheit, ihr Beifall zu zollen.
1224 3715 2156 3768 Wie im Buche, so wirkte auch bei der Aufführung die
1226 3763 2153 3805 zehnfache Wiederholung der gleichen Abgeschmacktheit
1231 3799 2149 3841 erstimmend. Gerichtlich wurde beurkundet, daß die
1228 3838 2148 3891 Darsteller der Bühnenbearbeitung ihre heitle Aufgabe
1218 3877 2162 3923 mit künstlerischer Zurückhaltung durchgeführt haben.
1222 3914 2167 3981 das ist eine Selbstverständlichkeit, für die es, wie
2222 1565 3154 1643 schon bei der Besprechung des Buches hier aus¬
2218 1631 3151 1682 geführt wurde, gerichtlicher Feststellung wahrlich nicht
2221 1665 3157 1722 bedurfte, denn andernfalls hätten die Mitwirkenden
2216 1700 3142 1759 in den Aufführungen ihr Menschentum selber herab¬
2208 1752 3147 1797 gewürdigt. Natürlich hat diese Zurückhaltung zur
2215 1781 3160 1842 Folge, daß den Zuhörern zuweilen Grundgedanken
2215 1819 3163 1875 der Gespräche verloren gehen, was sicher nicht der
2210 1861 3153 1915 Zweck einer Theatervorstellung ist, wenn auch an den
2212 1899 3148 1959 unverständlich bleibenden Aussprüchen nichts beson¬
2214 1936 3154 1992 deres verloren ist. Der Spielleiter Paul Marx
2221 1976 3156 2027 hatte für die Aufführung einen stilisierten Rahmen
2209 2016 3143 2061 geschaffen, in dem sich die Gespäche wie Bilder ab¬
2206 2059 3151 2110 spielten, und der eine verhältnismäßig schnelle
2205 2090 3148 2141 Bühnenverwandlung ermöglichte. Weibliche Mit¬
2220 2133 3150 2190 virkende waren Mara Lolja als Dirne und als
2213 2167 3142 2227 Stubenmädchen im Prater, Mia Wogos als
2213 2203 3150 2258 Stubenmädchen im Salon, Marcella Halicz
2217 2245 3142 2302 als junge Frau, Friedel Lang als süßes Mädel
2205 2290 3134 2341 und Centa Bré, die in der Rolle einer Schau
2203 2320 3144 2382 spielerin durch burschikosen Humor über alles Ver¬
2211 2362 3141 2423 fängliche hinwegzugleiten wußte. Die Herrenrollen
2204 2403 3138 2462 hatten inne: Georg Pipper als Soldat, Gün¬
2201 2441 3144 2498 ther Bobrik als junger Herr, Rudolf Fernau
2211 2478 3149 2539 als Dichter, Wolf Dehnbera als Graf und der
2204 2520 3141 2573 Spielleiter Paul Marx, der als vielbesaiteter
2214 2555 3139 2617 Gaue in schnellem Wechsel die verschiedenartigsten
2212 2596 3156 2659 Tonarten anzuschlagen wußte. Die Wiener Mundart
2202 2636 3054 2694 war nicht allen Mitwirkenden gleichmäßig eigen.
2266 2668 3146 2722 Schadenfreude ist die beste Freude, mögen diesmal
2208 2706 3140 2772 alle denken, vie sich von dem Aufsehen erregenden
2200 2750 3145 2816 Aushängeschild der Gerichtsverhandlungen über den
2203 2797 2861 2855 „Reigen“ nicht haben anlocken lassen.
3019 2796 3095 2850 . G.
