3392 4320
965 173 1380 260 box 18/1
271 178 784 269 11. Reigen
868 904 1528 994 Der verbotene „Reigen“.
701 977 1760 1046 Das Kleine Schauspielhaus in der Fasanenstraße hatte
615 1032 1764 1092 für gestern abend die Erstaufführung von Arthur Schnitzlers
632 1076 1762 1137 „Reigen“ angekündigt. Mittags wurde ein hehötdliches Verbot
630 1121 1760 1179 der Vorstellung mitgeteilt — bei Androhunt seiner Strafe von
639 1157 1765 1215 echs Wochen Haft im Fall der Zuwiderhandluyt. Am Abend
632 1204 1773 1264 hat die Aufführung trotzdem stattgefunden: Frau Eysoldt, die
628 1245 1774 1301 Leiterin des Theaters, erschien vor dem Vorhäng, teilte den
623 1285 1774 1357 Tatbestand mit und erklärte, daß man trotz des Yerbots spielen
635 1342 746 1396 wolle.
716 1366 1772 1453 Polizeiliche Verbote der Aufführung eines Dramas, hinter
624 1426 1773 1487 denen als Verfasser ein Mann von dem literarischen Ruf
640 1480 1770 1529 Arthur Schnitzlers steht, haben immer ihr Mißliches. Hier
630 1512 1766 1580 liegt die Sache aber doch so daß sie nicht so ohne weiteres
632 1568 1775 1616 mit Für oder Wider zu entscheiden ist, selbst ganz abgesehen
634 1595 1776 1658 davon, daß der Einspruch zunächst von der Hochschule für
636 1640 1778 1703 Musik, der Eigentümerin des Theaters, erhoben worden ist.
637 1698 1775 1752 Schnitzlers „Reigen“ liegt seit mehr als zwanzig Jahren ge¬
630 1734 1775 1788 druckt vor: der Dichter selbst hat aber bisher aus einem sehr
638 1769 1779 1835 richtigen Gefühl heraus jede öffentliche Aufführung des Werkes
634 1816 1775 1876 untersagt. Szenen, Dialoge vor und nach dem letzten Liebes¬
627 1858 1767 1917 erlebnis zwischen je zwei Menschen von denen der eine in der
639 1897 1767 1968 nächsten Szene mit einem neuen Gegenüber das Thema neu
633 1944 1769 2001 variiert — sie mögen als Literatur ihren Reiz haben: ihre
638 1983 1782 2052 Aufführung, im Theater bringt sie aber vor Kreise, die, Hand
641 2029 1770 2090 aufs Herz, keineswegs um dieser Qualitäten willen die Vor¬
641 2065 1781 2133 stellung besuchen. Schnitzler selbst hatte ein ganz richtiges
638 2116 1766 2188 Empfinden dafür, als er öffentliche Aufführungen bisher
1722 2157 1771 2210 so
633 2158 1723 2218 untersagte. Wenn er dies Verbot jetzt zurückgezogen hat,
640 2202 1774 2263 ist das menschlich begreiflich aus der drückenden Lage heraus,
636 2243 1785 2306 in der die Wiener Schriftsteller heute leben. Er wird damit
642 2296 1769 2358 entlastet nicht aber das Theater. Denn es gibt viele andere
635 2333 1789 2394 und bessere Stücke von Schnitzler, die man aufführen konnte,
641 2372 1768 2437 wenn man ihm helfen wollte. Um so mehr, als die Ver¬
637 2414 1782 2481 bietenden sich hier auf den Verfasser selbst und seine frühere
637 2462 1778 2531 Haltung berufen können. Es wäre etwas ganz anderes wenn
647 2512 1778 2578 es sich um ein wesentliches Hauptwerk eines Schaffenden
635 2543 1781 2612 handelte, dem mit der Nichtaufführung als Mensch und
643 2583 1784 2651 Dichter schweres Unrecht geschähe. Das aber ist hier nicht
649 2641 1772 2694 der Fall — das Theater hat nur einen Mann, der selbst ge¬
651 2672 1786 2746 chmackvoll genug war, bisher dieses Werk auf die Wenigen
643 2714 1785 2791 zu beschränken, in eine peinliche Situation gebracht. Was bei
648 2764 1786 2827 einiger Ueberlegung und einem starken Verantwortlichkeitsge¬
646 2804 1702 2878 fühl gegenüber dem Ganzen zu vermeiden gewesen wäre.
720 2858 1786 2927 Wie wir hören, will die Leitung der Hochschule für Musik
649 2914 1784 2979 über die Gründe, die sie zu ihrem Einspruch veranlaßt haben,
651 2955 1295 3038 selbst noch eine Erklärung abgeben
1141 2990 1495 3108 24. 12.1920
728 3149 1578 3296 Destsche allgemeine Zeitung.
1887 884 2983 944 Berliner Universität und olitik. Für politische Ver¬
1824 927 2978 982 sammlungen und Vorträge in der B eliner Universität hat soeben der
1830 967 2975 1023 Universitätssenat einen Beschluß gefo t, der die ganze, der Ordnung
1820 1013 2974 1059 in der Universität schon einmal gefährlich gewordene Frage neu regelt.
1829 1048 2972 1106 Politische Versammlungen irgendwelcher Art dürfen in den Universitäts¬
2795 1083 2974 1131 Wissen¬
1830 1083 2781 1135 räumen, so beginnt der Senatsbeschluß, nicht stattfinden.
1832 1118 2971 1172 schaftliche Vorträge über politische Gegenstände in den Räumen der
1831 1159 2972 1212 Universität können genehmigt werden, wenn die Vortragenden dem
1824 1197 2977 1248 Lehrkörper der Hochschule angehören oder als Studierende an einer
1825 1247 2975 1293 Universität immatrikuliert sind oder wenn sich für die Wissenschaft¬
1825 1277 2978 1328 lichkeit des Vortragenden Mitglieder des Lehrkörpers der Berliner
1833 1315 2973 1365 Universität verbürgen. An Versammlungen studentischer Vereine und
1823 1357 2976 1410 Gruppen in Universitätsräumen, mögen die Versammlungen politisch
1831 1390 2977 1443 oder nicht politisch sein, dürfen nur Angehörige der Universität teil¬
1820 1432 2978 1483 nehmen. Studentische Vereine und Gruppen dürfen an ihren Ver¬
1842 1463 2979 1520 ammlungen, in denen politische Gegenstände behandelt werden, nur
1834 1517 2970 1558 hre Mitglieder, nicht andere Studierende oder die Gesamtheit der
1829 1556 2978 1605 Studentenschaft einladen. Alle Versammlungen studentischer Vereine
1827 1588 2969 1642 und Gruppen in den Räumen der Universität bedürfen der Genehmi¬
1830 1623 2978 1686 gung des Rektors. Die Bekanntmachungen und Anschläge über
1833 1659 2981 1718 olche Versammlungen sind vorher dem Rektor zur Genehmigung
1825 1706 2013 1772 vorzulegen.
1909 1742 2980 1814 Schluß der Friedmann=Debatte. In der Berliner
1819 1798 2980 1855 medizinischen Gesellschaft wurde in der letzten Sitzung
1831 1839 2970 1888 vor Weihnachten die lange Reibe der Diskussionsredner über die
2696 1874 2968 1928 Vertreter beider
1824 1888 2697 1929 Tuberkulosebehandlung nach Friedmann beendet.
1826 1917 2969 1964 Richtungen kamen noch einmal zum Wort (Unverricht, Engels, Kausch,
1829 1954 2978 1999 Fritz Meyer, Kraus. Fritz Schlesinger, Jungmann, Pionkowskt,
1835 1992 2974 2049 Bergell, Palmié, Rosenthal, Wossidlo); eine Einigung wurde nicht
1832 2023 2968 2080 erreicht. Immerhin hat es den Anschein, als ob die Mehrzahl der
1832 2071 2979 2119 Kliniter, die ibre Fälle mit allen Hilfsmitteln der modernen
1827 2112 2980 2165 Diagnostik untersucht und längere Zeit beobachtet haben, dem Mittel
1834 2143 2979 2196 den Wert eines Schütz= und Hellmittels nicht zusprechen können.
1834 2188 2971 2239 Trotzdem ist man, wie Fr. Kraus, der Direktor der II. medizinischen
1828 2222 2982 2279 Klinik an der Berliner Universität, bemerkte, verpflichtet, das Mittel
1824 2265 2974 2318 weiter zu prüfen, um ein endgültiges Urteil über seine Wirkung zu
1828 2302 2972 2357 ermöglichen. Diesem Zweck soll ja auch die vom Ausschuß der
1823 2341 2981 2390 preußischen Landesversammlung auf Anregung des Ministers ernannte
1822 2382 2973 2433 Kommission dienen, der sich aus berufenen Vertretern der theore¬
1838 2416 2981 2473 tichen und praktischen Mebizin, Anhängern und Gegnern des Fried¬
1827 2464 2973 2507 mannschen Mittels, zusammensetzt. Ihrem — hoffentlich endgültigen
1833 2493 2973 2543 und nur sachlichen — Urteil wird man in absehbarer Zeit entgegen¬
2822 2534 2953 2583 G. W.
1836 2538 2060 2600 sehen müssen.
1897 2571 2980 2628 Bode kommissarischer Direktor des Kaiser=Friedrich¬
1827 2620 2979 2672 Museums. Wilhelm von Bode, der am 1. Oktober seinen Posten
1836 2654 2971 2705 als Generaldirektor der preußischen Kunstsammlungen in die Hände
1844 2698 2985 2746 Otto von Falkes gelegt hat, übernahm nunmehr, um mit seiner Lieb¬
1841 2738 2974 2802 ingsschöpfung in Verbindung zu bleiben, das neugeschaffene Amt
1827 2784 2864 2834 eines kommissarischen Direktors des Kaiser=Friedrich=Museums.
1907 2820 2987 2879 Die Juryfreie Kunstschau im Landesausstellungsgebäude am
1835 2875 2991 2927 Lehrter Bahnhof ist bis einschließlich 2. Januar 1921 verlängert
1835 2913 2982 2971 worden und auch während der Weihnachtsfeiertage täglich von 10 bis
1828 2954 2088 3025 4 Uhr geöffnet.
