<?xml version="1.0" encoding="UTF-8" standalone="yes"?>
<PcGts xmlns="http://schema.primaresearch.org/PAGE/gts/pagecontent/2013-07-15" xmlns:xsi="http://www.w3.org/2001/XMLSchema-instance" xsi:schemaLocation="http://schema.primaresearch.org/PAGE/gts/pagecontent/2013-07-15 http://schema.primaresearch.org/PAGE/gts/pagecontent/2013-07-15/pagecontent.xsd">
    <Metadata>
        <Creator>prov=University of Rostock/Institute of Mathematics/CITlab/Gundram Leifert/gundram.leifert@uni-rostock.de:name=ONB_Newseye_GT_M1+(htr_id=10810)::::v=2.4.3
prov=University of Rostock/Institute of Mathematics/CITlab/Tobias Gruening/tobias.gruening@uni-rostock.de:name=de.uros.citlab.module.baseline2polygon.B2PSeamMultiOriented:v=2.4.3
prov=University of Rostock/Institute of Mathematics/CITlab/Tobias Gruening/tobias.gruening@uni-rostock.de:name=/net_tf/LA73_249_0mod360.pb:de.uros.citlab.segmentation.CITlab_LA_ML:v=2.4.3
Transkribus</Creator>
        <Created>2019-10-07T11:38:24.346+02:00</Created>
        <LastChange>2019-12-04T15:42:26.040+01:00</LastChange>
        <TranskribusMetadata docId="223982" pageId="9503055" pageNr="329" tsid="20400391" status="IN_PROGRESS" userId="40391" imgUrl="https://files.transkribus.eu/Get?id=YXCSPZSHTLMRKBUXNWCOCPQZ&amp;fileType=view" xmlUrl="https://files.transkribus.eu/Get?id=OPBZMAYCMCUPURQXXCQGINLB" imageId="6193269"/>
    </Metadata>
    <Page imageFilename="223982_0329.jpeg" imageWidth="3496" imageHeight="4320">
        <ReadingOrder>
            <OrderedGroup id="ro_1711448380400" caption="Regions reading order">
                <RegionRefIndexed index="0" regionRef="r1"/>
                <RegionRefIndexed index="1" regionRef="r2"/>
                <RegionRefIndexed index="2" regionRef="r3"/>
                <RegionRefIndexed index="3" regionRef="r4"/>
            </OrderedGroup>
        </ReadingOrder>
        <TextRegion orientation="0.0" id="r1" custom="readingOrder {index:0;}">
            <Coords points="438,19 438,194 924,194 924,19"/>
            <TextLine id="r1l1" custom="readingOrder {index:0;}">
                <Coords points="431,132 528,127 646,160 683,147 768,171 825,167 930,154 933,96 771,84 747,68 685,85 642,72 592,93 434,68"/>
                <Baseline points="438,119 463,122 489,125 514,128 540,130 565,132 591,134 617,136 642,137 668,139 693,140 719,141 744,142 770,143 796,143 821,144 847,144 872,144 898,143 924,143"/>
                <TextEquiv>
                    <Unicode>11. Reigen</Unicode>
                </TextEquiv>
            </TextLine>
            <TextEquiv>
                <Unicode>11. Reigen</Unicode>
            </TextEquiv>
        </TextRegion>
        <TextRegion orientation="0.0" id="r2" custom="readingOrder {index:1;}">
            <Coords points="1138,32 1138,190 1528,190 1528,32"/>
            <TextLine id="r2l1" custom="readingOrder {index:0;}">
                <Coords points="1131,151 1173,137 1268,150 1296,136 1359,161 1410,146 1456,157 1526,149 1536,86 1406,75 1347,83 1304,116 1246,88 1230,101 1132,76"/>
                <Baseline points="1138,132 1164,134 1190,135 1216,136 1242,137 1268,137 1294,138 1320,138 1346,138 1372,138 1398,138 1424,138 1450,139 1476,139 1502,139 1528,140"/>
                <TextEquiv>
                    <Unicode>box 17/5</Unicode>
                </TextEquiv>
            </TextLine>
            <TextEquiv>
                <Unicode>box 17/5</Unicode>
            </TextEquiv>
        </TextRegion>
        <TextRegion orientation="0.0" id="r3" custom="readingOrder {index:2;}">
            <Coords points="2122,50 2122,3869 3248,3869 3248,50"/>
            <TextLine id="r3l1" custom="readingOrder {index:0;}">
                <Coords points="2145,83 3249,101 3249,49 3180,41 2146,35"/>
                <Baseline points="2152,73 2206,73 2261,73 2315,74 2370,74 2424,75 2479,76 2533,77 2588,78 2642,79 2697,80 2751,81 2806,82 2860,83 2915,84 2969,85 3024,86 3078,87 3133,87 3187,88 3242,89"/>
                <TextEquiv>
                    <Unicode>Sn</Unicode>
                </TextEquiv>
            </TextLine>
            <TextLine id="r3l2" custom="readingOrder {index:1;}">
                <Coords points="2153,127 3182,156 3242,152 3243,107 2153,80"/>
                <Baseline points="2159,122 2212,122 2266,123 2320,123 2374,123 2428,124 2482,124 2535,125 2589,126 2643,127 2697,128 2751,128 2805,130 2859,131 2912,132 2966,134 3020,135 3074,136 3128,138 3182,139 3236,140"/>
                <TextEquiv>
                    <Unicode>Aufführungsrechtes nahelegen zu müssen,</Unicode>
                </TextEquiv>
            </TextLine>
            <TextLine id="r3l3" custom="readingOrder {index:2;}">
                <Coords points="2146,175 3239,198 3239,149 3159,143 2147,128"/>
                <Baseline points="2154,169 2207,169 2261,170 2315,171 2369,172 2423,173 2477,173 2531,174 2585,175 2639,176 2693,176 2746,177 2800,178 2854,179 2908,180 2962,181 3016,182 3070,183 3124,184 3178,185 3232,187"/>
                <TextEquiv>
                    <Unicode>dieser Auffassung, die, abgesehen von einem kleinen,</Unicode>
                </TextEquiv>
            </TextLine>
            <TextLine id="r3l4" custom="readingOrder {index:3;}">
                <Coords points="2138,230 2847,228 2915,257 3017,221 3207,247 3246,200 2139,169"/>
                <Baseline points="2146,221 2200,220 2255,219 2309,219 2364,219 2419,219 2473,219 2528,220 2582,221 2637,222 2692,223 2746,225 2801,226 2855,227 2910,229 2965,230 3019,231 3074,232 3128,234 3183,234 3238,235"/>
                <TextEquiv>
                    <Unicode>für das Wiener Volksempfinden gewiß nicht maß¬</Unicode>
                </TextEquiv>
            </TextLine>
            <TextLine id="r3l5" custom="readingOrder {index:4;}">
                <Coords points="2145,275 3137,294 3138,247 3073,235 2903,260 2756,231 2651,255 2573,225 2146,232"/>
                <Baseline points="2152,267 2200,267 2249,267 2298,267 2347,268 2396,268 2445,269 2494,269 2543,270 2592,271 2641,272 2689,273 2738,273 2787,274 2836,275 2885,276 2934,277 2983,278 3032,279 3081,279 3130,280"/>
                <TextEquiv>
                    <Unicode>gebenden Zuhörerkreis, wohl eine einmütige</Unicode>
                </TextEquiv>
            </TextLine>
            <TextLine id="r3l6" custom="readingOrder {index:5;}">
                <Coords points="3150,290 3192,291 3209,302 3215,298 3244,303 3248,242 3230,239 3223,245 3206,248 3196,243 3182,254 3153,244"/>
                <Baseline points="3158,281 3184,283 3211,284 3238,287"/>
                <TextEquiv>
                    <Unicode>ist,</Unicode>
                </TextEquiv>
            </TextLine>
            <TextLine id="r3l7" custom="readingOrder {index:6;}">
                <Coords points="2141,318 3255,341 3255,301 3191,291 2142,275"/>
                <Baseline points="2148,314 2203,315 2258,316 2313,316 2368,317 2423,318 2478,319 2533,319 2588,320 2643,321 2698,322 2753,323 2808,324 2863,324 2918,325 2973,326 3028,327 3083,328 3138,329 3193,331 3248,332"/>
                <TextEquiv>
                    <Unicode>durch Untersagen der weiteren</Unicode>
                </TextEquiv>
            </TextLine>
            <TextLine id="r3l8" custom="readingOrder {index:7;}">
                <Coords points="2150,371 3200,394 3250,393 3251,350 2150,321"/>
                <Baseline points="2156,361 2210,362 2264,363 2319,364 2373,365 2427,367 2482,367 2536,369 2590,370 2645,370 2699,372 2753,372 2808,373 2862,374 2916,375 2971,376 3025,377 3079,378 3134,379 3188,380 3243,381"/>
                <TextEquiv>
                    <Unicode>Aufführung Rechnung tragen zu</Unicode>
                </TextEquiv>
            </TextLine>
            <TextLine id="r3l9" custom="readingOrder {index:8;}">
                <Coords points="2149,417 3240,442 3241,386 3154,378 2150,371"/>
                <Baseline points="2156,409 2209,410 2263,411 2317,412 2371,413 2425,414 2479,415 2533,416 2587,417 2641,418 2695,418 2748,419 2802,420 2856,421 2910,422 2964,423 3018,424 3072,425 3126,425 3180,426 3234,428"/>
                <TextEquiv>
                    <Unicode>wollen“. Da Herr Glanz den Bürgermeister bittet,</Unicode>
                </TextEquiv>
            </TextLine>
            <TextLine id="r3l10" custom="readingOrder {index:9;}">
                <Coords points="2152,471 3093,494 3239,478 3240,442 2153,418"/>
                <Baseline points="2160,459 2213,459 2267,460 2320,460 2374,461 2428,462 2481,463 2535,464 2589,465 2642,466 2696,468 2750,469 2803,470 2857,471 2911,472 2964,473 3018,473 3072,474 3125,474 3179,474 3233,474"/>
                <TextEquiv>
                    <Unicode>ihm über die „sodann getroffene Verfügung bald¬</Unicode>
                </TextEquiv>
            </TextLine>
            <TextLine id="r3l11" custom="readingOrder {index:10;}">
                <Coords points="2142,511 3223,546 3240,482 2142,478"/>
                <Baseline points="2148,506 2202,507 2256,508 2310,508 2364,509 2419,510 2473,511 2527,512 2581,513 2635,514 2690,515 2744,516 2798,517 2852,518 2906,519 2961,520 3015,521 3069,522 3123,523 3177,524 3232,525"/>
                <TextEquiv>
                    <Unicode>möglichst eine Mitteilung zukommen zu lassen, so hat,</Unicode>
                </TextEquiv>
            </TextLine>
            <TextLine id="r3l12" custom="readingOrder {index:11;}">
                <Coords points="2141,560 3108,591 3236,586 3255,535 2141,523"/>
                <Baseline points="2147,554 2202,555 2257,556 2312,558 2367,559 2422,560 2477,561 2532,561 2587,563 2642,563 2697,564 2752,565 2807,565 2862,566 2917,567 2972,568 3027,568 3082,569 3137,570 3192,571 3247,572"/>
                <TextEquiv>
                    <Unicode>wie wir zu wissen glauben, der Bürgermeister mit der</Unicode>
                </TextEquiv>
            </TextLine>
            <TextLine id="r3l13" custom="readingOrder {index:12;}">
                <Coords points="2163,612 3198,640 3240,629 3241,586 2164,560"/>
                <Baseline points="2170,602 2223,603 2276,605 2329,606 2382,607 2435,608 2488,608 2542,609 2595,610 2648,611 2701,612 2754,613 2807,613 2860,614 2914,615 2967,616 3020,617 3073,618 3126,618 3179,619 3233,620"/>
                <TextEquiv>
                    <Unicode>Mitteilung“ nicht gezögert und Herrn Glanz wissen</Unicode>
                </TextEquiv>
            </TextLine>
            <TextLine id="r3l14" custom="readingOrder {index:13;}">
                <Coords points="2145,659 3236,689 3237,628 3120,619 2146,616"/>
                <Baseline points="2152,652 2205,653 2259,653 2313,654 2367,654 2421,655 2475,656 2529,657 2583,657 2637,658 2691,659 2744,660 2798,661 2852,662 2906,663 2960,664 3014,665 3068,666 3122,668 3176,669 3230,670"/>
                <TextEquiv>
                    <Unicode>lassen, er habe keinen Anlaß, von der einmal und nach</Unicode>
                </TextEquiv>
            </TextLine>
            <TextLine id="r3l15" custom="readingOrder {index:14;}">
                <Coords points="2140,709 3212,735 3237,689 2140,660"/>
                <Baseline points="2147,700 2201,701 2255,701 2309,702 2363,703 2417,703 2471,704 2525,705 2579,706 2633,707 2688,708 2742,709 2796,710 2850,711 2904,712 2958,712 3012,713 3066,714 3120,714 3174,715 3229,716"/>
                <TextEquiv>
                    <Unicode>sorgfältiger Erwägung aller Umstände getroffenen Ver¬</Unicode>
                </TextEquiv>
            </TextLine>
            <TextLine id="r3l16" custom="readingOrder {index:15;}">
                <Coords points="2148,759 3243,779 3256,725 2148,710"/>
                <Baseline points="2155,749 2209,750 2264,750 2318,751 2373,751 2428,752 2482,753 2537,754 2592,755 2646,756 2701,756 2756,757 2810,758 2865,759 2920,760 2974,761 3029,762 3084,762 3138,763 3193,764 3248,764"/>
                <TextEquiv>
                    <Unicode>fügung abzugehen, und werde eine neue und andere</Unicode>
                </TextEquiv>
            </TextLine>
            <TextLine id="r3l17" custom="readingOrder {index:16;}">
                <Coords points="2142,807 3245,829 3246,779 3186,771 2143,759"/>
                <Baseline points="2149,797 2203,797 2258,798 2312,799 2367,799 2421,800 2476,801 2530,802 2585,803 2639,804 2694,804 2748,805 2803,806 2857,807 2912,808 2966,809 3021,810 3075,811 3130,812 3184,813 3239,814"/>
                <TextEquiv>
                    <Unicode>Verfügung auch nicht treffen. Womit die Sache eben</Unicode>
                </TextEquiv>
            </TextLine>
            <TextLine id="r3l18" custom="readingOrder {index:17;}">
                <Coords points="2144,868 2277,851 2386,868 2476,849 2541,868 2719,862 2719,828 2661,808 2611,823 2589,807 2548,821 2329,806 2240,824 2145,809"/>
                <Baseline points="2152,847 2180,847 2208,846 2236,846 2264,846 2292,846 2320,846 2348,846 2376,846 2404,847 2432,847 2460,847 2488,848 2516,849 2544,849 2572,850 2600,850 2628,851 2656,851 2684,852 2712,853"/>
                <TextEquiv>
                    <Unicode>zum zweitenmal erledigt ist.</Unicode>
                </TextEquiv>
            </TextLine>
            <TextLine id="r3l19" custom="readingOrder {index:18;}">
                <Coords points="2263,905 3249,911 3249,875 3182,867 2264,851"/>
                <Baseline points="2270,895 2318,895 2367,895 2415,895 2464,896 2513,896 2561,897 2610,898 2658,899 2707,900 2756,901 2804,902 2853,903 2901,904 2950,905 2999,906 3047,907 3096,907 3144,908 3193,908 3242,908"/>
                <TextEquiv>
                    <Unicode>Denn was der Minister des Innern da unter¬</Unicode>
                </TextEquiv>
            </TextLine>
            <TextLine id="r3l20" custom="readingOrder {index:19;}">
                <Coords points="2140,950 3249,980 3250,930 3112,911 2141,901"/>
                <Baseline points="2147,942 2201,943 2256,943 2311,944 2366,945 2420,945 2475,946 2530,946 2585,947 2639,948 2694,949 2749,950 2804,950 2858,951 2913,953 2968,954 3023,955 3077,957 3132,959 3187,960 3242,962"/>
                <TextEquiv>
                    <Unicode>nimmt, ist ein dreister Eingriff in eine Rechtssphäre,</Unicode>
                </TextEquiv>
            </TextLine>
            <TextLine id="r3l21" custom="readingOrder {index:20;}">
                <Coords points="2143,999 3172,1024 3235,1014 3236,978 2143,950"/>
                <Baseline points="2149,992 2205,992 2262,992 2319,992 2376,992 2432,993 2489,994 2546,995 2603,996 2660,997 2716,998 2773,999 2830,1000 2887,1001 2944,1002 3000,1004 3057,1005 3114,1006 3171,1007 3228,1007"/>
                <TextEquiv>
                    <Unicode>die ihm nicht untertan ist; ein Eingriff ganz im Geiste</Unicode>
                </TextEquiv>
            </TextLine>
            <TextLine id="r3l22" custom="readingOrder {index:21;}">
                <Coords points="2138,1046 3239,1070 3240,1014 2139,998"/>
                <Baseline points="2145,1038 2199,1039 2253,1039 2308,1040 2362,1041 2416,1042 2471,1042 2525,1043 2579,1044 2634,1045 2688,1046 2742,1047 2797,1048 2851,1048 2905,1050 2960,1051 3014,1052 3068,1052 3123,1053 3177,1054 3232,1055"/>
                <TextEquiv>
                    <Unicode>des alten Polizeiösterreich, wo er ja der ständige Brauch</Unicode>
                </TextEquiv>
            </TextLine>
            <TextLine id="r3l23" custom="readingOrder {index:22;}">
                <Coords points="2146,1095 3251,1118 3252,1075 3137,1057 2147,1055"/>
                <Baseline points="2153,1088 2207,1088 2262,1089 2316,1089 2371,1090 2425,1090 2480,1091 2534,1092 2589,1093 2643,1093 2698,1094 2753,1095 2807,1096 2862,1098 2916,1099 2971,1099 3025,1100 3080,1101 3134,1102 3189,1103 3244,1103"/>
                <TextEquiv>
                    <Unicode>war. Da war es freilich möglich, daß man im Burgtheater</Unicode>
                </TextEquiv>
            </TextLine>
            <TextLine id="r3l24" custom="readingOrder {index:23;}">
                <Coords points="2144,1145 3251,1166 3251,1121 3200,1111 2145,1096"/>
                <Baseline points="2152,1136 2206,1136 2261,1137 2315,1138 2370,1138 2425,1139 2479,1140 2534,1141 2588,1141 2643,1142 2698,1143 2752,1144 2807,1145 2861,1146 2916,1147 2971,1148 3025,1148 3080,1149 3134,1150 3189,1151 3244,1152"/>
                <TextEquiv>
                    <Unicode>die weiteren Aufführungen von „Rose Bernd“ von</Unicode>
                </TextEquiv>
            </TextLine>
            <TextLine id="r3l25" custom="readingOrder {index:24;}">
                <Coords points="2138,1185 3247,1213 3248,1165 3096,1153 2139,1145"/>
                <Baseline points="2145,1184 2199,1184 2254,1185 2309,1186 2364,1186 2418,1187 2473,1188 2528,1189 2583,1189 2637,1190 2692,1191 2747,1192 2802,1193 2856,1193 2911,1194 2966,1195 3021,1196 3075,1196 3130,1197 3185,1198 3240,1199"/>
                <TextEquiv>
                    <Unicode>Gerhart Hauptmann verbot, weil irgend ein Frauen¬</Unicode>
                </TextEquiv>
            </TextLine>
            <TextLine id="r3l26" custom="readingOrder {index:25;}">
                <Coords points="2139,1247 2153,1251 2169,1238 2198,1236 2214,1249 2220,1245 2242,1254 2276,1243 2298,1222 2344,1219 2344,1208 2314,1199 2304,1207 2273,1197 2241,1205 2212,1191 2191,1199 2140,1186"/>
                <Baseline points="2147,1235 2174,1232 2201,1231 2228,1232 2255,1232 2282,1234 2309,1234 2337,1235"/>
                <TextEquiv>
                    <Unicode>zimmer</Unicode>
                </TextEquiv>
            </TextLine>
            <TextLine id="r3l27" custom="readingOrder {index:26;}">
                <Coords points="2352,1238 3196,1259 3231,1255 3232,1212 2352,1201"/>
                <Baseline points="2359,1234 2402,1235 2445,1236 2488,1237 2532,1238 2575,1239 2618,1240 2662,1240 2705,1241 2748,1241 2792,1242 2835,1242 2878,1242 2921,1243 2965,1243 3008,1243 3051,1244 3095,1244 3138,1244 3181,1245 3225,1245"/>
                <TextEquiv>
                    <Unicode>vom Hof an dem unehelichen Kinde</Unicode>
                </TextEquiv>
            </TextLine>
            <TextLine id="r3l28" custom="readingOrder {index:27;}">
                <Coords points="2139,1297 2784,1277 2828,1311 3127,1310 3234,1300 3235,1256 2139,1249"/>
                <Baseline points="2146,1283 2200,1282 2254,1282 2308,1282 2362,1282 2416,1282 2470,1283 2524,1283 2578,1284 2632,1285 2687,1286 2741,1287 2795,1288 2849,1289 2903,1290 2957,1291 3011,1291 3065,1292 3119,1292 3173,1292 3228,1292"/>
                <TextEquiv>
                    <Unicode>„Aergernis“ genommen hatte; aber in der Republik</Unicode>
                </TextEquiv>
            </TextLine>
            <TextLine id="r3l29" custom="readingOrder {index:28;}">
                <Coords points="2134,1336 3238,1350 3238,1306 3180,1299 2135,1297"/>
                <Baseline points="2141,1329 2195,1328 2250,1329 2304,1329 2359,1329 2413,1330 2468,1331 2522,1331 2577,1332 2631,1333 2686,1334 2740,1335 2795,1336 2849,1337 2904,1338 2958,1339 3013,1340 3067,1341 3122,1341 3176,1341 3231,1342"/>
                <TextEquiv>
                    <Unicode>werden die altösterreichischen Polizeimanieren trotz des</Unicode>
                </TextEquiv>
            </TextLine>
            <TextLine id="r3l30" custom="readingOrder {index:29;}">
                <Coords points="2144,1385 3175,1408 3243,1405 3244,1354 2145,1333"/>
                <Baseline points="2151,1377 2205,1377 2259,1377 2313,1377 2368,1378 2422,1378 2476,1379 2530,1380 2585,1381 2639,1383 2693,1384 2747,1385 2802,1386 2856,1387 2910,1388 2964,1388 3019,1389 3073,1389 3127,1390 3181,1389 3236,1389"/>
                <TextEquiv>
                    <Unicode>Glanz nicht einreißen. Die Behauptung, daß dem Minister</Unicode>
                </TextEquiv>
            </TextLine>
            <TextLine id="r3l31" custom="readingOrder {index:30;}">
                <Coords points="2146,1431 3216,1452 3233,1401 2146,1386"/>
                <Baseline points="2153,1424 2206,1425 2260,1426 2313,1426 2367,1427 2421,1428 2474,1428 2528,1429 2581,1429 2635,1430 2689,1431 2742,1431 2796,1432 2849,1433 2903,1434 2957,1434 3010,1435 3064,1436 3117,1437 3171,1438 3225,1439"/>
                <TextEquiv>
                    <Unicode>des Innern gegenüber einem Bundesland — das ist</Unicode>
                </TextEquiv>
            </TextLine>
            <TextLine id="r3l32" custom="readingOrder {index:31;}">
                <Coords points="2146,1481 2167,1478 2179,1487 2201,1483 2208,1486 2226,1480 2232,1485 2239,1481 2243,1485 2249,1480 2265,1485 2265,1443 2244,1438 2240,1441 2236,1437 2229,1442 2213,1441 2204,1433 2191,1430 2145,1431"/>
                <Baseline points="2152,1474 2178,1473 2205,1473 2231,1473 2258,1472"/>
                <TextEquiv>
                    <Unicode>Wien</Unicode>
                </TextEquiv>
            </TextLine>
            <TextLine id="r3l33" custom="readingOrder {index:32;}">
                <Coords points="2327,1483 3217,1504 3239,1447 2590,1429 2327,1454"/>
                <Baseline points="2333,1479 2380,1478 2427,1477 2474,1477 2522,1476 2569,1477 2616,1477 2664,1477 2711,1478 2758,1479 2806,1480 2853,1481 2900,1482 2948,1483 2995,1484 3042,1486 3090,1487 3137,1488 3184,1489 3232,1490"/>
                <TextEquiv>
                    <Unicode>ein „Aufsichtsrecht“ zustehe, ist einfach</Unicode>
                </TextEquiv>
            </TextLine>
            <TextLine id="r3l34" custom="readingOrder {index:33;}">
                <Coords points="2143,1529 2203,1542 2251,1508 2354,1551 3077,1547 3112,1536 3113,1489 2682,1484 2643,1515 2530,1482 2144,1483"/>
                <Baseline points="2151,1522 2198,1521 2246,1522 2294,1522 2341,1522 2389,1523 2437,1523 2484,1524 2532,1524 2580,1525 2628,1526 2675,1527 2723,1527 2771,1528 2818,1529 2866,1530 2914,1530 2961,1531 3009,1531 3057,1532 3105,1532"/>
                <TextEquiv>
                    <Unicode>eine Unverschämtheit; der Bundesminister</Unicode>
                </TextEquiv>
            </TextLine>
            <TextLine id="r3l35" custom="readingOrder {index:34;}">
                <Coords points="3113,1529 3123,1531 3129,1525 3139,1535 3153,1533 3178,1550 3189,1544 3200,1553 3216,1542 3220,1546 3237,1543 3237,1500 3217,1503 3199,1490 3177,1494 3164,1504 3153,1499 3136,1503 3127,1511 3113,1512"/>
                <Baseline points="3120,1535 3147,1536 3174,1536 3201,1535 3229,1536"/>
                <TextEquiv>
                    <Unicode>hat</Unicode>
                </TextEquiv>
            </TextLine>
            <TextLine id="r3l36" custom="readingOrder {index:35;}">
                <Coords points="2144,1603 2479,1565 3227,1601 3240,1544 2145,1540"/>
                <Baseline points="2151,1572 2205,1572 2259,1572 2313,1572 2367,1572 2421,1573 2475,1573 2529,1574 2583,1574 2637,1575 2691,1576 2745,1577 2799,1577 2853,1578 2907,1579 2961,1580 3015,1581 3069,1582 3123,1583 3177,1584 3232,1585"/>
                <TextEquiv>
                    <Unicode>gegenüber den Landeshauptleuten die Zuständig¬</Unicode>
                </TextEquiv>
            </TextLine>
            <TextLine id="r3l37" custom="readingOrder {index:36;}">
                <Coords points="2144,1625 3235,1641 3214,1601 3005,1583 2144,1602"/>
                <Baseline points="2151,1618 2204,1618 2258,1619 2312,1619 2366,1620 2420,1621 2474,1621 2527,1622 2581,1623 2635,1624 2689,1624 2743,1625 2797,1626 2851,1627 2904,1627 2958,1628 3012,1629 3066,1629 3120,1630 3174,1630 3228,1630"/>
                <TextEquiv>
                    <Unicode>eiten, die ihm die Verfassung gibt: keine anderen.</Unicode>
                </TextEquiv>
            </TextLine>
            <TextLine id="r3l38" custom="readingOrder {index:37;}">
                <Coords points="2132,1676 3235,1687 3213,1637 2133,1623"/>
                <Baseline points="2140,1665 2194,1666 2248,1667 2303,1667 2357,1668 2412,1669 2466,1670 2520,1670 2575,1671 2629,1672 2684,1673 2738,1673 2792,1674 2847,1675 2901,1676 2956,1676 3010,1677 3064,1678 3119,1679 3173,1680 3228,1681"/>
                <TextEquiv>
                    <Unicode>Und daß in der Bundesverfassung von einem Rechte</Unicode>
                </TextEquiv>
            </TextLine>
            <TextLine id="r3l39" custom="readingOrder {index:38;}">
                <Coords points="2134,1719 3043,1745 3239,1734 3240,1693 2135,1675"/>
                <Baseline points="2142,1713 2196,1714 2251,1714 2305,1715 2360,1716 2414,1717 2469,1717 2523,1718 2578,1719 2632,1720 2687,1721 2741,1722 2796,1722 2850,1723 2905,1724 2959,1725 3014,1725 3068,1726 3123,1727 3177,1727 3232,1728"/>
                <TextEquiv>
                    <Unicode>der Aussicht über die Verwaltung der Bundesländer</Unicode>
                </TextEquiv>
            </TextLine>
            <TextLine id="r3l40" custom="readingOrder {index:39;}">
                <Coords points="2140,1770 3204,1792 3228,1735 2929,1757 2861,1722 2141,1720"/>
                <Baseline points="2148,1760 2201,1762 2255,1763 2308,1765 2362,1766 2416,1767 2469,1767 2523,1768 2577,1769 2630,1769 2684,1770 2738,1770 2791,1771 2845,1771 2899,1772 2952,1773 3006,1774 3060,1775 3113,1776 3167,1777 3221,1779"/>
                <TextEquiv>
                    <Unicode>die Rede wäre, ist ratürlich unwahr; das hat sich</Unicode>
                </TextEquiv>
            </TextLine>
            <TextLine id="r3l41" custom="readingOrder {index:40;}">
                <Coords points="2143,1829 3237,1846 3238,1787 2144,1768"/>
                <Baseline points="2150,1810 2204,1811 2258,1812 2312,1813 2366,1814 2420,1815 2474,1815 2528,1816 2582,1816 2636,1817 2690,1817 2744,1818 2798,1819 2852,1819 2906,1820 2960,1820 3014,1821 3068,1822 3122,1823 3176,1824 3230,1825"/>
                <TextEquiv>
                    <Unicode>Herr Glanz einfach erfunden. Der Wackere würde sich</Unicode>
                </TextEquiv>
            </TextLine>
            <TextLine id="r3l42" custom="readingOrder {index:41;}">
                <Coords points="2130,1874 3218,1895 3240,1850 2131,1831"/>
                <Baseline points="2138,1858 2192,1860 2247,1860 2302,1861 2356,1862 2411,1863 2466,1864 2520,1864 2575,1865 2630,1865 2685,1866 2739,1867 2794,1867 2849,1868 2903,1869 2958,1869 3013,1870 3067,1871 3122,1872 3177,1873 3232,1874"/>
                <TextEquiv>
                    <Unicode>natürlich hüten, etwa gegen den Landeshauptmann von</Unicode>
                </TextEquiv>
            </TextLine>
            <TextLine id="r3l43" custom="readingOrder {index:42;}">
                <Coords points="2134,1920 3240,1937 3241,1891 2135,1870"/>
                <Baseline points="2141,1906 2195,1907 2250,1908 2304,1910 2359,1910 2414,1911 2468,1912 2523,1913 2577,1913 2632,1914 2687,1915 2741,1915 2796,1916 2850,1917 2905,1918 2960,1919 3014,1919 3069,1920 3123,1922 3178,1923 3233,1925"/>
                <TextEquiv>
                    <Unicode>Vorarlberg dieses Aufsichtsrecht in Anspruch zu</Unicode>
                </TextEquiv>
            </TextLine>
            <TextLine id="r3l44" custom="readingOrder {index:43;}">
                <Coords points="2128,1965 3243,1978 3243,1936 3157,1920 2129,1917"/>
                <Baseline points="2136,1956 2191,1957 2246,1958 2301,1959 2356,1960 2411,1960 2466,1961 2521,1962 2576,1962 2631,1962 2686,1963 2741,1963 2796,1964 2851,1964 2906,1965 2961,1966 3016,1967 3071,1968 3126,1969 3181,1970 3236,1971"/>
                <TextEquiv>
                    <Unicode>nehmen; gegen den Landeshauptmann von Wien</Unicode>
                </TextEquiv>
            </TextLine>
            <TextLine id="r3l45" custom="readingOrder {index:44;}">
                <Coords points="2139,2013 3241,2037 3234,1974 2140,1970"/>
                <Baseline points="2146,2003 2200,2004 2254,2005 2309,2006 2363,2007 2418,2008 2472,2008 2526,2009 2581,2010 2635,2010 2690,2011 2744,2012 2798,2012 2853,2013 2907,2014 2962,2014 3016,2015 3070,2016 3125,2017 3179,2019 3234,2020"/>
                <TextEquiv>
                    <Unicode>erdreistet er sich dieses Anspruchs und vermeint,</Unicode>
                </TextEquiv>
            </TextLine>
            <TextLine id="r3l46" custom="readingOrder {index:45;}">
                <Coords points="2138,2065 3236,2088 3237,2036 3127,2022 2139,2014"/>
                <Baseline points="2145,2052 2199,2053 2253,2053 2307,2054 2362,2055 2416,2055 2470,2056 2524,2056 2579,2057 2633,2058 2687,2059 2741,2059 2796,2060 2850,2061 2904,2062 2958,2063 3013,2064 3067,2066 3121,2067 3175,2068 3230,2069"/>
                <TextEquiv>
                    <Unicode>sich ihm gegenüber als Vorgesetzter aufspielen zu</Unicode>
                </TextEquiv>
            </TextLine>
            <TextLine id="r3l47" custom="readingOrder {index:46;}">
                <Coords points="2125,2098 3249,2122 3249,2087 3111,2071 2125,2057"/>
                <Baseline points="2131,2101 2186,2102 2242,2102 2297,2103 2353,2104 2408,2104 2464,2105 2519,2106 2575,2106 2630,2107 2686,2108 2742,2108 2797,2109 2853,2110 2908,2111 2964,2112 3019,2112 3075,2113 3130,2114 3186,2115 3242,2115"/>
                <TextEquiv>
                    <Unicode>dürfen! Daß dieselbige „Reichspost“ die, wenn etwa ein</Unicode>
                </TextEquiv>
            </TextLine>
            <TextLine id="r3l48" custom="readingOrder {index:47;}">
                <Coords points="2139,2156 3245,2176 3246,2126 2955,2133 2826,2096 2744,2131 2140,2109"/>
                <Baseline points="2146,2149 2200,2149 2255,2150 2309,2150 2364,2151 2419,2152 2473,2152 2528,2153 2582,2154 2637,2155 2692,2156 2746,2156 2801,2157 2855,2158 2910,2159 2965,2160 3019,2160 3074,2161 3128,2162 3183,2162 3238,2163"/>
                <TextEquiv>
                    <Unicode>sozialdemokratischer Minister des Innern den Landes¬</Unicode>
                </TextEquiv>
            </TextLine>
            <TextLine id="r3l49" custom="readingOrder {index:48;}">
                <Coords points="2128,2208 3234,2229 3216,2168 2129,2160"/>
                <Baseline points="2135,2198 2189,2198 2244,2198 2298,2199 2353,2199 2408,2200 2462,2200 2517,2201 2571,2202 2626,2203 2681,2204 2735,2205 2790,2206 2844,2207 2899,2208 2954,2209 3008,2210 3063,2211 3117,2212 3172,2213 3227,2214"/>
                <TextEquiv>
                    <Unicode>hauptmann von Steiermark beaufsichtigen wollte, auf</Unicode>
                </TextEquiv>
            </TextLine>
            <TextLine id="r3l50" custom="readingOrder {index:49;}">
                <Coords points="2132,2251 2950,2283 3200,2271 3225,2228 2132,2207"/>
                <Baseline points="2138,2245 2194,2246 2251,2247 2308,2248 2365,2249 2421,2249 2478,2250 2535,2251 2592,2252 2649,2252 2705,2253 2762,2254 2819,2255 2876,2255 2933,2256 2989,2257 3046,2258 3103,2258 3160,2259 3217,2260"/>
                <TextEquiv>
                    <Unicode>die Bundesverfassung verweisen würde, der Tat¬</Unicode>
                </TextEquiv>
            </TextLine>
            <TextLine id="r3l51" custom="readingOrder {index:50;}">
                <Coords points="2133,2304 3234,2316 3234,2277 3080,2260 2133,2255"/>
                <Baseline points="2140,2295 2194,2296 2248,2297 2303,2298 2357,2299 2411,2299 2466,2300 2520,2301 2574,2301 2629,2301 2683,2302 2737,2302 2792,2303 2846,2303 2900,2303 2955,2304 3009,2304 3063,2305 3118,2306 3172,2307 3227,2308"/>
                <TextEquiv>
                    <Unicode>sache ganz vergißt, daß wir nun ein Bundes¬</Unicode>
                </TextEquiv>
            </TextLine>
            <TextLine id="r3l52" custom="readingOrder {index:51;}">
                <Coords points="2143,2356 2662,2340 2774,2374 3143,2375 3223,2365 3224,2309 3104,2334 3046,2306 2144,2304"/>
                <Baseline points="2150,2343 2203,2344 2256,2344 2310,2345 2363,2345 2416,2346 2470,2346 2523,2347 2576,2347 2630,2348 2683,2348 2736,2349 2790,2350 2843,2350 2896,2351 2950,2352 3003,2353 3056,2354 3110,2356 3163,2357 3217,2358"/>
                <TextEquiv>
                    <Unicode>taat sind, die Länder souveräne Staaten, also</Unicode>
                </TextEquiv>
            </TextLine>
            <TextLine id="r3l53" custom="readingOrder {index:52;}">
                <Coords points="2131,2397 3238,2414 3230,2360 2132,2352"/>
                <Baseline points="2139,2390 2193,2390 2248,2391 2302,2392 2357,2392 2412,2393 2466,2393 2521,2394 2575,2395 2630,2396 2685,2396 2739,2397 2794,2398 2848,2399 2903,2400 2958,2401 3012,2402 3067,2403 3121,2404 3176,2405 3231,2406"/>
                <TextEquiv>
                    <Unicode>der Aufsicht des Ministers des Innern nicht</Unicode>
                </TextEquiv>
            </TextLine>
            <TextLine id="r3l54" custom="readingOrder {index:53;}">
                <Coords points="2129,2447 3232,2466 3216,2411 2130,2410"/>
                <Baseline points="2136,2439 2190,2440 2244,2440 2299,2441 2353,2442 2408,2442 2462,2443 2517,2443 2571,2444 2626,2445 2680,2445 2734,2446 2789,2447 2843,2448 2898,2449 2952,2449 3007,2450 3061,2452 3116,2453 3170,2454 3225,2456"/>
                <TextEquiv>
                    <Unicode>untertänig, ist nicht überraschend und, natürlich, auch</Unicode>
                </TextEquiv>
            </TextLine>
            <TextLine id="r3l55" custom="readingOrder {index:54;}">
                <Coords points="2143,2496 3205,2519 3238,2467 2144,2448"/>
                <Baseline points="2150,2487 2204,2488 2258,2489 2312,2489 2366,2490 2420,2491 2474,2491 2528,2492 2582,2493 2636,2494 2690,2495 2744,2495 2798,2496 2852,2497 2906,2497 2960,2498 3014,2499 3068,2500 3122,2500 3176,2501 3231,2501"/>
                <TextEquiv>
                    <Unicode>licht wichtig; den Herrn Minister des Innern in</Unicode>
                </TextEquiv>
            </TextLine>
            <TextLine id="r3l56" custom="readingOrder {index:55;}">
                <Coords points="2143,2542 3176,2569 3230,2552 3231,2514 2144,2496"/>
                <Baseline points="2150,2535 2203,2536 2257,2537 2310,2538 2364,2538 2418,2539 2471,2540 2525,2541 2579,2541 2632,2542 2686,2543 2740,2543 2793,2544 2847,2544 2901,2545 2954,2546 3008,2546 3062,2547 3115,2548 3169,2549 3223,2549"/>
                <TextEquiv>
                    <Unicode>einen Kompetenzen zu halten, wird aber unschwer ge¬</Unicode>
                </TextEquiv>
            </TextLine>
            <TextLine id="r3l57" custom="readingOrder {index:56;}">
                <Coords points="2136,2593 3237,2611 3202,2561 2136,2539"/>
                <Baseline points="2143,2584 2197,2585 2251,2586 2306,2586 2360,2587 2414,2588 2469,2588 2523,2589 2577,2590 2632,2591 2686,2591 2740,2592 2795,2592 2849,2593 2903,2594 2958,2595 3012,2595 3066,2596 3121,2597 3175,2597 3230,2598"/>
                <TextEquiv>
                    <Unicode>lingen. Er wird auch den Landeshauptmann von</Unicode>
                </TextEquiv>
            </TextLine>
            <TextLine id="r3l58" custom="readingOrder {index:57;}">
                <Coords points="2124,2645 3219,2669 3219,2613 3149,2601 2124,2599"/>
                <Baseline points="2130,2630 2184,2631 2238,2633 2292,2634 2346,2635 2400,2635 2454,2636 2508,2637 2562,2638 2616,2638 2671,2639 2725,2639 2779,2640 2833,2641 2887,2641 2941,2642 2995,2643 3049,2644 3103,2644 3157,2645 3212,2646"/>
                <TextEquiv>
                    <Unicode>Wien nicht beaufsichtigen und in die Verwaltung</Unicode>
                </TextEquiv>
            </TextLine>
            <TextLine id="r3l59" custom="readingOrder {index:58;}">
                <Coords points="2129,2690 2606,2706 2662,2673 2742,2705 3163,2711 3220,2702 3221,2661 2130,2641"/>
                <Baseline points="2137,2679 2190,2680 2244,2681 2298,2682 2352,2683 2406,2683 2460,2684 2513,2685 2567,2685 2621,2686 2675,2686 2729,2687 2783,2687 2837,2688 2890,2689 2944,2690 2998,2691 3052,2692 3106,2693 3160,2694 3214,2695"/>
                <TextEquiv>
                    <Unicode>des Bundeslandes Wien nichts dreinreden dürfen.</Unicode>
                </TextEquiv>
            </TextLine>
            <TextLine id="r3l60" custom="readingOrder {index:59;}">
                <Coords points="2245,2735 3132,2765 3233,2756 3234,2713 2246,2692"/>
                <Baseline points="2252,2729 2300,2730 2349,2731 2398,2732 2447,2733 2495,2733 2544,2734 2593,2735 2642,2735 2690,2736 2739,2736 2788,2737 2837,2737 2885,2738 2934,2738 2983,2739 3032,2740 3080,2740 3129,2741 3178,2742 3227,2742"/>
                <TextEquiv>
                    <Unicode>Ueber künstlerische Fragen werden wir mit Herrn</Unicode>
                </TextEquiv>
            </TextLine>
            <TextLine id="r3l61" custom="readingOrder {index:60;}">
                <Coords points="2129,2788 3228,2807 3228,2757 3174,2745 2129,2731"/>
                <Baseline points="2135,2776 2189,2777 2243,2778 2297,2779 2352,2780 2406,2781 2460,2782 2515,2782 2569,2783 2623,2784 2678,2784 2732,2785 2786,2786 2840,2786 2895,2787 2949,2787 3003,2787 3058,2788 3112,2788 3166,2788 3221,2788"/>
                <TextEquiv>
                    <Unicode>Dr. Glanz keine Diskussion führen, die Heiterkeit aber</Unicode>
                </TextEquiv>
            </TextLine>
            <TextLine id="r3l62" custom="readingOrder {index:61;}">
                <Coords points="2128,2829 3226,2848 3227,2808 3126,2788 2129,2795"/>
                <Baseline points="2135,2822 2189,2824 2243,2825 2297,2827 2352,2828 2406,2829 2460,2830 2514,2831 2569,2832 2623,2832 2677,2833 2731,2833 2786,2834 2840,2834 2894,2835 2948,2835 3003,2836 3057,2836 3111,2837 3165,2838 3220,2839"/>
                <TextEquiv>
                    <Unicode>ob des Schauspiels, ihn als Dolmetsch des Wiener</Unicode>
                </TextEquiv>
            </TextLine>
            <TextLine id="r3l63" custom="readingOrder {index:62;}">
                <Coords points="2116,2882 3225,2902 3226,2848 2117,2835"/>
                <Baseline points="2123,2873 2177,2873 2232,2874 2287,2874 2342,2875 2396,2876 2451,2877 2506,2878 2561,2879 2615,2880 2670,2882 2725,2883 2780,2884 2834,2885 2889,2885 2944,2886 2999,2887 3053,2887 3108,2887 3163,2887 3218,2887"/>
                <TextEquiv>
                    <Unicode>Volksempfindens auftreten zu sehen, ungehemmt</Unicode>
                </TextEquiv>
            </TextLine>
            <TextLine id="r3l64" custom="readingOrder {index:63;}">
                <Coords points="2128,2930 3217,2953 3181,2891 2129,2884"/>
                <Baseline points="2135,2920 2188,2921 2242,2923 2296,2925 2350,2926 2403,2927 2457,2927 2511,2928 2565,2929 2618,2929 2672,2930 2726,2930 2780,2930 2833,2931 2887,2932 2941,2932 2995,2933 3048,2934 3102,2935 3156,2936 3210,2938"/>
                <TextEquiv>
                    <Unicode>walten lassen. Der Herr Dr. Glanz irrt auch sehr,</Unicode>
                </TextEquiv>
            </TextLine>
            <TextLine id="r3l65" custom="readingOrder {index:64;}">
                <Coords points="2129,2979 2475,2989 2537,2958 2616,2998 3156,3003 3216,2998 3217,2952 2130,2933"/>
                <Baseline points="2137,2969 2190,2970 2244,2971 2297,2972 2351,2973 2405,2974 2458,2975 2512,2976 2566,2977 2619,2977 2673,2978 2727,2979 2780,2980 2834,2980 2888,2981 2941,2981 2995,2982 3049,2982 3102,2983 3156,2983 3210,2984"/>
                <TextEquiv>
                    <Unicode>wenn er die Stimmen der Kunstkritiker,</Unicode>
                </TextEquiv>
            </TextLine>
            <TextLine id="r3l66" custom="readingOrder {index:65;}">
                <Coords points="2129,3029 3203,3038 3188,2996 3087,2988 2806,3015 2716,2984 2129,2979"/>
                <Baseline points="2136,3017 2189,3019 2242,3020 2295,3021 2348,3022 2401,3023 2454,3024 2507,3025 2560,3025 2613,3026 2666,3027 2719,3027 2772,3028 2825,3028 2878,3029 2931,3029 2984,3030 3037,3031 3090,3031 3143,3032 3196,3033"/>
                <TextEquiv>
                    <Unicode>die Zweifel geäußert haben, ob der „Reigen</Unicode>
                </TextEquiv>
            </TextLine>
            <TextLine id="r3l67" custom="readingOrder {index:66;}">
                <Coords points="2126,3077 3216,3090 3217,3033 3048,3058 2587,3025 2449,3055 2127,3027"/>
                <Baseline points="2133,3067 2186,3068 2240,3069 2294,3070 2348,3071 2402,3072 2455,3072 2509,3073 2563,3074 2617,3075 2671,3075 2724,3076 2778,3076 2832,3077 2886,3078 2940,3078 2993,3079 3047,3079 3101,3080 3155,3081 3209,3082"/>
                <TextEquiv>
                    <Unicode>aufzuführen sei, als Zeugen dafür anführt, daß die</Unicode>
                </TextEquiv>
            </TextLine>
            <TextLine id="r3l68" custom="readingOrder {index:67;}">
                <Coords points="2125,3131 3179,3143 3218,3140 3219,3097 2126,3077"/>
                <Baseline points="2133,3114 2186,3115 2240,3116 2294,3117 2348,3117 2402,3118 2456,3119 2510,3120 2564,3121 2618,3122 2672,3123 2725,3124 2779,3124 2833,3125 2887,3126 2941,3127 2995,3127 3049,3128 3103,3128 3157,3129 3211,3129"/>
                <TextEquiv>
                    <Unicode>Aufführungen verboten werden sollen. Man kann sehr</Unicode>
                </TextEquiv>
            </TextLine>
            <TextLine id="r3l69" custom="readingOrder {index:68;}">
                <Coords points="2126,3179 3229,3194 3207,3137 2127,3134"/>
                <Baseline points="2134,3160 2188,3162 2242,3164 2297,3166 2351,3167 2406,3169 2460,3170 2514,3170 2569,3171 2623,3172 2678,3172 2732,3173 2786,3173 2841,3174 2895,3174 2950,3174 3004,3175 3058,3175 3113,3175 3167,3176 3222,3177"/>
                <TextEquiv>
                    <Unicode>wohl der Meinung sein, daß man ein Stück nicht</Unicode>
                </TextEquiv>
            </TextLine>
            <TextLine id="r3l70" custom="readingOrder {index:69;}">
                <Coords points="2127,3228 2157,3216 2243,3237 2337,3218 2385,3236 2440,3222 2510,3235 2596,3208 2597,3183 2550,3196 2517,3183 2455,3191 2428,3175 2332,3190 2189,3169 2128,3177"/>
                <Baseline points="2135,3212 2160,3212 2185,3212 2210,3213 2235,3213 2261,3213 2286,3213 2311,3214 2336,3214 2362,3214 2387,3215 2412,3215 2437,3215 2462,3216 2488,3216 2513,3217 2538,3217 2563,3217 2589,3218"/>
                <TextEquiv>
                    <Unicode>aufführen sollte —</Unicode>
                </TextEquiv>
            </TextLine>
            <TextLine id="r3l71" custom="readingOrder {index:70;}">
                <Coords points="2598,3222 2782,3236 2858,3205 2940,3248 3051,3222 3096,3243 3224,3239 3224,3196 3112,3179 3085,3196 3013,3178 2599,3184"/>
                <Baseline points="2605,3218 2635,3219 2666,3220 2696,3220 2727,3221 2758,3221 2788,3222 2819,3222 2849,3222 2880,3222 2911,3222 2941,3222 2972,3223 3002,3223 3033,3223 3064,3223 3094,3223 3125,3224 3155,3225 3186,3225 3217,3226"/>
                <TextEquiv>
                    <Unicode>wir zum Beispiel halten</Unicode>
                </TextEquiv>
            </TextLine>
            <TextLine id="r3l72" custom="readingOrder {index:71;}">
                <Coords points="2129,3270 3112,3290 3217,3283 3218,3237 2130,3228"/>
                <Baseline points="2136,3259 2189,3260 2243,3261 2297,3262 2351,3263 2404,3264 2458,3265 2512,3266 2566,3267 2619,3267 2673,3268 2727,3268 2781,3269 2834,3269 2888,3270 2942,3271 2996,3272 3049,3272 3103,3273 3157,3274 3211,3275"/>
                <TextEquiv>
                    <Unicode>einen recht beträchtlichen Teil der Stücke, die</Unicode>
                </TextEquiv>
            </TextLine>
            <TextLine id="r3l73" custom="readingOrder {index:72;}">
                <Coords points="2133,3321 2788,3311 3232,3350 3233,3283 2134,3270"/>
                <Baseline points="2140,3309 2194,3310 2248,3312 2302,3313 2357,3314 2411,3315 2465,3315 2520,3316 2574,3316 2628,3317 2683,3317 2737,3318 2791,3318 2845,3318 2900,3318 2954,3319 3008,3319 3063,3320 3117,3321 3171,3321 3226,3322"/>
                <TextEquiv>
                    <Unicode>jahraus, jahrein auf den Wiener Theatern</Unicode>
                </TextEquiv>
            </TextLine>
            <TextLine id="r3l74" custom="readingOrder {index:73;}">
                <Coords points="2127,3369 2151,3365 2185,3375 2194,3367 2225,3365 2243,3370 2255,3367 2275,3375 2274,3322 2243,3321 2225,3327 2214,3317 2191,3325 2170,3317 2159,3324 2142,3320 2127,3326"/>
                <Baseline points="2134,3360 2160,3359 2187,3358 2214,3358 2241,3357 2268,3358"/>
                <TextEquiv>
                    <Unicode>gespielt</Unicode>
                </TextEquiv>
            </TextLine>
            <TextLine id="r3l75" custom="readingOrder {index:74;}">
                <Coords points="2350,3375 2386,3376 2393,3369 2429,3365 2456,3373 2471,3366 2497,3382 2531,3365 2562,3366 2562,3347 2543,3350 2531,3337 2495,3337 2477,3324 2459,3332 2436,3318 2413,3333 2392,3335 2352,3327"/>
                <Baseline points="2358,3361 2386,3360 2414,3360 2442,3360 2470,3361 2498,3363 2526,3366 2555,3368"/>
                <TextEquiv>
                    <Unicode>werden,</Unicode>
                </TextEquiv>
            </TextLine>
            <TextLine id="r3l76" custom="readingOrder {index:75;}">
                <Coords points="2599,3381 2626,3370 2666,3382 2693,3361 2721,3358 2758,3391 2796,3373 2840,3371 2861,3387 2872,3380 2905,3395 2906,3341 2863,3324 2814,3332 2773,3321 2750,3340 2711,3347 2683,3343 2663,3322 2646,3333 2600,3322"/>
                <Baseline points="2607,3364 2633,3363 2660,3363 2686,3363 2713,3364 2739,3364 2766,3364 2792,3365 2819,3366 2845,3367 2872,3368 2899,3368"/>
                <TextEquiv>
                    <Unicode>für Stücke,</Unicode>
                </TextEquiv>
            </TextLine>
            <TextLine id="r3l77" custom="readingOrder {index:76;}">
                <Coords points="2992,3376 3035,3380 3065,3357 3075,3359 3088,3349 3108,3371 3129,3367 3130,3342 3113,3344 3101,3333 3084,3337 3080,3332 3060,3339 3045,3332 3034,3333 3026,3324 3012,3327 3004,3318 2994,3318"/>
                <Baseline points="3000,3368 3030,3367 3061,3368 3091,3369 3122,3370"/>
                <TextEquiv>
                    <Unicode>die“</Unicode>
                </TextEquiv>
            </TextLine>
            <TextLine id="r3l78" custom="readingOrder {index:77;}">
                <Coords points="3135,3381 3148,3382 3163,3374 3170,3374 3180,3385 3191,3385 3210,3376 3225,3374 3226,3349 3219,3349 3211,3340 3204,3341 3196,3337 3184,3342 3170,3330 3163,3331 3153,3340 3137,3335"/>
                <Baseline points="3142,3367 3167,3369 3192,3369 3218,3371"/>
                <TextEquiv>
                    <Unicode>eine</Unicode>
                </TextEquiv>
            </TextLine>
            <TextLine id="r3l79" custom="readingOrder {index:78;}">
                <Coords points="2123,3415 3192,3435 3220,3377 2123,3367"/>
                <Baseline points="2130,3404 2184,3405 2238,3406 2292,3407 2346,3408 2400,3409 2454,3410 2508,3410 2562,3411 2616,3412 2671,3412 2725,3413 2779,3413 2833,3414 2887,3414 2941,3415 2995,3415 3049,3416 3103,3416 3157,3416 3212,3417"/>
                <TextEquiv>
                    <Unicode>Aufführung nicht verdienen —, ohne damit bekunden</Unicode>
                </TextEquiv>
            </TextLine>
            <TextLine id="r3l80" custom="readingOrder {index:79;}">
                <Coords points="2129,3466 3223,3481 3224,3430 2130,3413"/>
                <Baseline points="2136,3451 2190,3453 2244,3454 2298,3455 2352,3456 2406,3457 2460,3458 2514,3459 2568,3460 2622,3460 2676,3461 2730,3461 2784,3461 2838,3462 2892,3462 2946,3463 3000,3463 3054,3464 3108,3464 3162,3465 3216,3466"/>
                <TextEquiv>
                    <Unicode>zu wollen, daß man die Zensur anrufen und ein Verbot</Unicode>
                </TextEquiv>
            </TextLine>
            <TextLine id="r3l81" custom="readingOrder {index:80;}">
                <Coords points="2125,3507 3223,3531 3224,3482 3154,3469 2126,3466"/>
                <Baseline points="2132,3499 2186,3500 2240,3502 2294,3504 2348,3505 2403,3506 2457,3507 2511,3507 2565,3508 2619,3508 2674,3509 2728,3509 2782,3509 2836,3510 2890,3510 2945,3510 2999,3511 3053,3511 3107,3512 3161,3513 3216,3515"/>
                <TextEquiv>
                    <Unicode>billigen würde. Jenes ist ein kunstrichterliches Urteil,</Unicode>
                </TextEquiv>
            </TextLine>
            <TextLine id="r3l82" custom="readingOrder {index:81;}">
                <Coords points="2118,3554 3211,3574 3211,3528 3082,3515 2119,3506"/>
                <Baseline points="2125,3547 2181,3548 2238,3550 2295,3551 2352,3552 2408,3553 2465,3554 2522,3555 2579,3556 2636,3557 2692,3557 2749,3558 2806,3558 2863,3559 2920,3559 2976,3560 3033,3561 3090,3561 3147,3562 3204,3562"/>
                <TextEquiv>
                    <Unicode>dieses ist, wie die Zenfur überhaupt, eine Frage der</Unicode>
                </TextEquiv>
            </TextLine>
            <TextLine id="r3l83" custom="readingOrder {index:82;}">
                <Coords points="2121,3609 3226,3631 3227,3574 3188,3571 2122,3553"/>
                <Baseline points="2128,3595 2182,3596 2237,3598 2291,3599 2346,3600 2401,3601 2455,3602 2510,3603 2564,3604 2619,3604 2674,3605 2728,3605 2783,3606 2837,3607 2892,3607 2947,3608 3001,3608 3056,3609 3110,3610 3165,3611 3220,3612"/>
                <TextEquiv>
                    <Unicode>Freiheit. Und obwohl der „Reigen“ an sich recht wenig</Unicode>
                </TextEquiv>
            </TextLine>
            <TextLine id="r3l84" custom="readingOrder {index:83;}">
                <Coords points="2119,3661 3150,3677 3215,3664 3216,3631 2119,3614"/>
                <Baseline points="2126,3648 2180,3648 2234,3649 2288,3649 2342,3650 2396,3650 2450,3651 2504,3651 2558,3652 2612,3652 2667,3652 2721,3653 2775,3654 2829,3654 2883,3655 2937,3655 2991,3656 3045,3657 3099,3657 3153,3658 3208,3659"/>
                <TextEquiv>
                    <Unicode>geeignet ist, zum Objekt eines Streites um Freiheitsdinge</Unicode>
                </TextEquiv>
            </TextLine>
            <TextLine id="r3l85" custom="readingOrder {index:84;}">
                <Coords points="2127,3703 3204,3720 3216,3666 2127,3665"/>
                <Baseline points="2134,3695 2187,3696 2241,3696 2295,3697 2349,3698 2402,3698 2456,3699 2510,3700 2564,3701 2617,3701 2671,3702 2725,3702 2779,3703 2832,3704 2886,3704 2940,3704 2994,3705 3047,3705 3101,3706 3155,3706 3209,3706"/>
                <TextEquiv>
                    <Unicode>zu dienen, ist es doch so, daß nun ein Eingriff und</Unicode>
                </TextEquiv>
            </TextLine>
            <TextLine id="r3l86" custom="readingOrder {index:85;}">
                <Coords points="2125,3747 3221,3756 3186,3712 2126,3703"/>
                <Baseline points="2132,3741 2186,3742 2240,3743 2294,3744 2348,3745 2402,3746 2456,3746 2510,3747 2564,3748 2618,3749 2672,3749 2726,3750 2780,3751 2834,3751 2888,3751 2942,3752 2996,3752 3050,3753 3104,3753 3158,3753 3213,3754"/>
                <TextEquiv>
                    <Unicode>Angriff des klerikal=polizeilichen Geistes des monarchisti¬</Unicode>
                </TextEquiv>
            </TextLine>
            <TextLine id="r3l87" custom="readingOrder {index:86;}">
                <Coords points="2118,3812 3180,3825 3231,3782 2119,3753"/>
                <Baseline points="2126,3793 2180,3793 2235,3793 2290,3794 2345,3794 2400,3795 2455,3795 2509,3796 2564,3797 2619,3798 2674,3799 2729,3800 2784,3800 2839,3801 2893,3802 2948,3803 3003,3803 3058,3804 3113,3804 3168,3805 3223,3805"/>
                <TextEquiv>
                    <Unicode>schen Oesterreich vorliegt und abzuwehren ist. Der</Unicode>
                </TextEquiv>
            </TextLine>
            <TextLine id="r3l88" custom="readingOrder {index:87;}">
                <Coords points="2114,3874 3096,3879 3105,3826 2115,3813"/>
                <Baseline points="2122,3842 2170,3844 2219,3845 2268,3846 2317,3847 2366,3848 2414,3849 2463,3849 2512,3850 2561,3850 2610,3851 2658,3851 2707,3852 2756,3852 2805,3853 2854,3853 2902,3854 2951,3855 3000,3856 3049,3857 3098,3858"/>
                <TextEquiv>
                    <Unicode>wird aber seine Reigen nicht mehr tamzen</Unicode>
                </TextEquiv>
            </TextLine>
            <TextEquiv>
                <Unicode>Sn
Aufführungsrechtes nahelegen zu müssen,
dieser Auffassung, die, abgesehen von einem kleinen,
für das Wiener Volksempfinden gewiß nicht maß¬
gebenden Zuhörerkreis, wohl eine einmütige
ist,
durch Untersagen der weiteren
Aufführung Rechnung tragen zu
wollen“. Da Herr Glanz den Bürgermeister bittet,
ihm über die „sodann getroffene Verfügung bald¬
möglichst eine Mitteilung zukommen zu lassen, so hat,
wie wir zu wissen glauben, der Bürgermeister mit der
Mitteilung“ nicht gezögert und Herrn Glanz wissen
lassen, er habe keinen Anlaß, von der einmal und nach
sorgfältiger Erwägung aller Umstände getroffenen Ver¬
fügung abzugehen, und werde eine neue und andere
Verfügung auch nicht treffen. Womit die Sache eben
zum zweitenmal erledigt ist.
Denn was der Minister des Innern da unter¬
nimmt, ist ein dreister Eingriff in eine Rechtssphäre,
die ihm nicht untertan ist; ein Eingriff ganz im Geiste
des alten Polizeiösterreich, wo er ja der ständige Brauch
war. Da war es freilich möglich, daß man im Burgtheater
die weiteren Aufführungen von „Rose Bernd“ von
Gerhart Hauptmann verbot, weil irgend ein Frauen¬
zimmer
vom Hof an dem unehelichen Kinde
„Aergernis“ genommen hatte; aber in der Republik
werden die altösterreichischen Polizeimanieren trotz des
Glanz nicht einreißen. Die Behauptung, daß dem Minister
des Innern gegenüber einem Bundesland — das ist
Wien
ein „Aufsichtsrecht“ zustehe, ist einfach
eine Unverschämtheit; der Bundesminister
hat
gegenüber den Landeshauptleuten die Zuständig¬
eiten, die ihm die Verfassung gibt: keine anderen.
Und daß in der Bundesverfassung von einem Rechte
der Aussicht über die Verwaltung der Bundesländer
die Rede wäre, ist ratürlich unwahr; das hat sich
Herr Glanz einfach erfunden. Der Wackere würde sich
natürlich hüten, etwa gegen den Landeshauptmann von
Vorarlberg dieses Aufsichtsrecht in Anspruch zu
nehmen; gegen den Landeshauptmann von Wien
erdreistet er sich dieses Anspruchs und vermeint,
sich ihm gegenüber als Vorgesetzter aufspielen zu
dürfen! Daß dieselbige „Reichspost“ die, wenn etwa ein
sozialdemokratischer Minister des Innern den Landes¬
hauptmann von Steiermark beaufsichtigen wollte, auf
die Bundesverfassung verweisen würde, der Tat¬
sache ganz vergißt, daß wir nun ein Bundes¬
taat sind, die Länder souveräne Staaten, also
der Aufsicht des Ministers des Innern nicht
untertänig, ist nicht überraschend und, natürlich, auch
licht wichtig; den Herrn Minister des Innern in
einen Kompetenzen zu halten, wird aber unschwer ge¬
lingen. Er wird auch den Landeshauptmann von
Wien nicht beaufsichtigen und in die Verwaltung
des Bundeslandes Wien nichts dreinreden dürfen.
Ueber künstlerische Fragen werden wir mit Herrn
Dr. Glanz keine Diskussion führen, die Heiterkeit aber
ob des Schauspiels, ihn als Dolmetsch des Wiener
Volksempfindens auftreten zu sehen, ungehemmt
walten lassen. Der Herr Dr. Glanz irrt auch sehr,
wenn er die Stimmen der Kunstkritiker,
die Zweifel geäußert haben, ob der „Reigen
aufzuführen sei, als Zeugen dafür anführt, daß die
Aufführungen verboten werden sollen. Man kann sehr
wohl der Meinung sein, daß man ein Stück nicht
aufführen sollte —
wir zum Beispiel halten
einen recht beträchtlichen Teil der Stücke, die
jahraus, jahrein auf den Wiener Theatern
gespielt
werden,
für Stücke,
die“
eine
Aufführung nicht verdienen —, ohne damit bekunden
zu wollen, daß man die Zensur anrufen und ein Verbot
billigen würde. Jenes ist ein kunstrichterliches Urteil,
dieses ist, wie die Zenfur überhaupt, eine Frage der
Freiheit. Und obwohl der „Reigen“ an sich recht wenig
geeignet ist, zum Objekt eines Streites um Freiheitsdinge
zu dienen, ist es doch so, daß nun ein Eingriff und
Angriff des klerikal=polizeilichen Geistes des monarchisti¬
schen Oesterreich vorliegt und abzuwehren ist. Der
wird aber seine Reigen nicht mehr tamzen</Unicode>
            </TextEquiv>
        </TextRegion>
        <TextRegion orientation="0.0" id="r4" custom="readingOrder {index:3;}">
            <Coords points="3290,48 3290,250 3308,250 3308,48"/>
            <TextLine id="r4l1" custom="readingOrder {index:0;}">
                <Coords points="3278,163 3285,165 3286,167 3291,164 3293,166 3300,162 3308,165 3327,100 3316,99 3306,103 3305,101 3297,99"/>
                <Baseline points="3290,148 3304,152"/>
                <TextEquiv>
                    <Unicode>2</Unicode>
                </TextEquiv>
            </TextLine>
            <TextLine id="r4l2" custom="readingOrder {index:1;}">
                <Coords points="3284,205 3290,207 3297,203 3303,205 3309,202 3314,204 3327,158 3321,157 3311,160 3298,156"/>
                <Baseline points="3294,196 3308,200"/>
                <TextEquiv>
                    <Unicode>!</Unicode>
                </TextEquiv>
            </TextLine>
            <TextEquiv>
                <Unicode>2
!</Unicode>
            </TextEquiv>
        </TextRegion>
    </Page>
</PcGts>
