3444 4320
293 109 793 204 11. Reigen
986 97 1394 203 box 17/5
1774 745 1911 811 schau
2507 756 2562 813 50
1784 801 2555 850 Immmmmmmmmmmmmmmmmmmmmmmmmimmmmmmmmmmmmmmn
1800 865 2556 939 einen Kulturgewinn erblicken und sich
1800 915 2559 982 dabei auf das Vorbild der alten Grie¬
1796 969 2555 1041 chen berufen möchte, der vergißt, daß
1804 1015 2553 1072 in Hellas die Frauen das komische
1809 1065 2559 1135 Schauspiel nicht zu besuchen pfiegten,
1802 1114 2554 1178 woraus sich die Unbekümmertheit er¬
1798 1170 2565 1230 klären läßt, die sich Aristophanes in
1798 1219 2553 1279 der Behandlung geschlechtlicher Ver¬
1807 1267 2561 1322 hältnisse erlauben durfte. Was bei den
1799 1312 2563 1377 Griechen ein Herrenrecht war, verbietet
1802 1365 2567 1428 uns die Rücksicht auf die Frauen, und
1795 1419 2560 1476 nur die durch den Krieg bewirkte sitt¬
1802 1457 2564 1528 liche Verrohung ist es, die unsere Büh¬
1799 1518 2561 1577 nen zwingt, ihr zu gehorchen, wenn
1795 1563 2566 1624 anders sie dem wirtschaftlichen Zusam¬
1799 1602 2344 1666 menbruch entrinnen wollen.
1846 1652 2552 1724 Im Burgtheater hat es wie
1790 1712 2557 1769 der einmal ein bißchen gekriselt, und
1798 1765 2552 1824 es war nicht das erste Mal, dal
969 1772 1285 1856 Wiener Bühnen
1793 1806 2558 1869 Albert Heine in den zwei Jahren der
1053 1848 1745 1907 Tapfer kämpfen die Wiener Bühnen
1790 1856 2555 1921 ihm anvertrauten Leitung seine Demis
979 1903 1745 1951 gegen die Not der Zeit, die auch in der
1796 1908 2565 1970 sion gab. Es müssen zwingende
985 1952 1745 2018 Welt des Scheines ihre Opfer fordert.
1801 1956 2553 2021 Gründe gewesen sein, die ihn bewogen
971 1990 1731 2052 Es sind nicht immer die earisten Waf
1799 2015 2563 2060 nunmehr auf der Niederlegung seines
974 2052 1738 2110 fen, mit denen sie den Kampf ums Da¬
1801 2052 2560 2117 Amtes zu beharren, sonst wäre Anton
976 2098 1747 2157 sein führen, und vielfach tritt an Stelle
1802 2104 2562 2159 Wildgans wohl nicht so schnell an
986 2149 1748 2209 der soliden künstlerischen Arbeit ein
1792 2159 2561 2205 seine Stelle berufen worden. Was von
970 2194 1740 2253 merkantiler Großbetrieb. Amerikanische
1801 2200 2556 2264 em neuen Mann für das Burgtheater
975 2241 1735 2304 Kriminalstücke, wie das jetzt auf der Re
1795 2254 2549 2307 zu erhoffen ist, steht in den Sterner
971 2299 1737 2348 naissance-Bühne gegebene Schauspie
977 2343 1747 2407 „Das Geständnis“ oder Spekulationen
1799 2349 2546 2406 lassen hat, ist noch zu frisch in Er
984 2399 1735 2451 wie die auf der Neuen Wiener Bühne
1806 2404 2551 2472 innerung, um schon historisch gewer¬
973 2448 1741 2507 mit Hilfe eines reichlichen Aufwandes
1809 2452 2558 2502 et zu werden. Was bedeuten zwei
982 2493 1742 2544 von nacktem Fleisch versuchte Wieder¬
1798 2504 2549 2554 kurze Jahre in einer stürmisch beweg.
981 2542 1738 2606 erweckung der „Lysistrata“ sind letz¬
1796 2548 2551 2600 ten Zeit, wo alles, was wir tun, ein
987 2588 1746 2646 ten Endes Geständnisse der trostlosen
1796 2593 2555 2650 Suchen und Tasten ist. Zu den suchen¬
975 2634 1740 2703 Lage, mit der sich unsere Theaterbe¬
1795 2645 2555 2694 den Künsten gehört auch Elisabeth Rä¬
979 2686 1745 2751 triebe wohl oder übel abfinden müssen,
1794 2695 2559 2756 mings Schicksalstragödie „Der Hof“
974 2746 1740 2793 und wenn sich die Kammerspiele ent¬
1800 2742 2559 2794 mit deren Uraufführung Albert Heine
978 2796 1733 2851 schließen, Schnitzlers „Reigen“ öffent
1800 2802 2547 2850 von der Leitung des Burgtheaters Ab
982 2832 1733 2895 lich aufzuführen, dann spricht das
1790 2840 2553 2902 schied nahm. Die unruhigen Geister,
976 2885 1740 2953 mehr gegen das neue Publikum, das
1794 2890 2552 2938 die er rief, grüßten noch einmal aus
974 2932 1739 2991 solcher Reizmittel bedarf, um von sei¬
1805 2937 2554 2997 dem Stücke, grüßten mit jenem neuen
978 2990 1745 3048 nem schnell errafften Reichtum etwas
1802 2986 2554 3041 Pathos, das Fritz von Unruh, Carl
967 3037 1730 3085 für die allgemeine Kunstpflege abzuge
1795 3042 2546 3091 Sternheim, Richard Beer-Hofmann und
976 3078 1744 3134 ben, als gegen die Bühnenleiter, die
1796 3089 2564 3143 Franz Werfel nachgerühmt wird. Nicht
982 3133 1739 3191 aus der Not des Zwanges eine Tugend
1803 3139 2553 3192 eder, der da lauschte, konnte es ver¬
975 3180 1741 3242 der Freiheit machen. Wer aber im Kul¬
1791 3192 2551 3249 nehmen, aber alle fühlten ein unge¬
974 3228 1736 3281 tus des Nackten und des Zotenhaften
1798 3235 2556 3305 wöhnliches Wollen, ein starkes Ringen
1201 3373 1834 3480 Den Suden
1240 3483 1980 3598 Aunder 4 114
