3392 4256
309 78 442 170 11.
490 81 821 191 Reigen
1012 77 1409 176 box 18/1
1435 936 1823 1036 Erfrorener Frühling
2195 946 2294 1047 143
979 1027 2295 1112 an Orten, welche dem Publikum zugänglich sind, aussteilt
2147 1105 2282 1176 ahrcn
980 1105 2120 1177 oder sonst verbreitet, einer Person unter sechzehn
2143 1164 2295 1237 Einen,
979 1159 2137 1227 überläßt oder anbietet“; mit Gefängniß sogar schon
982 1221 2288 1289 der Menschen dieses Alters Schriften oder Darstellungen an¬
979 1282 2289 1347 bietet, die, „ohne unzüchtig zu sein, das Schamgefühl gröb¬
976 1340 2291 1409 lich verletzen“. Nach den Entscheidungen des Reichsgerichtes
991 1399 2288 1470 wird die Strafbarkeit nicht durch Kunstwerth, Motiv und
981 1466 2294 1538 Zweck der Darstellung bedingt, auch nicht durch die Ab¬
974 1533 2287 1600 sicht auf oder die Tauglichkeit zu „Erregung geschlechtlicher
983 1573 2289 1646 Lüsternheit“; der Richter habe stets die Umstände zu priffen,
992 1635 2286 1697 unter denen solche Darstellung dem Publikum angeboten
984 1698 2293 1773 wird. In unserem Fall also, welche Darstellungen das Kleine
991 1752 2287 1834 Schauspielhaus zuvor anbot und welcher Schicht es sein neu¬
984 1807 2290 1890 stes Stückchen anbietet. Erste Antwort: Fast nur Sexual¬
994 1869 2296 1940 theatralik; zweite: den Leuten, die an der Kasse bis zu hun¬
991 1928 2295 1994 dert, dem Zwischenhändler bis zu vierhundert Mark für den
980 1987 2296 2062 Platz zahlen können und die zu solchem Geldaufwand sich
983 2067 2288 2126 nur entschließen, um sich im Ekel vor der „alltäglichen Ent¬
998 2101 2288 2170 würdigung des Geschlechtsverkehres“ zu stärken. Wer zwei¬
991 2168 2289 2242 felt? Niemand auch, daß die Geschäftsfirma Eysoldt-Sladek
998 2221 2291 2290 nichts, gar nichts Anderes wollte als (wie das Urtheil „fest¬
988 2283 2284 2353 stellt“) „die Erzielung eines sittlichen Ekels vor dem Tief¬
992 2344 2297 2416 stand der Haltung weitester Bevölkerungschichten auf dem
996 2412 2287 2476 Gebiete des Geschlechtslebens“. Eben deshalb schränkte sie
990 2466 2289 2536 den Zugang in ihr Haus so eng ein, daß nur die Reichsten
993 2534 2297 2585 und Schieberiens Spitzenorganisatoren sich durchklemmen
989 2572 2298 2647 können. Frau Durieux, die Professoren Koester und Roethe,
988 2631 2287 2709 Leipzigs und Berlins Literarhistoriker, der angesehene Mu¬
991 2709 2287 2772 siker Schreker, die Herren Bab, Jeßner, Intendant des Staats¬
998 2749 2288 2826 schauspielhauses, Moissi haben ausgesprochen, daß die Dar¬
993 2824 2291 2894 stellung das Sittlichkeitempfinden verletze, Aergerniß gebe:
991 2871 2297 2936 und diese Bekundungen mußten dem Gerichtshof, der an
996 2931 2297 2993 die Paragraphen 184 und 184a des Strafgesetzes gebunden
987 2991 2289 3061 ist, von Rechtes wegen das Darstellungverbot aufzwingen.
994 3053 2297 3124 So starke, irgendwelcher Muckerei unverdächtige Zeugen har
987 3104 2298 3176 kaum jemals ein staatlicher Vertreter dieser Paragraphen ge¬
997 3167 2297 3232 funden. Die Hochschule hat ihren Theatersaal zu dem Spott¬
985 3229 2300 3294 preis von hundertsiebenzig Mark (mit Licht und Heizung)
995 3279 2308 3373 für den Abend, also unter dem Kassenpreis zweier Orchester¬
