3532 4352
1011 97 1420 182 box 18/3
321 112 829 214 11. Reigen
708 709 1309 791 Dr. Max Goldschmidt
708 798 1309 872 Büro für Zeitungsausschnitte
526 847 786 919 BERLIN N4
1068 859 1478 938 Teleion: Norden 3051
499 1058 1555 1163 Pester ##oyu. Sudapent. d. 24. Z. 26,
487 1183 1525 1279 Theater, Kunst und Literatur.
874 1312 1121 1401 „Reigen.
541 1363 1579 1439 Die letzte Hoffnung der Schauspieler des Innerstädte:
450 1427 1585 1484 Theaters auf die Aufführungsbewilligung von Schnitzlers
455 1476 1578 1529 „Reigen“, diesem Gegenwartsdekameron eines modernen,
452 1521 1563 1578 feinsinnigen und geistvollen Boccaccio, ist“unser Innen¬
450 1560 1577 1618 minister. Diesem eignet die konziliante Auffassung über
447 1604 1574 1659 literarische Hervorbringungen, die im Rufe, eigentlch im
448 1648 1574 1694 Verrufe der Sittlichkeitsgefährdung stehen, gerade nicht in
451 1690 1579 1739 überaus hohem Maße. Die Schauspieler tun daher gut, wenn
451 1722 1580 1785 sie der Erledigung ihres Appellats gegen den Magistrats¬
444 1766 1586 1821 beschluß, der die Aufführung des „Reigen“ nicht gestattet, mit
442 1809 1479 1882 der gebotenen Resignation entgegenharren.
533 1839 1574 1907 Die Absicht der Konsortialleitung, das lose Schnitzter¬
452 1888 1586 1948 Werk aufzuführen, entsprang der Notlage der Angehörigen
456 1931 1582 1989 des Innerstädter Theaters und war von Haus aus nicht be¬
460 1979 1589 2034 sonders hoffnungerweckend. Aus den Mißhelligkeiten der
456 2015 1584 2073 Theater, die das Stück zur Aufführung brachten, hätten die
451 2059 1582 2120 Schauspieler die Erfahrung schöpfen können daß die Buda¬
448 2096 1574 2168 pester Vorstellung auch nicht glatt ablaufen dürfte. Die
452 2145 1577 2210 ersten Versuche unserer einstigen Freien Bühne, das Stück
452 2182 1574 2241 auf dem Repertoire zu erhalten, mißlangen, ebenso die An¬
466 2224 1585 2289 strengungen des in Gott ruhenden Direktors Kövesi, zer
464 2270 1584 2329 seinen materiellen Ruin zum großen Teil den Opfern zu¬
465 2313 1588 2371 schreiben mußte, die er seinem dem „Reigen“ gewidmeten
452 2352 1587 2411 Aufführungseifer gebracht hatte. In Wien, in Berlin
451 2392 1586 2457 und in Mannheim, wo die Aufführungen der dialogi¬
452 2438 1589 2497 sierten Novellenfolge erzwungen werden konnten, begleiteten
453 2485 1580 2540 Theaterskandale den Bühnenweg des „Reigen“ und selbst in
459 2521 1580 2585 Italien hat ein Aufführungsverbot der Bühnenkarriere
458 2564 1233 2641 des „Reigen“ ein rasches Ende bereitet.
549 2598 1580 2671 Artur Schnitzler dachte beim Schreiben seines Buches
453 2648 1589 2718 nicht im entferntesten an eine Versinnlichung auf der Bühne
459 2691 1588 2760 und hat manchen Protest hören lassen gegen die von ihm
458 2738 1581 2797 perhorreszierte Bühnenverwendung der Spitzbübereien seiner
465 2772 1578 2836 Dichterlaune. Er hatte die richtige Witterung für gewisse Un¬
465 2817 1588 2881 abänderlichkeiten seiner Szenen, die ihres Lebenselements
469 2859 1585 2918 verlustig gegangen wären, wenn man sie aus dem Verbor¬
461 2896 1590 2967 genen des Brückenbogens, dem Halbdunkel des Alkovens und
470 2939 1580 3008 des Rendezvousinterieurs in das Grelle des Rompenlichtes
456 2997 739 3071 geschleift hätte.
555 3030 1591 3088 Und kein „Reigen“ ist un lieber, als ein zen¬
480 3066 1588 3130 urierter „Reigen: Denn die Verfechter der „Reigen"¬
464 3110 1591 3175 Aufführung erklärten sich bereit, den Einwendungen des als
470 3152 1592 3204 Zensor erbetenen Bürgermeisters Konzessionen zu machen.
474 3197 1585 3267 Das hätte zu einem entstellten und verstümmelten „Reigen“
467 3239 1593 3305 geführt. Auch fehlte uns das richtige Zutrauen zu der Wir¬
467 3283 1589 3347 kungssicherheit einer ungarischen Uebersetzung des
468 3320 1590 3397 „Reigen“ bei der die Farbe eines durch und durch ein¬
467 3380 1406 3442 gewienerten Stückes unbedingt verschwunden wäre.
552 3416 1595 3468 Die derzeitigen Leiter des Innerstädter Theaters wer¬
465 3461 1593 3514 den sich mit dem zweifellos abweisenden Bescheid des Innen¬
465 3494 1585 3567 ministers abfinden müssen. Dieser Fall ist für sie günstiger
468 3542 1603 3598 als ein eventuelles Ende mit Skandalschrecken. Und dem
466 3576 1601 3641 Theater bleibt nichts übrig, als sich an die Arbeit zu machen
474 3631 1596 3682 und seine schaffende Energie an die Vorbereitung des folgenden
470 3663 1604 3725 Stückes zu wenden. Unzählige Beispiele in unserer Nähe wie
470 3704 1598 3778 in der Fremde haben es bewiesen, daß das einzige Heilmittel
462 3758 1373 3834 gegen die Theaternot die unverdrossene Arbeit ist.
2340 389 2931 482 Dr. Max Goldschmiet
2342 470 2936 550 Büro für Zeitungsausschnitte
2155 529 2408 608 BERLIN N4
2686 534 3106 612 Telelon: Norden 3051
2488 634 2777 709 Ausschnitt aus:
2297 695 2952 779 Berliner Lokal-Anzeiger
2576 804 2916 890 2 h Mörz 4920
2128 841 2964 927 * Ein „Reigen“=Verbot in Budapest.
2099 897 2955 966 Aus Budapest wird gemeldet: Arthur Schnitzlers
2098 947 2942 1012 „Reigen“, der dieser Tage im Bü###
2088 982 2955 1053 Innorstädtischen Theater aufgeführt
2095 1026 2958 1085 werden sollte, wurde verboten da das Stück
2096 1057 2950 1134 gegen die öffentliche Moral verstoße. Es ist schon
2097 1104 2967 1179 wiederholt der Versuch unternommen worden
2091 1133 2956 1202 dieses Stück in Budapest auf die Bühne zu brins
2070 1187 2949 1263 gen, doch wurde die Aufführung stets untersagt.
2195 1437 2784 1536 Dr. Man Goldschmidt
2203 1519 2798 1613 Büre für Zeitungsausschnitte
2550 1569 2975 1648 Teleion: Norden 3051
2017 1609 2267 1680 BERLIN N4
2347 1690 2643 1767 Ausschnitt aus:
2074 1735 2931 1833 Breslauer Neueste Nachrichten
2440 1842 2662 1943 2 5. Mön
2693 1875 2796 1955 921
3010 1926 3061 2000 4
3047 1983 3126 2030 Das
2188 1959 2994 2027 Schnitzlers „Reigen“ in Budapest verboten.
3012 2021 3125 2064 das
2116 2011 3013 2065 Budapester Innerstädtische Thcater,
2106 2047 3125 2100 von einer Arbeitsgemeinschaft der Schauspieler geführt
2115 2091 3134 2131 wird, hatte für den 27. März die Premiere von Schnitz¬
3063 2124 3134 2167 für
2119 2126 3054 2168 lers „Reigen“ angesetzt. Das Publikumsinteresse war
2118 2166 3132 2212 die Aufführung ungemein groß, da bekannt wurde, daß
3055 2191 3132 2235 Für
3018 2198 3053 2229 1100
2121 2191 3018 2238 Arthur Schnitzler der Premiere anwohnen werde.
2114 2224 3118 2272 die ersten drei Vorstellungen waren sämtliche Karten schon
2127 2259 3122 2309 seit drei Tagen ausverkauft. Nunmehr hat der Buha¬
2816 2294 3122 2350 Innerstädtischen
2578 2300 2797 2344 Leitung des
2123 2300 2556 2345 pester Magistrat die
2120 2336 3126 2387 Theaters davon verständiat, daß die Aufführung des
2132 2366 3128 2418 „Reigen“ zu unterbleiben habe. Zugleich wird darauf
2129 2411 3125 2446 ingewiesen, daß auch von seiten der Polizei ein Aus¬
2133 2442 3126 2487 ührungsverbot ergehen werde. Zurzeit gehen Verhand¬
2127 2467 3135 2542 lungen, die auf Vorstellungen vor geladenen Gästen
2115 2514 2272 2576 abzielen.
2322 2934 2927 3058 Dr. Max Goldschmidt
2309 3020 2919 3126 Saro für Zeitungsausschnite
2146 3049 2388 3145 BBRLIN N4
2668 3111 3085 3208 Telelon: Nerdan 3051
2452 3194 2759 3282 Ausschnitt aus:
2321 3242 2870 3345 Berliner Tageblatt
2587 3268 2948 3423 Meflit dane
2025 3479 3158 3596 S. Der „Reigen“ in Budapest verboten. Der Budapester
1982 3524 3158 3650 hauptstädtische Magistrat hat, wie unser Korrespondent uns drahtet,
1986 3574 3107 3700 gestern die Aufführung von Schnitzlers „Reigen“ verboten.
