3336 4320
190 114 273 187 11
378 118 696 213 Reigen
487 1192 1751 1246 ehrier Herr Professor Volkelt, soist es die menschliche Pban¬
478 1232 1755 1286 tasie, der glauben gemacht wird, der Geschlechtsakt
498 1275 1756 1326 ei etwas Unzüchtiges. Er ist nicht einmal unzüchtig zwischen
49 1290 227 1372 nitter.
485 1315 1766 1360 einer Dirne und einem Soldaten, unter der Einschränkung, daß ein
485 1356 1766 1401 Dichter ihn gestaltet. Ist es nicht besser, man heiligt die Geschehnisse
488 1391 1763 1437 dieser Sphäre (da sie nun einmal nicht wegzuleugnen sind), als daß man
38 1391 455 1458 itteln aber gutem Ge¬
489 1422 1758 1482 sie als verrucht hinstellt und so die Phantasie anreizt, sich mit ihnen erst
41 1447 455 1511 eine neue und gefällige
491 1466 1762 1514 recht zu beschäftigen? Schnitzler hat ohne Scheu vor dem Skofflichen, dem
43 1492 458 1542 namenreichen Bühne,
484 1502 1757 1552 Stofflichen das Frivole genommen. Man starrt doch nicht auf das, was ge¬
91 1526 460 1586 Im äußeren Bild ist
499 1545 1759 1604 chieht, wenn sich die Szene verdunkelt, sondern man lächelt darüber, wie
46 1553 465 1619 reundliche Draperien in
488 1582 1767 1632 es sich jeweils dahin entwickelk. Gewiß, sehr verehrter Herr
49 1606 466 1655 eckt. Licht und Freude,
487 1617 1770 1673 Professor Volkelt, die Volksseele ist schwer zum Lächeln zu bringen; die
406 1646 473 1692 in
49 1646 411 1701 n Ansprache, sollen
496 1659 1767 1710 Volksseele hält sich dumpf am Stofflichen; kut sie es aber nicht auch im
51 1684 462 1737 Kenntnis. Auch glaubt
485 1698 1758 1750 Kino und auch bei weniger „unzüchtigen Theaterstücken? Ich bin nicht
34 1722 467 1782 ngendster Arbeit (deren
486 1734 1763 1790 bange um die Volksfeele; sie hat einen guten Magen, und ich glaube,
380 1761 457 1816 Der
83 1758 341 1817 worden war.
494 1777 1752 1839 daß sie den „Reigen“ nicht anders goutierk als einen heimlich und ver¬
33 1802 460 1860 ein Programm, aber er
489 1820 1020 1887 logen sinnlichen Schundroman.
58 1835 465 1897 diese zehn Dialoge für
570 1832 1758 1907 Versuchen wir doch, diese Dinge positiver zu sehen. Was wollte de.
49 1877 459 1939 könnten, seien verfehlt.
489 1891 1755 1944 Dichter des „Reigen?? „Nichtswürdige Unzuchts-Feinschmeckerei“ liefern?
39 1921 469 1978 pielen kann, ist äußerst
495 1925 1760 1990 Nicht doch. Er zeigte uns nur ein wahrhaftes Bild des Liebesspiels
75 1959 460 2023 Empfindungen dem in
484 1973 1761 2024 in zehn Variationen; dieses Liebesspiel voll Brutalität und Zartheit,
31 2008 454 2063 cht natv, sondern kom¬
481 2014 1756 2058 voll Verlogenheit und echter Empfindung, voll Sehnsucht nach der Lebens¬
31 2029 450 2098 schwert weder der Ge¬
486 2048 1758 2105 steigerung im Rausch und voll Ernüchterung — nachher. Gewiß, er zeigt
31 2078 455 2133 hema die — positive
486 2079 1763 2136 uns nicht die liefe Kraft der Liebe, der großen Leidenschaft, die über das
29 2120 463 2181 utig: Warum spielt man
483 2115 1765 2173 Erokische hinaus zur Menschenliebe wächst; dies war hier nicht sein
48 2158 467 2206 gedacht und geschrieben
491 2152 1770 2219 Thema; kleinste Bilder der flüchtigsten Liebe malte er nur, aber die mit
45 2198 464 2253 dungen dem Geschlecht¬
486 2206 1123 2253 einer unverkennbaren Meisterschaft.
421 2235 471 2304 se
35 2234 412 2298 ängenheit zu machen,
567 2225 1762 2300 Der Reigen“ ist fast allgemein bekannt; dafür hat schon das Zensur¬
38 2277 438 2335 pielt man den „Reigen
486 2284 1759 2339 verbot gesorgt, von dem das Buch seit Erscheinen — und das ist schon
35 2315 467 2365 die in der direktorialen
487 2333 1768 2379 über fünfundzwanzig Jahre her — verfolgt war. In den Mädchenschulen
58 2356 462 2401 Angelegenheit doch ein
495 2363 1757 2423 ging es von Hand zu Hand; es wurde mit verleilten Rollen gelesen,
49 2388 460 2452 ußlich zu sein, weil der
485 2392 1758 2459 wobei nur der Mangel männlicher Partner als bedauerlicher Mißstand
61 2425 461 2495 verlassen dürfen) seine
495 2437 1760 2493 empfunden ward. Ich stelle nur fest, um idealistischer weltfremder Selbst¬
485 2476 1756 2536 täuschung entgegenzutreten, ohne diese Dinge zu billigen. Vor Zensur
487 2513 1770 2575 und Lex Heinze ist der Reigen' in Schutz zu nehmen, anderseils aber
387 2512 454 2577 Ver¬
48 2508 349 2582 nennen ist eine —
487 2557 1766 2607 auch Schnißzler vor dem Reigen“; denn es ist ein Unrecht und Widersinng
37 2558 458 2617 tkrachtung der geschlecht¬
45 2595 1755 2650 en Auge, die Stimmun##daß nun mit einem Male über zahlreiche deutsche Bühnen dieses Früh¬
490 2629 1780 2702 werk des Dichters geht, indes sein reiferes dramatisches Schaffen fast
33 2650 460 2699 bis menschlichen Wesens
494 2672 871 2744 unberücksichtigt bleibt.
34 2674 469 2737 ber die Stofflichkeit, die
1165 2690 1761 2763 Entgleisungen und Geschmacklosig.
878 2698 1162 2769 musikalische“ —
569 2718 878 2768 Bis auf zwei —
42 2718 463 2776 eine Auffassung, die im
484 2748 1770 2802 keiten wurden die Dialoge, die Nobert Pirk in Szene gesebt hak, zart
43 2759 460 2815 wohl nichts zu machen.
487 2788 1764 2841 und anmutig gesprochen und gespielt. Dirne und Soldak, Soldat und
31 2799 469 2861 derheit, wenn ich gegen¬
488 2826 1763 2880 Stubenmädchen: hier fiel die Beukalität der männlichen Feschigkelt fast
33 2840 467 2895 ine — nicht etwa durch¬
505 2867 1765 2919 noch zu milde aus. Karl Keßler war als Soldat von massiver Echt¬
45 2880 461 2931 heint mir doch immerhin
498 2898 1763 2959 heit. Lina Carstens charakterisierte die Dirne im ersten und letzten
30 2920 470 2973 schlechtlichen nichts Un¬
494 2937 1767 2997 Dialog mit diskreten Mitteln. Hans Merkel (junger Herr), der in
25 2955 461 3012 hrum Reines und Un¬
492 2975 1761 3045 dei Szene mit dem Stubenmädchen (Käthe Franck-Wilt) ausreichte, war
43 2989 475 3050 Gewitter, Sommerregen
492 3016 1763 3096 als Partner der jungen Frau zu weltmännisch kühl, viel zu wenig er¬
31 3034 476 3101 züchtigist, sehr ver¬
1793 1189 3070 1243 griffen von der Süße und Leidenschaft seines Erlebnisses. Auch Greke
1792 1225 3060 1282 Doerpelkus (junge Frau) nahm das Abenteuer vielleicht doch ein
1784 1273 3060 1323 wenig leichter, als der Dichter beabsichtigt hat; troß aller Schelmerei und
1797 1308 3072 1357 all' den großen und kleinen Verstellungskünsten, darf diese Frau nicht
1790 1349 3063 1400 frivol wirken. Frivol aber wirkt, wenn im darauffolgenden Ehezwischen¬
1803 1385 3051 1435 piel im charakteristischen Augenblick das Mokto: „Ich bin eine an¬
1803 1427 3057 1473 tändige Frau“ aus der „Lustigen Wilwe“ erklingt. Das ist dein Wiß,
1791 1462 3067 1515 sondern eine peinliche Unterstreichung, die gewiß nicht in der Absicht des
1791 1503 3064 1550 Dichters liegt. Diese ironisch-witzelnde Pointe muß schleunigst ver¬
1792 1539 3062 1591 schwinden. Man darf, was an und für sich schon deuklich genug ist, nicht
1789 1585 3068 1627 noch musikalisch unterstreichen, darf auf keinen Fall dem Pudlikum die
1789 1620 3061 1672 billige Gelegenheit geben, verständnisinnig zu feixen. Cläre Hartens
1799 1659 3063 1719 üßes Mädel besaß, mit Ausnahme des Wiener Dialekts, alles, was
2974 1693 3065 1742 Otto
1792 1700 2929 1747 dieser nunmehr historische Wiener Mädchentyp haben muß.
1802 1737 3060 1788 Werther war als Ehemann und Liebhaber von einer bedächtigen
1797 1778 3006 1826 Trockenheit, ungemein echt in seinem satten eheherrlichen Behagen
1790 1814 3062 1863 nachher, und in seiner beklommenen Aengstüichkeit (der Ansteckungs¬
1790 1855 3059 1901 gefahr) nach der Szene mit dem süßen Mädel. Hans Steiner (der
1788 1895 3052 1944 Dichter) und Maria Koch (die Schauspielerin) brachten nur gelinde
1790 1929 3062 1983 Steigerung in die Monokonie des „Reigens“, der, je welker er sich dreht,
1787 1976 3062 2021 um so stärker fühlen läßt, daß er niemals für die Bühne geschrieben war.
1798 2007 3064 2061 Maria Koch hat nicht ganz das Format einer überlegenen Diva; sie ist
1797 2048 3061 2099 pusselig, wo sie grandios sein müßte. Aus den beiden letzten Szenen
1790 2089 3060 2139 höre ich etwas wie einen Akkord, der die leisen Töne und Anklänge
1791 2124 3064 2179 der ersten acht Dialoge — die Skepsis, die Ungewißheit, die Schein¬
1790 2160 3061 2213 gewalten in allen Liebesdingen — noch einmal verstärkt zusammenfaßt.
1797 2207 3067 2250 Dieset Graf ist zweifellos schon bester Schnitzler; ein österreichischer
1803 2240 3063 2296 Philosoph, der die Liebe mit Melancholie verfüßt und eine Frau alemals
1788 2280 3071 2331 zum Frühstück nimmt, aber klug genug ist, von der strengen Regel eine
1802 2321 3064 2369 Ausnahme zu machen, weil das Leben ja doch seine eigenen und stärkeren
2092 2363 3067 2409 Okto Stoeckel unterstrich das Phlegma des Philo¬
1799 2365 2091 2417 Gesetze hat.
1795 2390 3058 2446 sophen vom Truppenübungsplatz und zeigte sein prachtvolles Gebiß. Nur
1791 2428 3075 2484 den Militärmarsch an der Stelle, wo im Buch Gedankenstriche stehen,
1791 2479 3060 2530 finde ich fakal, weil seine Rhythmik das Zarte vergröberk. Im ganzen
1796 2506 3069 2565 und großen ist aber doch so gespielt worden, daß jene Leute, die mehr er¬
2638 2552 3011 2617 Hans Natonek.
1790 2558 2411 2624 wartet haben, enttäuscht wurden.
2092 2659 2763 2748 Kunst und wissenschaft
1857 2719 2977 2786 Lieder- und Arienabend im Kaufhause. Die Veranstaltung
2993 2771 3067 2826 ius¬
1791 2765 2950 2829 Barikonisten Sonnabend- Sonini hatte den Reiz eines
2992 2810 3060 2858 Zu¬
1796 2815 2965 2868 gesucht selkenen Programms. Der musikalische Osten tat sich auf.
1796 2853 3070 2902 nächst kam Anton Rubinstein an die Reihe. Als Opernschöpfer ist dieser
1792 2889 3060 2942 einst wegen der Mißerfolge seiner Kompositionen stark Verbitkerte fast
1803 2931 3060 2981 ganz und als Lyriker schon weit in den Schatten versunken.
1797 2960 3064 3025 Immerhin hal er als Liederkomponist etwas zu sagen, und die diesmal
1791 3012 3063 3069 gewählten Proben bildeken eine Zierde der Spielfolge. Rassiger,
