3392 4448
252 308 765 403 11. Reigen
948 315 1385 399 box 17/6
553 896 1240 964 Redakfien, Administration u. Druckerer¬
693 937 1103 972 olowratring, Fichtegasse Nr. 11.
561 958 1238 1014 Lntrankierte Briefe werden nicht ungenommen und
609 988 1191 1028 Manuskripte in keinem Falle zurück gesendet.
554 1017 1227 1076 Alleinige Anzeigen-Annahme für das Abend¬
552 1058 1232 1107 blatt: Bock & Herzfeld. Wien, I.,
606 1081 1169 1136 Adlergüsse Nr. 6. Telephone: 15664 und 14189
681 1118 1094 1164 Abonnement für Vien
558 1138 1229 1191 Zum Abhoien im llauptverlage I.. Wollzejle 20, oder
569 1174 1223 1213 Fichtegasse 11: Monatl.: K. 50.—, viertelj. K. 150.—.
557 1192 1236 1242 Eum Abhoien in den Verschleisestellen (Trafken) oder
581 1221 1204 1259 Po#rusteliene monstl. K. 50.— viertelj. K. 150.—
551 1233 1228 1281 Einzeln: Morgenblatt an Wochentagen oder Nach¬
560 1267 1227 1309 nittagblatt am Montaz und nach zwei Feiertagen K2.—.
551 1290 1224 1335 Sonn- oder Feiertagblatt K 3.—, Abendblatt K 1.—.
557 1315 1233 1354 Fur beutschland anzeln, Morgen . Abend.
557 1339 1234 1392 blatt 40 PI., Morgen- u. Nachmittagblatt allein je
672 1351 1111 1401 30 Pl., Abendblau allein je 15 Pl.
547 1386 1231 1455 Für die an Agenten, Austräger oder Verschleisser
598 1426 1174 1479 berslilten Beträge leisten wir keine Garantie.
621 1470 1136 1522 Abonnement für das Inland.
549 1502 1216 1547 Mit täglich einmal. Postversendung: Monatl. K. 50.—
545 1535 1223 1578 vierteljöhrl. K. 150.—. Mit täglich zweimaliger Post¬
559 1558 1187 1603 versendung: Monstl. K. 54.—, vierteljährl. K. 162.—
613 1637 1115 1736 Nr. 20285
616 1803 1592 1931 Die Kanzlerreise nach
902 1906 1289 2018 London.
520 2030 1678 2129 Eine englische Stimme über die Absichten des
964 2098 1209 2180 Besuches.
1193 2163 1624 2243 London, 16. Februar.
609 2214 1648 2297 Das Reuter=Bureau meldet: Der österreichische
521 2267 1659 2344 Bundeskanzler, der mit den Staatssekretären für
518 2318 1659 2386 Finanzen und Volksernährung nach London zu
523 2375 1656 2435 kommen beabsichtigt, hat keineswegs im Sinne.
521 2409 1643 2484 sich mit Politik zu befassen oder eine Abänderung des Ver¬
519 2460 1653 2511 trages von Saint=Germain vorzuschlagen. Die öster¬
512 2504 1641 2568 reichischen Staatsmänner kommen einzig und allein
518 2555 1642 2622 zu dem Zwecke, um die finanzielle und wirt¬
535 2597 1642 2658 chaftliche Lage zu erörtern und Kredite
520 2639 1648 2709 für deren Stabilisierung zu erhalten. Sie
509 2692 1639 2752 wollen darlegen, daß, wenn der gegenwärtige Stand der
510 2731 1634 2794 Dinge anhält, die Lage in Oesterreich sich ebenso ver¬
515 2781 1637 2847 zweifelt gestalten wird wie jene in Rußland. Die
513 2829 1641 2897 Ententemächte haben zu dem Wunsch des österreichischen
522 2869 1599 2931 Bundeskanzlers noch nicht Stellung genommen.
548 2977 1618 3070 Polizeiliche Sistierung weiterer
552 3067 1588 3176 Aufführungen des „Reigen
1232 3157 1592 3229 Wien, 17. Februar.
597 3197 1621 3271 Die Polizeibehörde hat heute aus Sicherheitsgründen
496 3246 1615 3317 die weitere Aufführung von Schnitzlers „Reigen“
506 3307 1626 3372 an den Kammerspielen sistiert. Bereits heute abend wird
494 3346 1623 3433 in diesem Theater statt des „Reigen“, „Menagerie“ gegeben.
516 3453 1601 3544 Wiederaufnahme der Verhandlungen mit
756 3514 1345 3603 den Staatsangestellten.
773 3593 1364 3683 Hoffnung auf Einigung.
1223 3675 1584 3750 Wien, 17. Februar.
578 3720 1608 3803 Die gestern mittag abgebrochenen Verhandlungen
503 3763 1031 3847 ischen der #####nnn und
1087 3796 1610 3858 „# Mortratern der Staats¬
2014 941 2554 1074 Neue
1696 1336 1946 1432 OE
2562 1364 2851 1457 Oa
2031 1528 2551 1635 Abendblatt.
1715 1665 2836 1760 Wien, Donnerstag, den 17. Februar
1728 1825 2818 1953 Reise des Bundeskanzlers nach
2131 1919 2432 2015 London.
1903 2001 2655 2111 Meldung des Reuter=Bureaus.
2431 2101 2808 2170 Wien, 17. Februar.
1790 2137 2845 2205 Vor einigen Tagen haben wir gemeldet, daß der
1696 2188 2834 2287 Bundeskanzler die Absicht habe, in Begleitung Dr. Gems
1695 2245 2583 2305 und Dr. Grünbergers nach London zu fahren.
1791 2290 2840 2366 Heute berichtet das Reuter=Bureau von dieser Reise
1698 2339 2840 2413 als von einer vollendeten Tatsache. Auch aus der Mitteilung
1700 2375 2832 2456 der Regierung an die Beamtenschaft geht hervor, daß sie
1696 2429 2824 2512 zumindest mit der Wahrscheinlichkeit einer Londoner Fahrt
1699 2468 1837 2526 rechnet.
1786 2518 2832 2588 Nach der Mitteilung des Reuter=Bureaus wollen die
1691 2559 2824 2637 Minister darlegen, daß der gegenwärtige Zustand in Oester¬
1697 2608 2814 2690 reich unhaltbar sei und zu bolschewistischen Verhältnissen
1698 2650 1945 2712 führen müsse.
1778 2693 2819 2780 Jeder Tag bestätigt diese Anschauung. Das Defizit ist
1699 2741 2818 2826 chon so groß und binnen kurzem erscheint eine Vermehrung
1697 2791 2819 2873 bis um die Hälfte als möglich. Die Einnahmen sind
1681 2835 2816 2920 nicht mit den Ausgaben in Einklang zu bringen und alle
1684 2880 2814 2969 Maßregeln der Finanzbehörden bewirken nur eine Erhöhung
1671 2931 2812 3005 der Teuerung. Der englische Premierminister ist ein Finanz¬
1679 2986 2812 3061 mann ersten Ranges und mit einem Blick wird er eine Lage
1678 3024 2807 3108 übersehen, die so einfach ist, daß jeder sie begreifen muß, der
1684 3073 2811 3153 sie begreifen will. Die österreichische Krise ist so sehr ver¬
1686 3119 2811 3215 schlampt worden, daß ein entschiedener Zugriff notwendig
1675 3181 2648 3248 erscheint, um die gänzliche Verrottung zu verhüten.
1998 3226 2488 3305 Die Beamtenfrage.
1767 3283 2807 3365 Die ernsteste Frage ist gegenwärtig, wie der Staat mit
1677 3348 2803 3413 einen eigenen Beamten fertig werden soll. Wir stehen vor
1665 3389 2804 3458 der Tatsache, daß der Staat keine Herrschaftsorganisation
1663 3426 2803 3512 besitzt, daß alle Schrauben der Maschine versagen und daß
1668 3478 2787 3569 durch die bittere Not des Augenblickes alle anderen Er¬
1669 3535 2543 3588 wägungen in den Hintergrund gerückt werden.
1747 3570 2791 3642 Die Beamtenschaft hat ein Ultimatum
1654 3616 2789 3690 bis Samstag gestellt und wenn bis dahin nicht über
1664 3665 2795 3738 den Vorschuß entschieden wird, so könnten wir den
1664 3723 2787 3794 beispiellosen Skandal eines allgemeinen Staats¬
1655 3756 2230 3819 beamtenstreiks erleben.
1745 3805 2783 3883 Das würde das Ende des letzten Restes von Staats¬
1654 3858 2784 3935 autorität bedeuten, den Untergang der Gesetzlichkeit und
1656 3901 2786 3979 das Verschwinden des Glaubens an irgendwelche Re¬
1658 3952 2786 4032 gierungsgewalt in Oesterreich. Niemals hätte es so weit
1659 4009 2781 4071 kommen dürfen und unverständlich war die Verhandlungs¬
1648 4056 2618 4122 methode, die solche Schroffheiten hervorgerufen hat.
1940 4100 2490 4180 Die Lage in London.
1721 4154 2768 4247 Der Bundeskanzler und die Minister werden in einer
1652 4203 1712 4271 ehr
1729 4213 2776 4291 bewegten Zeit in London erscheinen. Schon binnen.
1647 4262 1713 4312 ven
1726 4269 2775 4331 gen Tagen beginnen die Verhandlungen wegen der
2861 2544 3248 2674 Fordernster der
2859 2653 3248 2724 gegenwärtigen Bezüg
2863 2703 3246 2775 eines Betrages von
2866 2747 3242 2818 Vertreters des Fina¬
2860 2795 3250 2864 1000 Kronen gebote
2864 2842 3248 2914 worden. Im Laufe de
2852 2889 3218 2960 die Verhandlungen
2860 2944 3250 3010 aufgenommen werden
2943 2987 3254 3053 In informierten
2852 3025 3249 3102 Staatsverwaltung die
2848 3081 3249 3143 amtengehalte in keine
2856 3126 3245 3193 solche generelle Erhöl
2848 3172 3247 3239 wärtigen unzulängl
2844 3218 3234 3284 geschlossen bezeichnet.
2849 3256 3252 3343 letzten Finanzgesetz 2
2841 3310 3234 3383 amte, Diener, Vertra
2862 3353 3236 3426 ind die Bezüge der
2841 3403 3237 3471 Kronen aufgenommen
2839 3449 3230 3515 weitere Maßnahmen;
2847 3494 3233 3564 3·7 Milliarden einges
2841 3543 3248 3611 Staates für seine Ange
2839 3588 3238 3652 beläuft. Wenn man d
2832 3633 3247 3704 der Beamten beschrän
2839 3682 3241 3754 dehnen wollte, so wü
2837 3730 3235 3792 veiteren 2•4 Millic
2827 3772 3242 3835 verwaltung wird erkl
2838 3820 3234 3888 das Budget der Staa
2824 3859 3249 3937 erhöhen würden, und
2821 3908 3252 3975 vollständige staatsfina
2820 3957 3245 4042 ausgiebiger neuer Ein
2822 4006 3215 4067 besondere müsse eine
2819 4048 3234 4108 Beamten von dem V
2823 4094 3249 4176 auswärtige Kredithilfe
2905 4141 3244 4223 Dagegen wird es
2813 4190 3001 4256 malige
2999 4198 3240 4263 Zuwen
2813 4243 3241 4311 beamten zu erhi
2812 4283 3213 4355 einmalige Zuwendung
