3444 4352
292 162 793 251 11. Reigen
989 147 1395 239 box 17/6
1297 1007 1715 1098 Feuilleton.
1155 1087 1676 1219 arkamentarischer
1308 1203 1881 1300 „Reigen =Skandal.
1404 1297 1913 1385 tsch. Wien, 11. Februck.
1112 1342 1949 1431 „Der Streit um Selnitzlers „Reigen“ ha zu
1103 1423 1957 1476 m ernstlichen Verfassungskonflikt geführt, der
1153 1454 1941 1521 in einer stürmischen Sitzung des National¬
1150 1510 1949 1572 ausbrach. Die Geschichte dieses Konfliktes
1096 1557 1947 1617 ganz einfach und durchsichtig. Die kleine Sze¬
1031 1593 1943 1657 nchreihe Schnplers, die den Liebesakt in seinen
1034 1635 1941 1708 n##schiedenen sozialen Verbrämungen darstellt
1038 1671 1940 1746 #d von der Dependence=Bühne des Deutscher
1034 1716 1939 1783 Volkstheaters, im Kleinen Kammerspielhause ir
1032 1757 1953 1828 der Rotenturmstraße seit Wochen gegeben, ohne
1035 1807 1942 1886 daß irgend jemand daran Anstoß genommen hätte
1029 1854 1941 1916 Wien ist in seiner großen Mehrheit, Gott weiß
1030 1891 1936 1965 es, keine prüde Stadt, denn gerade der Wienen
1023 1946 1945 1998 weiß besser als jeder andere Sittlichkeit von Ero¬
1027 1987 1938 2048 tik zu unterscheiden. Der „Reigen“ hätte also ru¬
1031 2024 1932 2084 hig weiter gespielt=werden und hundert Aufjührune
1029 2078 1940 2136 gen erleben können, wenn nicht eines Tages die
1032 2119 1945 2184 christlichsoziale „Reichspost“, gefunden haben würde,
1021 2156 1937 2227 haß Schnitzlers Werk eine Schweinerei und aus
1027 2202 1942 2263 sittlichen Gründen zu verbieten sei. Es würde zu
1017 2251 1947 2316 weit führen, wollte man ernsthaft auf die Argu¬
1019 2289 1939 2365 mente der christlichsozialen Unsittlichleitsschnüss¬
1021 2333 1939 2407 ler eingehen; es ist gewöhnlich die schmutzigste
1019 2374 1939 2449 Phantasie, die an der Freiheit in sexuellen Din¬
1019 2429 1947 2496 gen Anstoß nimmt und dabei den mißbrauchten
1020 2471 1938 2531 Begirff der Sittlichkeit zuhilfe ruft. In diesei
1021 2512 1938 2571 Falle freilich haben auch die christlich¬
1020 2556 1930 2628 sozialen Urheber des Krawalls ganz gut gewußt
1014 2601 1933 2665 daß es sich bei ihrem Vorstoße nicht
1023 2647 1944 2712 um die ästhetische oder ethische Seite der Frage
1019 2682 1935 2760 handelt. Ihnen war nur um eine Probe der Macht,
1030 2737 1928 2803 um einen politischen Rekognoszierungsritt zu tun
1021 2782 1932 2843 und dazu schien Schnitzlers „Reigen“ allgemein
1020 2816 1931 2891 das geeignete Objekt. Sie wollten in dem oft an¬
1023 2870 1934 2931 gewandten Sittlichkeitsrummel ansprobieren, wer
1015 2900 1932 2966 stärker in Wien ist, der sozialdemokratische Bürger¬
1013 2957 1957 3040 meister Reumann, der als Landeshauptmann:
1891 901 1975 986 E0
1990 979 2915 1063 des Kreises Wien den „Reigen“ gestattet hat,
1991 1038 2913 1105 oder die christlichsoziale Demagogie, der es wie¬
1993 1071 2909 1144 der darnach gelüstet, sich als Herren Wiens auf¬
1996 1120 2921 1196 zuspielen. Rechtlich ist Reumanns Erlaubnis nicht
1995 1173 2913 1239 umzustoßen, da er in seinen autonomen Fragen
1993 1212 2916 1282 auch unabhängig ist von Kabinettsratsbeschlüssen
1995 1257 2919 1313 und Ministermeinungen. Dem Landeshaupt¬
1990 1292 2908 1368 mann untersteht auch die Wiener Polizei, die als
1998 1341 2918 1419 letzteres Organ die Theater zu überwachen hat.
1995 1385 2905 1459 Die „Reichspost“=Klüngel haben nun so lange ge¬
1989 1436 2910 1497 trommelt, bis die Christlichsozialen sich entschlossen
2000 1483 2914 1540 zu der Sache Stellung zu nehmen. Natürlich, wenn
1993 1528 2927 1586 Herr Dr. Funder will, müssen die christlichsozialen
1995 1559 2925 1642 Minister parieren. In ihrer Mehrheit scheuten sie
1992 1611 2604 1672 jedrch davor zurück, wegen
2607 1619 2919 1682 eines The¬
1998 1656 2926 1727 oterstückes einen Konflikt heraufzubeschwören.
1987 1685 2922 1773 Nur Herr Dr. Glanz, der Minister des Innern,
1993 1737 2914 1810 ein wenig begabter Beamter, aber sehr strebsamer
1987 1780 2911 1855 Mann von klerikalem Einschlag, sprang für die
1982 1822 2921 1892 Forderung der „Reichspost“ ein und versuchte, über
1979 1871 2886 1943 den Kopf Reumanns ein Verbot der „Reigen“
1980 1909 2911 1987 Aufführung durchzusetzen. Bürgermeister Reuman#
1979 1956 2903 2033 tat darauf, was ihm Gesetz und Gesinnung vor
1995 2001 2901 2075 chrieben: er warf das Verbot des Ministers in den
1987 2045 2909 2121 Papierkorb und ließ den „Reigen“ weiter spielen.
1984 2089 2894 2169 Daß sich aber die Sozialdemekraten mit aller
1986 2133 2909 2204 Vehemenz für Reumann einsetzten, ist klug und
1983 2178 2898 2256 gut getan. Sie haben tausendmal recht, wenn sie
1979 2226 2906 2298 diese freche Einmischung in die Privatsphären der
1975 2263 2892 2350 Menschen als einen Rückfall in das alte Oester¬
1972 2312 2890 2392 reich bezeichnen, sie haben recht, davin einen
1983 2351 2894 2426 Vorstoß des monarchischen Klüngels zu
1984 2400 2899 2474 ehen, dem, mag der Anlaß selbst noch
1975 2444 2019 2497 so
2102 2451 2739 2519 geringfügig soin, politisch
1977 2493 2898 2570 noch volle Bedeutung zukommt. Die Christ¬
1980 2531 2898 2611 lichsozialen haben nach der heutigen stürmischen
1973 2574 2886 2653 Sitzung im Parlament einen Gewaltakt gegen die
1976 2626 2882 2687 „Reigen“=Aufführung angedroht; darauf erhielten
1982 2664 2890 2736 ie die Antwort, daß eine Störung nicht ohne
1980 2707 2893 2789 Antwort bleiben würde. In letzter Stunde
1985 2749 2882 2819 hat der Troß der „Reichspost“=Leute jedoch den
1978 2792 2891 2866 Mut verloren. Der „Reigen“ wurde heute trotz des
1984 2837 2892 2913 Verbotes des Dr. Glanz gegeben und zwar ohne
1975 2877 2884 2962 Störung und ohne Demonstrationen. Der Durch¬
1973 2928 2885 3016 fall der Christlichsozialen wird nicht ohne heilsame
1968 2971 2262 3038 Folaen bleiben.
