3436 4352
998 116 1419 207 box 18/3
299 112 810 215 11. Reigen
193 605 963 687 per kwartaal bij voorustbetaling: Rotterdam
192 670 945 717 en ’s-Gravenhago en omstreken f 6.—
185 701 940 747 75 cents expeditiekosten; buitenland f 21.—
181 747 947 789 osten. In de navolgende landen kau men zich bjj
176 782 943 833 en tegen lageren prijs Foor postabe anement:
211 820 960 872 Chili, Denemarken, Duitschland, Egypte,
182 855 945 902 garije, Italié, Luxemburg, Montenegro, Noor¬
187 895 952 954 Portugal, Rumenié, Serviö Turkije, Uruguay,
174 931 287 984 Fland.
973 928 1202 1000 Directeur
182 995 1834 1063 . Snachia v. Juur a O00. Den lann 37, Kan I. i4. Telegram-adren Hldk, Tenn, langef Fdam.
1683 1031 1973 1115 KEA
927 1105 1950 1158 tot grensuitbreiding voor niet ontvankelijk te ver¬
926 1139 1077 1195 klaren.
167 1084 779 1267 ndblad, C.
962 1204 1948 1259 DELFT. B. en W. stellen den raad vcor te besluiten
919 1240 1954 1301 tot den beuw van 28 woningen nabij de Hlugo de
615 1257 744 1329 T
923 1294 1954 1349 Grootstraat en 69 woningen aan de Brasserskade en
929 1335 1764 1395 vragen daarvoor ecn crediet van J 300,000.
214 1335 549 1417 Nederland.
967 1386 1951 1476 HOOGEZAND. De winst- en verliesrekening van de
927 1429 1255 1501 bouwverecniging
1298 1448 1947 1509 Volksbelang alhier over 1921/12
1242 1446 1298 1488 7
162 1449 575 1537 Tweede Kamer.
931 1490 1668 1541 wijst ccn saldo-verlies aan van † 7359.
221 1534 892 1606 gehonden zitting van het centraal
958 1541 1960 1609 NIJMEGEN. Naar aanleiding van het onlangs meg
225 1580 882 1635 de verkiezing van leden vani de
931 1589 1974 1652 gedeelde rapport van den, directeur der gasfabriek cn
940 1649 1966 1690 waterleiding nopens het vraagstuk, op welke wiize de
205 1670 880 1715 P. J. Reijmer te Hilversum, be¬
928 1681 1958 1728 gemeente in de toekomst yan drinkwater moet worden
209 1702 889 1770 tot lid van de Tweede Kamer de
928 1711 1953 1768 voorzien, stellen B. en W. den gemeenterand voor
203 1746 887 1807 sen te Haarlem. Ingevolge de Kies¬
936 1758 1934 1812 om, gehoord de Gezondheidscommissie, te besluiten
182 1784 890 1834 iimer op zijn verzock geplaatst op
934 1801 1955 1846 n de waterwinplaats van de waterleiding aan de Nieus
935 1839 1964 1886 we Marktstraat uit te breiden met putten in het Kro¬
934 1871 1958 1924 nenburgerpark en de daarnede verband houdende wer¬
203 1882 822 1966 in het sleepvaartbedriff.
924 1907 1969 1956 ken uit te voeren; b. in verband met de onder a. be¬
941 1943 1966 1998 doclde werken de gemeente-begrooting vdor 1922 aan
184 1961 888 2041 aking betrokken kapiteins en machi¬
940 1991 1960 2040 te vullen met f242,000 (buitengewoon); c. tot het
191 2019 893 2069 h Zaterdagavond en vanmorgen bij
935 2024 1974 2080 instellen yan een onderzock naer de wijze, waarop
196 2064 898 2109 gemeld om weer te gaan varen, op
931 2063 1968 2130 het water van de winplaats op Heumensoordkan wors
199 2097 891 2149 geldende voorwaarden, dus op de¬
935 2104 1204 2155 den verbetard.
186 2134 903 2202 en, welke bij liet uitbreken van de
194 2173 388 2229 it waren.
1171 2173 1523 2239 Letteren en
199 2194 907 2270 ppende geruchten, vernemen wij vah
203 2255 883 2315 regeling van de lcons- en arberus¬
1095 2260 1789 2345 Hamburger Kammerspiele.
203 2290 904 2346 het Rijnsleep- en schcepvaartbedriff
200 2331 894 2390 Belgié, dat deze te allen tijde bereid
1713 2331 1924 2416 Reigon.
212 2364 906 2415 is, een contract op de bij het uit¬
967 2372 1589 2437 Men schrifft ons hit Den Haag:
193 2403 896 2460 aking geldendo loons- en arbeids¬
974 2427 1962 2478 Ja, dit is toch wel knap werk. Arthur Schnitzler is
226 2451 369 2498 sluiten.
946 2463 1950 2511 ecn menschenkenner, hij weet, met welko middelen
236 2468 895 2547 van Rotterdam en Dordrecht 25
945 2505 1957 2556 de man de vrouw verovert, de vrouw den man in
191 2519 901 2572 Erlandsche sleepbooten vertrokken
946 2547 1955 2594 hare armen lokt. Hij kent do plompo en lompo onge¬
193 2567 900 2615 staande uit cen aantal Duitsche en
938 2584 1961 2639 voeligheid van den zelfgenoegzamen „minnaar', die
202 2608 376 2663 schepen.
942 2624 1947 2667 beu is van innigheid en liefkoozingen zoodra het be¬
944 2660 1959 2708 geerde resultaat is bereikt; hij doorziet de schifn¬
203 2672 899 2731 Dordrecht ecn huishoudelijke vergus
936 2704 1950 2755 bewegingen en kwasi-preutsche leugentjes der wijf¬
207 2717 899 2780 van stakers in het Rijnslaapvaart¬
949 2740 1951 2790 jes, dio „maar vijf minuten tijd“ hebben, doch diep¬
949 2778 1953 2827 belcedigd zouden zijn als de ander ze aan haar woord
203 2777 883 2851 at in deze vergadering van de zijd
943 2815 1953 2866 hield; hij is uitnemend op de hoogte van het gansche
209 2834 886 2899 oorstel werd gedaan, do staking op
943 2855 1950 2905 „liefdesP-proces; van de aarzeling; de schijnbare te¬
204 2878 645 2925 hrstel werd verworpen,
946 2896 1963 2947 genkanting; de leugen der „laatsto kus', dio niet het
207 2901 897 2973 Duitscho slcepbooten tot het afhalen
943 2931 1961 2986 slot van alles, maar het begin eener nieuwe, meer be¬
952 2973 1962 3020 wogen periede zal blijken; hij toont ons op rauw¬
938 3016 1969 3059 cynische, doch duidelijke, wijze de rechto wegen, om¬
197 3008 773 3085 I. Bond van gemeente¬
946 3052 1959 3109 wegen en sluipwegen, waarlangs diverso lieden „das
215 3072 536 3133 ambtenaren.
945 3083 1896 3134 Vergnügen? trachten te bereiken. „Vergnügen',
943 3120 1959 3169 het vrouwtje uit den viifden dialoog vindt het juiste
214 3122 888 3197 r van den Nederl. bond van ge¬
944 3164 1967 3213 woord. Meestal is het niet meer dan dat, gewoonlijk
223 3185 889 3228 heeft den heer Kolfschoten, in de
944 3202 1957 3247 niet cens do „rocs“, waarvan de graaf in het negen¬
210 3221 902 3268 Holland bij herstemming benoemd
939 3248 1950 3295 de „Bild“ spreckt. Een kortstondig genoegen
200 3259 895 3317 ofdbestuur, niet als zoodanig tocs
1839 3278 1957 3327 — de
944 3282 1844 3332 maar nimmer — in geen dezer tien dialogen
194 3299 890 3362 Sal leden had nict of niet tijdig
944 3319 1955 3375 innige, duurzame liefde; de wondere vertcedering;
204 3341 888 3400 de herstemming ontvangen. Afge¬
948 3357 1962 3404 de schoone samensmelting van tweo zielen. 0 ja, er
206 3377 903 3433 ndigheid, of dit invloed kon hebbent
945 3391 1954 3438 is cen „dichter“, die vele „verheven' en sentimen¬
197 3421 889 3468 de stemming, achtte de bestuurs¬
939 3431 1957 3480 teele woorden spreckt, maar als hij „das süsse Mä¬
206 3458 894 3503 ker handen de geloofsbrieven van
944 3472 1959 3516 del' in zijn armen drukt, fluistert hij van ccn genot
205 3499 897 3547 en gesteld, de gepleegde onregel¬
949 3514 1957 3559 van cen paar weken. Do ecuwigheidsgedachte, die
219 3541 893 3602 aard, dat zij niet tot goedkeuring
946 3549 1957 3597 het gevenden geluk tot ecn liefde -voor het leven
943 3590 1951 3636 schiint te maken, is cok den poéet vreemd. Hier wordt
942 3619 1965 3671 ons niet de meoie, hoogo liefde (liefde naar lijf en
224 3640 594 3715 uisslachtingen.
952 3661 1968 3716 ziel) getcekend, maar het verzetje, het kortstondig
943 3705 1739 3750 vermaak, do cuprice, de passanten-passie.
210 3717 898 3777 Haatschappij van Landbouw heeft
984 3736 1968 3798 Voortdurend hebben wij belangstellend en met
216 3779 906 3829 hting ccn uitvoerig adres gericht
934 3758 1959 3829 grocte waardeering voor het uitnemende spel dezen
218 3816 891 3863 anarbeid. Vit het feit. dat aan de
943 3818 1960 3863 kringloop der „liefde“, die met „de deerne en den sol¬
210 3849 904 3900 gerland en Haskerland vrijstelling
940 3855 1953 3910 daat’ aanvangt en met „den graaf en de deerne'eindigt,
227 3892 903 3937 de huisslachtingen werd geweigerd,
933 3894 1954 3947 gevolgd, doch slechts eens werden wij heel even ont¬
222 3927 902 3974 rd, dat de minister voornemens is,
944 3935 1968 3987 roerd. Het was in den tweeden dialoog, toen de soldaat
212 3962 896 4012 kente cen dergelijke vrijstelling te
947 3980 1967 4025 „das Stubenmädchen? na een welgelukte overweldi¬
225 4000 908 4059 gen de Maatschapräj ten zeerste
939 4016 1970 4067 ging liet gevoelen, dat het nu met de innigheid en
210 4043 906 4099 Erkt op, dat in de memorie van toe¬
939 4056 1961 4107 liefkoozingen uit was, en hif naar de warme danszaal
217 4076 895 4130 er heeft erkend, dat voor ccn der¬
2100 888 2966 1002 Maandag 7 Augustus 1922.
2155 985 2902 1054 79s1e JAARGANG. — No. 216.
1985 1096 3018 1143 en intelligent regisscur!); das süsse Mädel (Het
1987 1124 3016 1182 #scharreltje*) van Olga von Mahr, de dichter van
1996 1175 3013 1237 Rudolf Fernau (die weliswaar de sentimentaliteit
1998 1212 3021 1258 niet verder mag drijven), de actrice van Annie
2002 1248 3017 1304 Reiter (telkens weder kond water stortend op de
1987 1278 3016 1344 geestdrift-vlammetjes van het poêetje; daarna een
1988 1321 3017 1376 goede partner voor den „graaf'); de graaf van Wolf
1992 1372 3008 1413 Berckendorff met zijn onverbeterlijke mimiek en
2001 1405 3020 1450 amusante intonaties, ze leefden allen voer ons. Aan
2003 1445 3009 1494 het slot, bis het harteljjk applaus van het publiek,
1989 1481 3020 1536 hebben wij ze te zamen, als in reidans, nog cens zien
1996 1526 2286 1585 voorbijtrekken.
2028 1582 3026 1646 Verbetering. De naam van den directeur van
2913 1633 3016 1677 is in
1991 1634 2906 1683 dit gezelschap (regisseur in „Zwischenspiel')
2000 1674 3017 1736 ons Zondagochtendblad misvormd, Hij heet Erich
2001 1710 2144 1773 Ziegel.
2302 1765 2698 1853 Pnichti Stüdie.
2044 1847 2638 1910 Men schrifft ons uit Den Haag
2035 1886 3009 1955 In deze benarde tijden is het meer dan ooit gera¬
1995 1940 3014 1990 den eigen kracht te meten en op eigen kracht te ver¬
2001 1978 3014 2028 trouwen. Zoo hebben leden van Pulehri Studio
2002 2019 3010 2071 gedacht, die een tentoonstelling samenstelden waar¬
2005 2054 3010 2106 aan de eigenaardigheid is verbonden van cen maxi¬
1991 2096 3018 2144 mumpriss. Er is geldncod in meerdere of mindere
1998 2133 3020 2178 mate Grondersteld Bij het publiek dat komt koopen.
2010 2176 3021 2217 #dan drie honderd gulden, wordtop de tentoon¬
1999 2203 3019 2253 stelling die Zaterdag in den namiddag in Pulchri. 18
1994 2240 3025 2295 geopend, nocit gevrangd. Driehonderd gulden is dus
2002 2276 2315 2333 de hoogsto prijs.
2030 2319 2986 2372 Het denkbeeld van deze tentoonstelling blijkt I
2002 2356 3039 2401 vele leden van het genootschap in goede aarde te zijn
1999 2398 3024 2442 gevallen. Ruim honderd zestig werken werden aange¬
2014 2442 3025 2489 boden; zjj hangen met de noodigo rnimte, in een
2013 2466 3029 2522 goedo verdeeling aan de wanden der drie groote
2015 2505 3032 2557 zalen. Beeldhonwwerkjes staan op voetstukken, rond¬
1999 2546 3022 2595 cm. Een mooi hockje wan Suze Robertson trekt dade¬
1994 2587 3029 2651 lijk, bij den eersten rondblik de aandacht. Anna
2014 2626 3033 2677 Abrahams, Schregel, Dirk Schäfer, L. v. Dam v.
1993 2660 3024 2715 Isselt, Pol Dom, Etienne Bosch, Floris Arntzenius,
1998 2704 3025 2749 zagen wij in dadelijk herkenbare arbeidsstalen ver¬
1993 2740 3018 2789 tegenwoordigd. Doch er is veel goeds waarop wij
2002 2782 3025 2837 terugkomen. Er was zcer veel belangstelling en de
1991 2824 2784 2880 eerste middag beloofde wel een succes.
2036 2876 3030 2943 Mr. Dr. A. R. v. d. Laar te Gendringen, oud-lid der
1998 2939 3035 2984 Tweede Kamer, heeft de redactie van De Beu¬
2000 2978 3029 3029 kelaar neergelegd. De redactie is opgedragen aan
2009 3013 2830 3066 Dr. J. van Dorp, predikant te Gendringen.
2337 3073 2686 3149 Weckbladen.
2039 3146 3021 3212 De Merwepost van deze week heeft een ge¬
1998 3200 3027 3267 illustreerd opstel over de fantastische poppen van
1997 3239 2463 3310 H. G. van Tussenbrock.
2049 3297 2972 3388 „Niederdeutsche Kunstgewerbeschau'
2213 3362 2807 3410 Herfst 1922 te Bremen.
2034 3412 3027 3482 Een Nederduitsche Kunstnijverheidstentoonstelling
2006 3464 3020 3518 met het karakter van een jaarmarkt heeft in zooverre
2010 3514 3031 3562 beteekenis voor Nederland, dat ze voor de cerste
2006 3550 3025 3593 maal de meer belangrijke vervaardigers van de
1998 3590 3025 3642 Nederduitsche kunstnijverheid en het ambacht tog cen
2001 3629 3021 3679 alles in zich vereenigende tentoonstelling van hun
2014 3667 3024 3711 voortbrengselen samenbrengt, met de bijzondere ge¬
2014 3707 3020 3762 dachte aan export naar de naburige landen met hooge
2003 3756 3018 3797 valuta. De tentoonstelling zal hout, metaal, cera¬
2009 3788 3023 3835 miek, glas en weefartikelen in de meest verschil¬
2000 3828 3027 3876 Jende bearbeidingsmethoden toonen. De tentoonstel¬
2009 3862 3023 3907 ling, die ecn deel der door het Wezer-gilde voor¬
2006 3900 3035 3953 bereide „Niederdeutsche Woche' vormt en van 3 tot
1999 3940 3032 3993 10 September plaats vindt, staat onder het protec¬
2004 3979 2583 4046 toraat der Duitsche overheid.
2103 4033 2913 4091 Op de Niverheidstentoonstelling
3221 903 3348 978 Hoof
3052 1087 3354 1150 waarbij de oo
3048 1128 3345 1179 isch samenstre
3063 1165 3361 1220 gestrekte vingen
3056 1202 3304 1263 woorgestelden
3061 1245 3355 1300 den omringen
3060 1285 3346 1340 derig getooid r#
3066 1321 3354 1380 weelde van orn
3054 1361 3341 1428 king, de tiara.
3081 1400 3320 1456 En nu deze
3052 1437 3365 1489 flauwe herinner
3063 1482 3357 1535 den verleden va
3076 1508 3320 1573 Er is meer,
3065 1555 3351 1610 ling tot scherpe
3087 1597 3356 1645 Er is een al
3055 1631 3361 1686 Prof. Franz Ci
3069 1673 3349 1732 onheil zal aahr
3084 1711 3333 1764 Het is sinds
3053 1745 3352 1815 leu, zoowel vol
3051 1790 3364 1842 op teckengebied
3059 1826 3356 1890 op kunstgebied.
3056 1865 3326 1915 treeren, werk,
3064 1899 3366 1957 nog meer studi
3062 1940 3365 1998 hebben. Natuur
3057 1984 3355 2029 is veel amusanf
3066 2021 3375 2081 bloempot of een
3071 2057 3375 2117 vrij uiten en #
3064 2100 3373 2153 ecn wondermen
3067 2140 3361 2190 bied evenzoo vi.
3067 2166 3361 2226 den volké glo
3068 2200 3362 2265 toond! De Ovei
3064 2249 3371 2312 onbeholpen p0
3070 2286 3346 2349 beelden, welks
3237 2326 3362 2380 oefenin
3062 2329 3190 2379 weinig
3183 2341 3220 2385 800
3064 2363 3379 2417 studies, dat aller
3074 2403 3363 2459 kriigt alleen eé
3071 2444 3369 2497 waarbij de ond
3068 2485 3354 2537 pen heeft en
3058 2518 3348 2581 „Schwärmerei'
3089 2542 3365 2614 Reeds de titel
3073 2591 3373 2654 geestelijke verm
3090 2640 3370 2690 Er bestaat ge
3063 2667 3382 2733 uitzondering yam
3067 2720 3385 2768 8ste jaar een s#
3063 2753 3376 2807 of op hun tiend
3073 2790 3389 2846 leven met hetze
3064 2835 3385 2888 ken vorm kunne
3093 2869 3381 2927 Kunst is steed
3066 2908 3375 2965 these van gevo#
3069 2948 3361 3006 woon kind ooit
3097 2980 3385 3039 Toch ziin hie
3074 3019 3368 3079 van 14 tot 15
3065 3061 3361 3120 houtsneden uit
3061 3099 3377 3161 met tal van g#
3074 3185 3354 3242 ven die men
3065 3206 3379 3273 met ouder en ri,
3073 3252 3347 3317 Er zijn stellig
3069 3304 3361 3357 vrang ik me af
3093 3340 3359 3392 Of het geen
3072 3377 3356 3430 zonderingswerk
3070 3417 3382 3477 leeranr tot stand
3101 3485 3394 3552 De klokken
3070 3532 3344 3589 Edam, zijn in
3066 3578 3382 3627 ziin thans uit H
3065 3609 3380 3681 om straks weder
3089 3669 3387 3747 200 juist zijn
3057 3721 3406 3793 hove verschen
3063 3764 3390 3816 Sonäte voor vio
3283 3956 3395 4025 Intr
3094 4027 3401 4084 Na des ochten
