3436 4256
318 155 407 228 11
391 2079 458 2190 K
999 155 1417 241 box 18/2
498 155 809 253 Reigen
684 1062 1833 1124 Ktellen in Fragen, die einen der beiden Stäulten Nicht unmitter:
656 1109 1834 1184 bar berühren. Den wichtigsten Teil des tschecho=slowakisch¬
652 1228 1834 1299 darf wohl sagen, absurde Beschuldigung als Angeklagter
660 1293 1836 1352 antworten mußte, erzählte er, er habe das Musikstück,
662 1332 1834 1400 das in den Zwischenakten des „Reigen“ gespielt wurde,
661 1386 1833 1447 viele Jahre, ehe er den „Reigen“ kennen gelernt, kom¬
655 1428 1834 1486 poniert, und da er es als eine traurige Musik empfunden
657 1477 1828 1544 habe, habe er ihm den Titel „Valse noire“ gegeben. Die
664 1527 1841 1588 Sachverständigen von Gerhart Hauptmann bis zu
653 1572 1826 1637 Alfred Kerr mußten sich das Lachen verbeißen, und der
656 1615 1829 1684 Vorsitzende mußte die Zuhörer, die in ein helles Ge¬
661 1663 1506 1723 lächter ausbrachen, energisch ermahnen.
755 1705 1836 1774 Tags darauf wurde der „Reigen“ in einer
656 1761 1827 1823 geschlossenen Vorstellung den Richtern vorgeführt. Es
659 1811 1827 1867 war eine kuriose Vorstellung, die der Herr Vorsitzende
653 1852 1829 1915 inszeniert hatte. Vor Beginn der Sitzung und Auf¬
660 1901 1838 1971 führung erhob sich der Herr Landgerichtsrat und ließ die
658 1952 1836 2019 Namen der Zuschauer, nämlich der Zeugen, verlesen.
659 1998 1832 2054 Wer nicht erschienen war, sollte in Strafe genommen
665 2041 1831 2113 werden. Dann erklärte der Landgerichtsrat, daß es sich
664 2091 1833 2149 hier nicht um eine normale Theatervorstellung, sondern
659 2139 1832 2205 um einen Teil des Beweisverfahrens handle und daß
656 2186 1828 2251 infolgedessen jede Beifallskundgebung zu unterbleiben
660 2232 1836 2301 habe. Man hat eine düsterere Vorstellung im Theater
657 2280 1842 2340 kaum gesehen. Wenn eine Beifallskundgebung verboten
658 2328 1829 2379 wurde, durfte wenigstens gelacht werden? Im Gerichts¬
657 2373 1836 2443 saal ist das Lachen strenger noch verboten als der Beifall.
654 2425 1836 2487 Konnte jemand, der bei der „Reigen“=Aufführung eine
657 2470 1838 2539 Anwandlung zur Heiterkeit hatte, deshalb wegen
665 2526 1832 2584 gerichtssaalwidrigen Benehmens in Strafe genommen
657 2566 1836 2635 werden? Um die unsittliche Musik des Werkes zu prüfen,
662 2610 1835 2670 die Musik mit jenem verdachtigen Rhythmus, ordnete der
657 2662 1831 2718 Herr Vorsitzende an, daß die ganze Zwischenaktmusik
654 2707 1842 2763 nicht in Teile zerrissen, sondern im ganzen vor Beginn
662 2748 1833 2818 der Vorstellung gespielt werde. Nach einigen Minuten
662 2799 1842 2856 verstummte das Orchester. Der Herr Vorsitzende
663 2851 1829 2913 ermahnte die Zeugen, weiterzuspielen, doch der Zeuge¬
662 2895 1822 2956 Kapellmeister erwiderte: „Das Stück ist schon zu Ende.“
672 2936 1843 3008 Der Vorsitzende, der offenbar den aufregenden Rhythmus
664 2989 1839 3057 erst erwartet hatte, schwieg. Zu dieser Zwangsvorstellung,
660 3035 1830 3099 das ganze Verfahren gegen den „Reigen“ beruht auf
655 3087 1840 3151 einer Zwangsvorstellung, hätten auch alle Zeugen
665 3136 1837 3201 erscheinen sollen, die Anstoß nahmen. Da geschah einiges
657 3172 1835 3240 Merkwürdige: eine oder die andre der älteren Damen
662 3231 1685 3287 erklärte, sie könne sich den „Reigen“ nicht ein
1684 3234 1842 3291 zweites
652 3277 1852 3344 Mal ansehen; auf Gefahr der Strafe hin bleibe sie der
1958 1059 3031 1146 Der Ministerpräsident schloß: Die Krise, die wir soeben
1856 1120 3035 1191 durchlebt haben, ist erfolgreich überstanden. Das Ziel der
1865 1246 3042 1322 Zwangsvorstellung fern. Hingegen hat eine andre
1871 1290 3029 1360 Zeugin, die auch sittlich Anstoß genommen hatte, zur
1866 1349 3030 1424 streng geschlossenen Vorstellung ihre beiden Söhne,
1867 1397 3031 1461 zwanzig= und einundzwanzigjährig, mitgenommen. Es
1860 1442 3027 1502 lag keinerlei Notwendigkeit vor, ihre Söhne dieser
1866 1490 3029 1558 außerordentlichen sittlichen Gefahr, die die Mutter im
1860 1534 3038 1605 Gerichtssaal mit beredten Worten dargestellt hatte,
1863 1586 3034 1649 auszusetzen. Aber was tut eine zur sittlichen Entrüstung
1865 1636 3030 1690 entschlossene Mutter nicht alles im Interesse der
1856 1680 2957 1755 nationalen Kultur? Ihre Söhne, ebenso sittenstreng
2962 1687 3035 1745 wie
1871 1721 3038 1792 die Mutter, entschlossen sich, das Opfer zu bringen und
1858 1770 3025 1836 den „Reigen“ anzuhören, ja noch mehr, sich in die ge¬
1866 1817 3035 1885 schlossene Vorstellung einzuschmuggeln. Sie handelten
1869 1861 3042 1937 wvie der Arzt, der sich die Bazillen in die Adern spritzt,
1870 1914 3034 1985 um die Krankheitssymptome an sich selbst zu beobachten.
1870 1957 2936 2024 Es wäre interessant gewesen, festzustellen, ####
2969 1971 3031 2029 der
1864 2006 2954 2076 Zwischenaktsrhythmus auf die beiden jungen Leute
2971 2023 3045 2081 ge¬
1868 2060 2966 2126 wirkt hat. Es wäre psychologisch wichtig gewesen,
2977 2066 3044 2125 zu
1860 2103 2947 2162 erfahren, ob die beiden Jungen, sozusagen unter
2964 2112 3037 2170 den
1861 2147 3045 2213 Augen der Mutter, errötet sind. Der Gedanke, daß die
1872 2205 3030 2263 eiden Jünglinge am Ende nicht vollkommen verläßlich
1867 2242 3030 2309 funktionierten, ist schauerlich. Wie wenn die Mutter
1858 2292 3033 2357 beide Söhne vergebens geopfert hätte? Wie schrecklich
1864 2336 3032 2410 die Vorstellung, daß die beiden Jungen, die sich in die
1866 2388 3027 2441 „Reigen“=Vorstellung eingeschlichen haben, an diesem
1862 2432 3001 2497 sittlichen Dienst ihr spitzbübisches Vergnügen hatten?
1959 2481 3036 2543 Während ich diese Zeilen schreibe, wird noch immer
1867 2529 3032 2591 weiter verhandelt. Neue Kolonnen von Zeugen, die
1873 2577 3030 2641 Anstoß nahmen, marschierten auf, neue Kolonnen von
1866 2621 3025 2681 Zeugen, die nichts dabei fanden. Der vierte Ver
1866 2679 3038 2741 handlungstag! Zu denken, daß dies nur der erste
1877 2722 3032 2793 „Reigen“=Prozeß ist und daß diese Gerichtspremiere in
1870 2772 3031 2833 allen deutschen Städten wiederholt werden wird, daß zu
1862 2814 3032 2883 hundert „Reigen“=Inszenierungen hundert „Reigen“=
1872 2861 3031 2934 Prozesse bei den Landgerichten kommen.... Und an
1871 2914 3032 2979 demselben Tage hat im Reichstag ein Minister erklärt.
1865 2953 3034 3038 daß wir unsern Beamtenapparat verkleinern sollten und
1870 3004 3031 3072 unnütze Bureaukratenarbeit unterbleiben müsse. Man
1871 3048 3037 3128 darf getrost annehmen, daß ein einziger solcher Ver¬
1865 3099 3030 3171 handlungstag, da Gerichtsfunktionäre, Zeugen, Sach¬
1875 3151 3047 3219 verständige bezahlt werden müssen, Schauspieler,
1871 3189 3045 3267 Regisseure nicht zu den Proben gehen können, daß ein
1882 3250 3041 3332 olcher Arbeitstag ein kleines Vermögen verschlingt.
1856 3281 2777 3379 „Glückliche Leut', haben zu so was a Zeit!“
3067 1102 3130 1166 bet
3061 1200 3126 1253 da
3071 1251 3129 1315 sch
3062 1428 3114 1481 un
3074 1472 3125 1541 für
3066 1534 3125 1577 na
3066 1567 3112 1621 18,
3056 1613 3126 1671 Zu
3062 1665 3126 1717 Re
3065 1712 3120 1764 262
3065 1758 3128 1817 nic
3065 1804 3125 1863 In
3058 1856 3124 1906 un
3063 1896 3129 1956 ob
3057 2210 3130 2280 Je
3068 2270 3127 2328 sch
3060 2313 3124 2369 un
3061 2365 3123 2416 Se
3058 2412 3126 2470 192
3066 2455 3124 2506 na
3067 2496 3130 2563 M.
3063 2551 3115 2604 lia
3061 2595 3116 2652 ver
3063 2646 3126 2705 vol
3063 2694 3124 2744 La
3072 2738 3118 2792 de
3066 2837 3120 2883 vol
3073 2878 3118 2934 Fo
3063 2926 3126 2984 seie
3070 3076 3116 3133 vo
3070 3119 3129 3178 vol
3072 3166 3131 3220 spr
3074 3214 3121 3269 ei
3069 3261 3118 3314 slo
3039 3302 3131 3370 Re
