3436 4256
1017 124 1431 213 box 18/3
302 118 827 228 11. Reigen
792 515 1225 654 & & Seidel
753 649 1232 718 4 für Zeitungsausschintte
734 700 1283 784 O. 43, Georgenkirchplatz 21
580 816 771 929 Zehung:
588 918 690 984 Ori:
594 985 743 1049 Datum
809 1042 939 1154 5
544 1154 1531 1250 Schnitzlers „Reigen“ im Bürgerpark=Krietern.
531 1233 1621 1296 Die zehn Szenen des Schnitzlerschen „Reigens“ scheinbar
445 1270 1613 1332 noch immer von Breslau verbannt, zeigten sich gestern im Krie
449 1305 1607 1363 ternex Bürgerpark einem verständigen Theaterpublikum, das is
450 1342 1605 1402 Aut##ilen. Droschken und überfüllten Straßenbahnen zu dem
448 1381 1608 1460 hartiankä#pften Ereignis in die ländliche Stille hinausrollte. Zu¬
444 1421 1016 1479 nächst n Wort über das Stück:
537 1451 1605 1511 Mit Zertheit, sachlich, keck und kühn hat Schnitzler in
433 1486 1611 1557 diesen zehn Bildern entwürdigtes Liebesleben gezeichnet: die Ge¬
437 1537 1606 1597 meinheit der seelenlosen Hingabe, den Ekel nach verflackerter Kör¬
441 1580 1614 1640 perlust, die Brutalität der Gier, die Lustlosigkeit der Lust, die
437 1615 1605 1672 Schamlosigkeit bezahlter Preisgabe, mit einem Wort, das ganze
438 1657 1609 1711 roh und plump zerstörte Heiligtum der Geschlechtsliebe, die nicht
436 1689 1607 1749 im Seelischen wurzelt: sondern nur im Trieb und in der Lust,
430 1733 1599 1789 nur im Rausch, nur in Gier; Seele zeigt sich erst nach dem phy¬
436 1766 1603 1828 sichen Vorgang, und da man sie vor ihm nicht brauchte, zertrat, sie
429 1808 1605 1860 verächtete, klingt leise ihr Klagen auf in der Ernüch¬
435 1844 1606 1907 terung, leise und vergeblich. Sehr richtig hat die 6. Zivilkammer
420 1870 1605 1954 des Landgerichts III. in Berlin in ihrem Urteil über den
433 1917 927 1987 „Reigen“ folgendes gesagt:
563 1949 1598 2021 „Die körperliche Vereinigung sollte stets lediglich der
462 2012 1501 2066 natürliche Ausfluß innigster, seelischer Gemeinschaft sein.
1502 2014 1607 2064 Ein
469 2045 1606 2105 Verfall dieser Auffassung hat leider in weitesten Schich¬
464 2086 1603 2143 ten Platz gegriffen. Diesen Kreisen wird durch diese Auf¬
473 2121 1605 2182 führung die ganze Jämmerlichkeit des in ihrer Mitte
467 2165 1603 2219 mehr und mehr einreißenden sittlichen Tiefstandes nachdrücklichst
470 2204 1602 2253 vorgeführt. Es wird gezeigt, wie durch einen unedlen und un¬
461 2237 1594 2296 vollkommenen Genuß des Augenblicks gedankenlos und würde¬
465 2273 1599 2351 los zu Boden getreten wird, was der Menschheit das Heiligste
466 2311 687 2362 sein sollte.
567 2323 1599 2413 Diese Entwürdigung des Geschlechtsverkehrs zur Alltäg¬
455 2383 1592 2453 lichkeit, zur Laune, zum Leichtsinn, zum Abenteuer, dies Fehlen
470 2427 1593 2485 jeder großen, tiefen, sittlich begründeten echten, edlen Leiden¬
462 2462 1597 2534 schaft wirken erschütternd, weil sie auf richtiger Beobachtung
465 2501 612 2556 beruhen.
523 2536 1590 2625 Das Gericht kommt dann zu dem Schluß, daß die Aufführung
419 2585 1109 2645 des „Reigens“ eine „sittliche Tat“ sei.
515 2633 1588 2694 Kein reifer Mensch kann an diesem ernsten Werke Anstoß
422 2669 1591 2729 nehmen. Der Zuschauer wird, je nach seiner Veranlagung, in der
417 2702 894 2753 Tat erschüttert sein, oder
991 2713 1486 2767 enttäuscht und gelangweilt.
1488 2714 1593 2763 Ein
425 2740 1599 2809 Teil des Publikums schien auch gestern enttäuscht und gelangweilt
423 2778 562 2830 #r loin
558 2785 1599 2861 Das kann aber in diesem Falle seine Gründe in der
393 2820 1481 2905 Aufführung haben, die unter bedauernswerten Mängeln litt.
484 2865 1569 2958 Man sollte derart delikate Dinge, bei denen eine Nuance in
370 2884 1564 2990 Ton und Gebärde alles verderben kann, nur von den
395 2934 1563 3028 feinsten, vornehmsten und klügsten Darstellern spielen lassen. Und
400 2976 1559 3070 man sollte sie nicht der Weite eines unkünstlerischen Raumes aus¬
400 3016 1557 3108 etzen und nicht den Unzulänglichkeiten einer in Hast improvi¬
403 3047 1562 3152 ierten Bühne, auf der jede Illusion zum Teufel geht. Beiden
382 3086 1545 3177 Forderungen wurde man nicht gerecht. Die Bilder erlitten da¬
387 3125 1548 3216 durch zum Teil in jeder Beziehung Verluste, die ihnen alle Wir¬
380 3160 1551 3262 kung nahmen. Sehr fein war eigentlich nur die letzte Szene,
386 3198 1546 3298 Graf und Dirne, von Karl Morvilius und Elvira Bach¬
372 3232 1553 3331 Clemens fein abgetönt, dargestellt. Dagegen wirkten die
373 3274 1549 3369 Schauspielerinnen Elisabeth von Trachten und Maria Neu¬
366 3312 1542 3410 kirchen, jene durch ihre trompetende Stimme und Affektiertheit.
369 3349 1545 3448 diese durch blöde Theaterei, sehr schlecht. Die Herren hielten sich
374 3395 1547 3491 gut, besonders seien noch Fritz Kampers und Hans Eggerth
363 3438 1531 3523 erwähnt. Hoffentlich wird in den kommenden Vorstellungen da¬
362 3467 1532 3567 für gesorgt, daß man nicht durch den Zwischenvorhang sehen
356 3505 1545 3601 kann, daß das Beit nicht zusammenbricht (was natürlich schallende
366 3542 1539 3641 Heiterkeit erregte und Schnitzler einen Augenblick in die Gosse
367 3589 1540 3700 zu ziehen schien) und daß die Katzenmusik entweder wegbleibt
362 3629 1052 3695 oder durch wirkliche Musik ersetzt wird.
1392 3668 1483 3738 gth.
1842 553 2508 666 Klose & Seidel
1901 687 2467 732 Bureau für Zeitungsausschnitte
1842 727 2502 786 Berlin NO. 43, Georgenkirchplatz 21
2139 786 2412 886 Eitung
1816 870 2004 940 Zeitung:
1824 933 1932 1007 Ort:
2137 954 2260 1039 Br¬
1818 1005 1988 1085 Datum:
2155 1085 2511 1229 UTE
2068 1237 2630 1317 en, stehr au
1860 1360 3021 1481 Schnitzlers „Reigen“ in Krietern
1861 1476 3094 1550 27s hai Kriekern sich wohl nicht träumen lassen, daß es dazu
1830 1507 3096 1588 beifen sei, in der Theatergeschichte Breslaus eine bedeutsame
1827 1559 3096 1630 Rolle zu spielen; aber nun hat es — noch gerabe zur rechten Zeit
1832 1613 3099 1667 — sich den Ruhm erworben, einem vielumstrittenen Werke zum
1834 1635 3101 1713 Bühnenlichte, das man ihm so lange verwehrt hatte, und für das
1825 1687 3087 1746 es ursprünglich nicht geschaffen war, verholfen zu haben. Es
1825 1725 3101 1783 durfte nicht länger gezögert werden, denn nachbem die Acht auf¬
1824 1772 3096 1839 gehoben, die man auf Schnitzlers „Reigen“ gelegt, war man nicht
1820 1809 3095 1881 mehr auf Krietern als Theaterstadt angewiesen; bereits. hat ja
1826 1846 3096 1912 eine im Weichbilde Breslaus gelegene Schauanstalt, in der nicht
1828 1892 3090 1957 gerade der höchsten Kunst ein Altar errichtet ist, eine Aufführung
1827 1929 3098 1992 der Schnitzlerschen Szenenfolge angekündigt, und wie verlautet,
1826 1965 3085 2036 bereitet noch ein anderes, der Bühnen=Kleinkunst dienendes
1820 2009 3093 2082 Theater eine szenische Wiederaabe der erotischen Duette vor. Wir
1829 2049 3081 2123 haben also einen Reigen von „Reigen“=Aufführungen zu er¬
1819 2097 3097 2161 warten. Wer sich aber nicht beherrschen kann, darf den Ausflug
1815 2132 3088 2203 nach Krietern nicht scheuen. Zu ihm hatten sich am Dienstag
1826 2173 3085 2237 zahlreiche Theaterfreunde entschlossen, zum guten Teil aus Gesell¬
1828 2217 3089 2277 schaftskreisen, denen der Wea zum Bürgerpark nicht vertraut ist.
1818 2257 3086 2318 Der Saal war dicht, wenn auch nicht ganz lückenlos gefüllt, und
1823 2294 3095 2372 die Erwartung, etwas Außerordentliches von der Bühne her und
1812 2338 3081 2405 womöglich auch vor der Bühne zu erleben, war groß. Denn
1819 2378 3078 2447 ohne das verehrliche Publikum kränken zu wollen, glaube ich doch
1812 2421 3080 2482 annehmen zu müssen, daß die durch die früheren Verbote und die
1808 2461 3081 2528 Nachrichten von Skandalen an ändern Orten geweckte Sensations¬
1818 2499 3079 2571 lust mehr als rein tünstlerisches Bedürfnis an diesem abendlichen
1807 2542 3084 2603 Massenausflug nach Krietern beteiligt ist. Aber sollte es nicht
1813 2582 3077 2649 vielen von diesen Sensationslüsternen nach dem Genuß zu Mute
1813 2629 3077 2690 gewesen sein, wie den Helden der Schnitzlerschen Dialoge nach der
1812 2669 3000 2732 schamhaften, vielsagenden Gedankenstrich =Reihe, die
3005 2680 3087 2732 das
1809 2701 3081 2777 Unsagbare und Undarstellbare bezeichnet? So viel Lärm porher
1817 2744 2347 2789 der „Reigen“ entfesselt, so
2354 2755 3077 2805 verblüssend ruhig verlief die Auf¬
1812 2784 3079 2854 führung des „Reigen“. Wer in der Hoffnung gekommen war,
1812 2828 2319 2876 Anstoß nchmen zu können
2316 2840 3080 2895 — die die Sicherung der Unternehmer
1808 2863 3080 2934 bezweckende kuriose Verpflichtung, die ihm die Eintrittskarte auf¬
1813 2913 3073 2982 erlegte, hemmte ihn der Aufführung gegenüber keines¬
1828 2947 1911 2995 begs
1908 2948 3074 3016 —, süb sich enttäuscht. Weder Protest noch Jubel wurde ent¬
1824 2991 3072 3058 esselt; mick fast peinlich wirkender Gleichmütigkeit, jedenfalls mit
1808 3035 3077 3101 nur stillor Interessiertheit, ließ das Publikum diese Schnitzler¬
1823 3075 3077 3139 chen Dialoge an sich vorüberzieben, und wenn es die Hände
1809 3117 3070 3182 rührte, so geschah es nur, um seiner Ungeduld wegen der Ver¬
1814 3152 3067 3223 zögerung des Beginns oder seiner Freude über belebende, nich
1813 3200 3079 3255 vom Dichter und der Spielleitung gewollte Nuancen Ausdruck zu
1815 3241 3079 3302 geben. Es gab nämlich zu den „Fällen“ in den zehn Szenen noch¬
1804 3277 3067 3345 ein paar Zwischenfälle, verschuldet durch das wichtigste und zu¬
1815 3322 3070 3384 mneist unerläßliche Requisit des „Reigens“: das Bett. Sei es, daß
1803 3364 3075 3426 es aus sittlicher Entrüstung Sabotage treiben wollte, sei es, daß
1807 3400 3070 3470 es sich allzu starken Zumutungen ausgesetzt fühlte, es brach ein¬
1803 3443 3071 3509 mal hinter dem nicht nach, sondern vor dem Akte fallenden Vor¬
1806 3479 3067 3542 hange einmal bei offener Szene zusammen — und hier war es,
1806 3523 3064 3593 wo die heitere Beifallslust des Publikums sich in stürmischer Be¬
1807 3565 3067 3627 geisterung entlud und in freudiger Ausnützung einer so will¬
1795 3604 3071 3690 kommenen Anxegung bedenkenles auf einige Schnitzlersche
3135 1366 3328 1426 Dialogper
3137 1413 3325 1466 schauerscha
3134 1453 3323 1507 moralische
3138 1491 3323 1557 szenischen
3132 1537 3276 1585 wiesen.
3186 1576 3312 1628 Wenn
3124 1612 3336 1671 einnehmen
3133 1659 3335 1713 führung d
3141 1696 3319 1752 o wäre
3146 1738 3328 1790 ittliche Te
3137 1778 3325 1833 selbst sein
3138 1813 3320 1875 eines „R
3129 1860 3333 1913 Hervorzer
3126 1902 3320 1965 Die Aufft
3131 1940 3315 1997 schwächen,
3121 1987 3335 2036 reines Bil
3119 2024 3291 2082 Verkörpe
3118 2066 3327 2119 könnte, mi
3131 2109 3223 2159 eine
3118 2148 3275 2204 Werkes
3130 2190 3210 2240 kann
3130 2231 3249 2284 er gen
3126 2270 3288 2323 Triebhaf
3116 2313 3216 2363 eine
3124 2354 3248 2405 wegwit
3118 2392 3272 2444 Glieder
3114 2428 3331 2486 niedersteige
3114 2475 3312 2536 der Dichte
3116 2512 3328 2565 wußten un
3123 2555 3259 2612 ichkeit
3112 2594 3328 2651 Genuß mül
3112 2635 3297 2688 offenbart,
3115 2676 3312 2729 Lüsternheit
3121 2718 3302 2771 all jener
3117 2759 3321 2817 Transparen
3119 2805 3328 2858 den Knappt
3104 2837 3300 2896 Schnitzler
3116 2883 3316 2938 wird zum
3106 2924 3340 2981 Richter men
3115 2964 3325 3017 dabei humo
3106 3003 3318 3059 dem Geiste
3109 3042 3333 3100 Selbstüberh
3106 3086 3336 3142 sowie die so
3104 3124 3325 3184 wählten Sti
3107 3166 3335 3224 zu pornogr
3114 3210 3329 3263 adeln. Das
3114 3252 3335 3304 Krietern ni
3105 3282 3316 3347 siungemäße
3108 3339 3339 3388 Räumes ver
3099 3373 3331 3428 wehl erkent
3102 3413 3331 3471 nicht entspr
3101 3452 3309 3507 der ersten,
3107 3495 3319 3548 Ausstattung
3097 3535 3331 3588 grund benn
3100 3578 3327 3630 durch die Ni
3102 3617 3335 3690 schuldete ab
