3444 4320
1004 97 1403 182 box 18/1
305 106 448 183 11.
488 122 806 201 igen
374 915 1487 979 Die Hochschule und der „Reigen“. Zu den Erörterungen über
299 974 1485 1026 Sie Aufführung von SchnitzlersReigen“ wird uns vom Direktor
368 1010 1198 1053 Akademischen Höchschule für Musik mitgeteilt:
288 1014 353 1081 der
365 1054 1491 1101 Bei der Erwirkung der einstweiligen gerichtlichen Verfügung,
293 1099 1484 1144 nach der die Aufführung untersagt wusde, waren lediglich die
296 1127 1483 1180 Interessen der mir anvertrauten Anstalk maßgebend. Der Cha¬
291 1171 1484 1222 räkter des Hauses als staatliches Schulgebäude ist im Vertrage mit
306 1203 1484 1258 Frau Eysoldt besonders berücksichtigt, da die im § 1 enthaltene
299 1253 1493 1304 erste Bedingung des Vertrages Stückesausschheßt, die in sittlicher,
295 1285 1484 1332 religiöser und politischer oder künstkrische Hinsicht Anstoß er¬
296 1320 1486 1365 regen. Dazu hat Frau Eysoldt bei Verhandlungen über den Ver¬
295 1358 1493 1408 trag, als es sich um dessen Anerkennung handelte, wiederholt und
301 1402 1484 1448 feierlichst zugesichert, daß ihre Direktionsführung aus dem Theater
309 1443 1486 1492 eine sittliche und künstlerische Erziehungsanstalt höchsten Ranges
305 1478 1483 1520 schaffen würde. Nur so ließen sich die für das Theater ungewöhn¬
300 1516 1487 1568 lich günstigen Vertragsbedingungen rechtfertigen. Frau Eysoldt
329 1554 1486 1596 it auch den Studierenden der Hochschule ermäßigte Eintritts¬
335 1593 1485 1643 eten bewilligt. Tatsächlich ergab sich, daß für die Direktions¬
303 1618 1486 1681 führung im Gegensatz zu den gemachten Zusicherungen geschäftliche
308 1671 1482 1712 Tendenzen maßgebend waren und sind. Diesen Tendenzen gegen¬
301 1708 1493 1754 über habe ich pflichtgemäß mein Haus= und Vertragsrecht und die
306 1743 1492 1788 Schulinteressen gewahrt, wie ich das auch weiter tun werde. Mit
301 1784 1491 1838 Zensur und Polizeimaßnahmen hat mein Vorgehen nichts zu tun.
1377 1870 1421 1899 —
370 1851 1488 1923 Der Protest gegen das Vorgehen der Hochschule für wausik,
293 1902 1494 1968 dessen Direktor Franz Schreker sicherlich kein Zensuranhänger ist,
300 1945 1483 1996 wird in einem Teil der Presse zu einer Hetze gegen Minister
302 1994 1473 2037 Haenisch ausgenutzt. Ehren=Stössinger, der jetzt in der „Freiheit
306 2069 1484 2121 Skandal mit Erfolg nach. Er macht Haenisch, der nach dem „Berl.
297 2110 1481 2153 Tagebl.“ nichts mit dem Vorfall zu tun hat, persönlich verantwort¬
307 2148 1487 2197 lich und apostrophiert ihn als einen „den die Revolution von der
306 2185 1491 2232 Bierbank und aus der Gartenlaube direkt ins Kultusministerium
299 2225 568 2282 gebracht habe“.
372 2255 1485 2305 Ernster als die Bocksprünge dieses Randalierfuchses, der den
294 2293 1474 2344 Reigen in einem Atem mit „Romeo und Julia“ und der „Walküre
304 2339 1486 2390 nennt, ist ein Hinweis des „Berl. Tagebl.“ zu nehmen. Es wird
295 2379 1490 2431 dort behauptet, maßgebende Herren des Kultusministeriums, die
307 2417 1491 2465 die eigentlichen Urheber des Verbotes gewesen wären, hätten sich
310 2450 1486 2502 trotz der Einladung zur Generalprobe nicht eingefunden. Wenn
308 2496 1491 2544 das zutrifft, ist in dei Tat das Verhalten der zustandigen Personen
304 2536 1497 2584 unbegreiflich. Wenn jetzt die Zurückziehung des Einspruchs mit
310 2572 1507 2646 dem Eindruck des Reigens bei der Aufführung begründet wird, so
282 2678 1471 2740 hätte man sich davon ebenso gut bei der Generalprobe überzeugen
291 2721 1474 2777 könner. Dann wäre das ärgerniserregende Vorgehen vermieden
279 2761 1466 2813 worden. Jetzt hat man Kanonen aufgefahren und den Schuß nicht
288 2795 486 2857 losgelassen!
363 2822 1462 2894 Aber auch hinter der insoweit berechtigten Entrüstung des
278 2866 1459 2921 „Tageblatts“ kommt doch ein Motiv zum Vorschein, das ganz an¬
282 2909 1468 2976 derer Art ist. Man wittert in diesem Vorgehen einen Versuch,
285 2947 1456 3000 das Kleine Schauspielhaus wieder in die Hände des Staates zu
285 2986 1465 3043 bringen. „Das ganze Vorgehen hängt anscheinend zusammen mit
288 3029 1462 3086 en im Kultusministerium heimisch gewordenen, teils utopistischen,
275 3063 1455 3115 teils philiströsen Bestrebungen, die persönlichen künstlerischen
280 3100 1451 3156 Unternehmungen zugunsten einer sogenannten sozialisierten
284 3139 1462 3205 Kunstpflege zu untergraben. Dazu soll jetzt der Aypell an die
279 3178 762 3235 Philisterinstinkte dienen.“
772 3190 1461 3244 Also das nackte Theaterunternehmer¬
267 3215 1453 3280 interesse hat den Vorrang! Daß dieses Interesse keineswegs immer
265 3252 1452 3316 auf Kunstabsichten ausgeht und sehr häufig mit höheren Inten¬
269 3295 1452 3358 tionen in Konflikt geraten kann, ist ja gerade ein Grund mehr für
276 3340 903 3392 die Sozialisierung der Theater.
905 3348 1457 3398 Für das Kino ist ja wegen
275 3373 1453 3433 des durch keine sittlichen Bedenken eingeschränkten spekulativen
270 3410 1451 3478 Unternehmerinieresses die Zensur wieder eingeführt. Wir wün¬
267 3448 1459 3518 schen keine Theaterzensur ingendwelcher Art, aber wir wollen eine
256 3482 1450 3573 esteigerte Verantwortlichkeit der Theater neten und über dem
268 3527 567 3595 Kassenstandpunkt.
1482 3342 1522 3400 *
1491 3080 1539 3132 —
1497 3120 1540 3189 30
2071 340 2885 438 Kiese & Seide.
2104 411 2869 512 Bureau für Zeitungsausschnitte
2092 486 2879 569 Berlin NO. 43, Georgenkirchplatz 21
2480 647 2849 750 Sional-Zte
2068 735 2274 813 Zeitung:
2353 775 2661 883 Berzen
2078 837 2211 918 Ort:
2553 872 2698 992 95
2086 946 2275 1022 Datum:
2300 1088 2901 1185 Schnitzlers „Reigen“.
2245 1157 2955 1236 Im Kleinen Schauspielhaus.
2260 1218 3165 1281 Wozu der Lärm? Was steht der Hochschule fü
2091 1234 2259 1299 J. A. B.
2019 1265 3165 1322 Prüderie zu Diensten? Ihre Professoren, d. h. ihre Bekenner
2026 1312 3173 1375 bilden eine Akademie von Unsterblichen, die nicht alle werden
2023 1355 3170 1423 auch nachdem der Hydra Zensun sämtliche Schnüffelhäupter ab¬
2361 1390 3182 1450 Gestern konnte noch Frau Eyfoldt als eine
2019 1406 2307 1463 geschlagen sind.
2024 1432 3174 1499 Märtyrerin, die von sechs Wochen Haft bedroht ist, sich vor Arthur
2028 1486 3175 1540 Schnitzter stellen. Vor ihn und sein anmutges Geschnitzel, das
2027 1525 3184 1587 sich bei der Aufführung als durchaus ungefährlich erwies. Die
2022 1578 3172 1629 behutsame Hand des ironisch sentimentalen Wiener Dichters hal
2026 1616 3173 1670 den nun einmal nicht aus der Welt hinwegzuleugnenden
2027 1656 3181 1713 Naturalien den letzten Schein von Schimpflichkeit genommen.
2033 1709 3184 1762 Niemand fand Gelegenheit, sich zu entrüsten. Ja, man
2032 1744 3180 1805 applaudierte wärmer als es diesem spielerischen Einfall einer
2029 1782 2767 1863 müßigen Stunde sonst zugekommen wäre.
2099 1809 3185 1886 Jetzt, da die Beschwerde zurückgezogen ist und Frau Eysold¬
2027 1868 3185 1927 ungestört das rosigte Licht atmen darf, kann man ruhig fest¬
2034 1916 3175 1968 stellen: es bestand keine Notwendigkeit, diesen Reigen verliebelter
2025 1952 3175 2017 Pärchen aus seinem verschwiegenen Buchdasein zu erlösen und
2026 1999 3177 2059 auf die Bühne tanzen zu lassen. Es sind zehn Anatol=Szenen
2021 2043 3179 2101 in der Westentasche. Sie hängen nicht innerlich, sondern nur
2022 2077 3177 2144 durch einen tragikomischen Witz zusammen. Diese Menschlein,
2025 2126 3188 2189 so verschieden sie sich dünken: Die Dirne, das Stubenmädchen,
2021 2169 3187 2228 das süße Mädel, die junge Frau, die Schauspielerin — der Soldat,
2027 2209 3189 2278 der junge Herr, der Ehemann, der Dichter. In einem Punkte
2019 2257 3179 2322 müssen sie alle gleichen Tribut entrichten, alle hängen sie als
2029 2299 3191 2357 Maxionetten am selben Seil des Genius, auf den Schopenhauer
2035 2340 3180 2410 so schlecht zu sprechen ist, müssen sich zu zweit im Kreise drehen,
2030 2383 3182 2443 der bei der Dirne beginnt und zu ihr wieder zurückkehrt. Zehn
2033 2429 3180 2490 Szenen, und jede schließt eindeutig mit einem Akt, der im Buch
2035 2477 3181 2538 durch Gedankenstriche, auf der hier in einen G'schnas=Rahmen
2023 2515 3194 2585 gespannten Bühne durch das Fallen eines Seidenvorhangs an¬
2028 2552 3197 2620 gedeutet wird. Auch die Phraseologie ist — nur mit kleinen
2031 2600 3197 2659 Nuancen — immer die gleiche. Man läßt sie mit einem melan¬
2031 2640 3187 2702 cholischen Lächeln über sich ergehen. Auf der einen Seite immer
2034 2693 3189 2745 dasselbe sich scheinbar sträubende Gewähren und druben um¬
2042 2733 3189 2804 schlingt die lässigen Genießer am Ende alle dasselbe Band einer
2022 2779 3194 2839 von Rührung leicht gemilderten Tristitia. Dieser weichliche
2028 2827 3194 2876 Dichter, der in einer sorgenbeschwerten Zeit immer fühlbarer
2035 2874 3199 2923 zum Fremdling wird, ist mit seinen an die Oberfläche gehefteten
2035 2903 3196 2973 Konstatierungen im Grunde genommen kein tieferer Philosoph
2037 2950 3199 3005 als sein von ihm belächelter Graf. Mag sein, daß Schnitzler, der
2044 2997 3191 3049 Arzt, noch an anderes denkt, was sich von Geschlecht zu Geschlecht
2042 3035 3190 3100 forte bt, daß er hinter diesem heiter=wehmütigen Parallelis¬
2037 3087 3195 3145 mus, hinter dem gar zu leichtherzigen Lebenstanz auch noch, ohne
2045 3135 3192 3181 undelikat an ihn zu erinnern, einen minder vergnüglichen Toten¬
2038 3171 3190 3223 tanz sieht. So unmoralisch den Schnellfertigen dieser Reigen
2038 3217 3197 3269 scheinen mag, in gewisser Hinsicht berührt er sich doch mit den
2046 3264 2570 3316 Moralitäten des Mittekalters.
2116 3282 3198 3352 So sehr ist hier alles bewußt auf tyvische Wiederkehr ge¬
2036 3346 3186 3401 richtet, daß einzelne Szenen beim besten Willen nicht kurzweilig
2035 3394 3203 3441 wirken. Das meiste Pigment hat noch jener selbstironische Dialog
2029 3432 3204 3480 des Dichters mit dem süßen Mädel, dem Herr Ettlinger
2045 3468 3203 3531 und Frl. Poldi Mükler den rechten Einschlag eitler Beobachtung
2041 3512 3199 3566 und herziger Schwindelei gaben, vor allem aber die beiden
2042 3554 3189 3608 lustigen Paradeszenen der Heroine, bei deren Darstellung sich
2050 3595 3192 3654 Fräulein Dergan mit der parodistischen Kopie eines berühm¬
2052 3640 3197 3694 ten Vorbilds half. Der vielseitige Herr Forster=Larri¬
2051 3678 3204 3736 naga, der auch für die trällernde Verbindungs=Musik gesorgt
2043 3725 3202 3777 hatte, spielte sehr geschmackvoll den liebenswürdig dümmlichen
2045 3773 2962 3835 Grafen und distinguierten jungen Dragoneroffizier.
