3436 4384
990 208 1423 302 box 17/2
482 216 807 310 Reigen
791 978 1196 1058 Teiephion 12301.
403 1071 1583 1139 Alex. Weigl’s Unternehmen für Zeitungs-Ausschnitte
1352 1130 1542 1211 Ausschnitt
654 1144 1322 1270 OBSERYER“
1421 1193 1521 1275 NNr.
290 1256 1694 1331 I. österr. behördl. conc. Bureau für Zeitungsberichte u. Personalnachrichten
558 1325 1445 1402 Wien, I., Concondiaplatz 4.
290 1379 1708 1453 Vertretungen in Berlin, Budapest, Chicago, Genf, London, Newyork, Paris, Rom,
647 1441 1341 1512 Stockholm, Kristiania, St. Petersburg.
288 1564 763 1640 Ausschnitt aus:
886 1623 1544 1729 Wiener Abendpest
289 1681 867 1781 vor: 2. J /6 780
508 1985 1481 2067 Schnitzlers „Reigen“ ist in München vom
465 2002 1469 2104 akademisch=dramatischen Verein aufgeführt worden. In der
465 2064 1470 2151 dortigen „Allg. Ztg. lesen wir darüber unter anderen: „Es
459 2101 1464 2190 ist Schnitzlers gutes Recht, die Liebe aufzufassen, wie er will
457 2143 1470 2227 Aber es ist auch unser gutes Recht, diese Auffassung als
460 2190 1470 2268 unkünstlerisch, als kulturfeindlich, als vom Standpunkte
467 2233 1360 2299 jeder Sittlichkeit aus unsittlich zu empfinden.
1404 2261 1471 2313 Die
455 2267 1474 2350 Aufführung wäre an sich ähnlich zu beurteilen wie der
454 2302 1466 2391 Druck des Manuskripts für Freunde. Der akademisch¬
453 2343 1455 2430 dramatische Verein muß selbst wissen, wieviel er von seinem
454 2382 1466 2471 wohlerworbenen Verdienste aufs Spiel setzen darf, er muß
457 2424 1272 2506 auch wissen, wieviel sein Publikum verträgt.
1281 2469 1363 2506 * * „
1397 2460 1467 2516 Der
451 2463 1452 2546 allerelementarste Takt, ja sogar rein praktische Erwägungen
385 2493 443 2561 50
441 2500 1457 2582 mußten ihnen sagen, daß die Aufführung von Schnitzlers
1489 2543 1640 2600 inclusive
381 2552 1453 2623 100 „Reigen“ unmöglich ist; vor vier Tagen konnten sie das
293 2564 342 2620 „
1508 2588 1615 2636 Porto.
383 2595 434 2642 200
440 2587 1459 2665 im Berliner „Tageblatt“ noch schwarz auf weiß lesen. Als
303 2616 341 2659 „
1492 2625 1627 2678 Zahlbar
380 2638 1450 2711 50 literarisch gebildete junge Männer mußten sie sich sagen,
1483 2655 1664 2715 im Voraus.
357 2676 1454 2757 100 daß, wenn je ein Stück, so diese Einakter von Schnitzler
440 2702 823 2773 reine Lesedramen sind.“
391 2721 473 2772 1.4
500 2741 549 2774 4
1451 2723 1663 2784 ite ist das
277 2746 1268 2822 Abonnement durch keine bestimmte Zeitdauer begrenzt;
1349 2768 1670 2828 auch steht es den
273 2801 1555 2865 Abonnenten frei die aufgegebenen Themen zu ergänzen oder zu ändern.
384 2864 1665 2945 Der „OBSERVER“ veranstaltet täglich einen Auszug enthaltend die
273 2924 1665 2986 Inhaltsangabe aller wichtigen Mittheilungen der Wiener Morgen¬
278 2966 1657 3025 blätter (Tagesjournale ausser „Neue Freie Presse“ und „Wiener Zeitung“)
285 3012 1671 3055 wodurch eine Uebersicht ülber das gesammte politische und wirthschaftliche
275 3044 1658 3103 Leben des In- und Auslandes in drastischer Kürze geboten wird. Diese Mit¬
272 3083 1271 3152 thellungen werden in Wien um 9 Uhr Früh verschickt.
597 3164 1330 3248 Prospecte graris und fnanco.
1965 1155 3053 1307 eitungsnachrichten - Bureau
1811 1253 2872 1354 W
2029 1349 2841 1427 Adolf Schustermann
2182 1415 2684 1500 Blumen-Strasse 80-81
1810 1481 3053 1562 Tel.-Adr.: Adressenhaus Berlin, „ Telephon: Amt VII No. 1555.
2031 1565 2883 1667 Zeitung: Dresdner Anzeiger
1840 1586 1885 1683 3
1834 1674 1888 1712 —
2770 1666 2886 1755 V.
1833 1699 1912 1770 8
2044 1684 2538 1781 Adresse: Dresden.
1850 1747 1913 1796 ∆
2601 1749 2927 1834 18. 6. 93
1845 1786 1913 1849 520
1825 1803 1876 1868 8
2039 1801 2216 1855 Datum:
1874 1826 1917 1868 2
1852 1864 1906 1905 2
1830 1887 1901 1940 S 4
2056 1855 3131 1947 * Zwei Münchner Uraufführungen. Man schreibt uns
1885 1920 1956 1970 r 8
1995 1914 3131 1992 aus München, 26. Juni: Im Kaimsaal veranstaltete gestern der
1901 1964 1954 2015 5
1985 1970 3127 2034 akademisch=dramatische Verein mit Mitgliedern hiesiger Bühnen
1872 1989 1921 2036 2
1995 2016 3128 2077 und vor geladenem Publikum seinen 28. Theaterabend, dessen
1988 2052 3111 2112 Programm sich aus der Uraufführung eines einaktigen Drama¬
1865 2035 1908 2109 2
1991 2103 3120 2160 „Die Tragödie des Triumphes“ von Karl Goldmann
1989 2146 3113 2206 und aus Fragmenten von Arthur Schnitzlers „Reigen“ zu
1986 2180 3109 2241 sammensetzte. Goldmanns Tragödie behandelt in ziemlich per
1830 2179 1932 2264 S 5
1987 2235 3110 2289 worrener Weise das Thema, daß die Ehe ein Hemmnis für di
1998 2271 3110 2340 reie Entwicklung künstlerischer Naturen sei. Ein junger Bild
1979 2315 3118 2366 hauer ist im Begriff, gezwungenerweise ein Ehebündnis mi
1880 2336 1945 2415 5
1979 2366 3110 2419 einer entfernten Verwandten, die ihn aufrichtig liebt, einzugehen
1981 2399 3112 2473 Sein Freund erkennt in diesem Zwang die Ursache des Versiechen¬
1979 2444 3113 2515 der künstlerischen Kraft des Bildhauers und versucht ihn aus der
1974 2490 3113 2546 beengenden Verhältnissen zu befreien, was ihm zwar gelingt
1979 2535 3097 2596 aber das eigene Leben kostet. Angesichts des Sterbenden sieh
1983 2582 3108 2636 der Künstler seine Zukunft wieder frei und fühlt sich zu neuen
1981 2617 3095 2686 Leben erwachen. Die an sich ziemlich schiefe These wird ohn
1830 2652 1966 2726 Zeit-Al
1987 2663 3095 2730 edes technische Geschick in breiter, uninteressanter Weise durch
1968 2715 3101 2775 geführt, einige Anläufe zu psychologischen Feinheiten versagen
1977 2756 3099 2820 an der Unmöglichkeit, sie in angemessener bühnengerechter Weis
1972 2790 3096 2860 zu verwerten. Das Stück wurde abgelehnt. — Die drei Bruch
1961 2836 3095 2908 tstücke aus Schnitzlers „Reigen“ versage ich mir zu besprechen
1971 2880 3102 2950 da das verwegene Blch ja bereits bekannt ist. Auf der Bühn
1965 2924 3098 2992 stritt Schnitzlers graziöse Art, Zweideutigkeiten zu umschreiber
1957 2972 3107 3025 und anzudeuten, noch mehr hinter der brutalen Gewagtheit des
1972 3008 3095 3076 Buches zurück als bei der Lektüre. Schnitzler schrieb die Dialoge
1970 3053 3106 3120 einst für „Herrengesellschaften“ und dort mag man sie
1969 3096 3099 3163 aufführen. Einen höheren Wert haben diese parfümierten
1970 3141 3111 3204 Cochonnerien kaum, und speziell der akademisch=dramatische Verein
1962 3184 3107 3254 hätte wohl leicht einen geeigneteren Vorwurf für seine Aufgaben
1961 3222 2229 3283 finden können.
2081 3258 3101 3342 Kleine Theater= und Musiknotizen. Der heahsichtigte
