3496 4320
424 43 564 132 11.
615 56 936 158 Reigen
1131 54 1539 149 box 17/5
2038 41 3138 91 wie selostverstandlich, ausschließlich eine Frage der
2043 76 3135 148 ästhetischen Kritik und die Politik hat dabei nicht
2047 136 3130 190 nitzureden. Ist aber der „Reigen“ ein künstlerisches
2034 174 3129 252 Werk, so kann und soll man es auch aufführen;
2037 220 3134 285 der Zensur darf bei Werken der Kunst kein
2038 272 3131 342 Raum gegönnt werden. Ohne Zweifel kann jedoch
2032 328 3132 381 auch ein künstlerisches Werk ein Werk sein,
2030 378 3136 436 von dem die Jugend ferngehalten werden
2037 415 3119 489 soll; wo der erwachsene Mensch die künstlerische
2029 468 3121 530 Idee zu empfinden vermag — woran sich nichts ändert,
2030 513 3132 570 daß wahrscheinlich stattlich viel Besucher der Kammer¬
2031 562 3151 640 spiele nicht wegen der künstlerischen Idee kommen und.
2039 612 2783 676 für sie unempfänglich bleiben —,
2786 617 3155 685 wird der junge¬
2024 663 3147 727 Mensch vielleicht in der erotischen Einkleidung
2035 706 3153 759 verstrickt bleiben; aber das führt beileibe nicht #
2027 753 3159 826 der Schlußfolgerung, daß man ein Stück, das der
2020 799 3154 861 Jugend nicht ersprießlich wäre, zu verbieten—
2025 848 3157 925 hätte, ruft vielmehr nur den Schluß hervor
2025 900 3156 963 daß man junge Menschen von dem Besuch des „Reigen##
2023 950 3131 1020 auszuschließen habe. Wir würden deshalb der Forde¬
2027 992 3169 1066 rung, die Zulassung zu den Aufführungen des „Reigen“
2016 1042 3121 1108 von einem bestimmten Alter abhängig zu machen,
2016 1092 3132 1158 keineswegs widersprechen; man kann wohl der Ansicht
2028 1142 3115 1216 sein, daß der Gedanke, die Projizierung des Liebesaktes
2020 1191 3130 1249 durch die verschiedenen Klassen zu verfolgen, seinen
2019 1238 3137 1310 künstlerischen Sinn hat, ohne zu übersehen, daß just
2022 1285 3130 1342 diese Betrachtung für werdende Metischen nicht gerade
2014 1338 3128 1404 taugt und kein angemessener Gegenstand für sie ist.
2014 1385 3128 1459 Aber sonst wüßten wir wirklich nicht, was da zu
2020 1436 3126 1501 verbieten wäre. Wem es ein Aergernis bereitet, daß
2022 1483 3124 1550 von der Sache, die, wie Schopenhauer einmal sagt,
2013 1523 3116 1586 die ist, an die die Menschen immer denken, auf dem
2014 1575 3121 1651 Theater gesprochen wird, kann sich von dem Aergernis
2013 1625 3117 1695 leicht befreien: indem er die Vorstellung einfach
2005 1672 3122 1743 meidet; daß es aber ein Aergernis gleichsam an sich
2010 1725 3114 1776 wäre, daß die Aufführung geschieht, ist natürlich ein
2012 1768 3119 1829 Unsinn. Da kann man nur sagen: es geschehen in dieser
2013 1817 3129 1883 herrlichen kapitalistischen Zeit Tag um Tag Dinge, die
2015 1873 3125 1927 ein ganz anderes Aergernis sind als die Aufführung
2013 1913 3109 1994 jenes „Reigens“, der den Dämon des Geschlechts¬
2017 1963 3118 2027 triebes mit ironisch=heiteren Augen betrachtet. Es ist
2013 2024 3122 2082 zum Exempel ein weit bösartigeres Aergernis, daß
2016 2065 3120 2114 die einen hunger, die anderen prassen, die einen in
2016 2108 3119 2175 Lumpen gehen, die anderen sich in sinnlosester Mode
2004 2159 3102 2217 nicht genugtun können; das ist wirklich ein Aergernis,
2012 2213 3108 2264 wenn sich eine feile Gesellschaft auch immer mehr
2000 2246 3111 2308 gewöhnt, es sozusagen als gottgewollte Selbstverständ¬
2014 2308 3110 2352 lichkeit anzusehen. Das Aergernis der Hetze gegen das
2007 2351 3107 2433 harmlose Stück ist sicherlich größer als das „Aergernis“
2017 2397 2386 2463 einer Aufführung.
2112 2446 3104 2507 Doch darum handelt es sich heute nicht mehr,
2001 2491 3112 2569 sondern diese Aufführung, die uns ansonsten weder zu
2014 2539 3110 2605 einem Eifer für noch gegen sie veranlaßt hätte, ist
1999 2597 3107 2659 nun in aller Form ein Politikum geworden. Der
2002 2645 3104 2701 angenehme Bundesminister für Inneres, der schon
2007 2699 3104 2764 ausreichend bekannte Herr Dr. Glanz, hat sich
1999 2744 3104 2809 nämlich auch hier zum Vollstrecker klerikaler Diktate
1999 2788 3107 2838 hergegeben und diese Vollziehung hat er, was bei ihm
2002 2836 3104 2906 ja auch nicht überraschend ist, mit einem dreisten
2002 2882 3110 2946 Uebergriff eingeleitet. Rechtlich steht die Sachlage so
2066 2932 3100 2981 darüber ist kein Zweifel möglich und eine Ver¬
1998 2980 3089 3044 dunkelung der Rechtslage wird nicht zugelassen werden —,
1997 3029 3104 3084 daß die Entscheidung über die Zulassung der Aufführung
2001 3083 3104 3127 eines Theaterstückes ausschließlich der politischen
1995 3125 3105 3192 Landesbehörde zusteht; der Minister des Innern kann
2001 3173 3098 3221 #ur gegen ein Verbot der Landesbehörde an¬
1995 3231 3091 3287 gerufen werden, keineswegs gegen ihre die Aufführung
1994 3274 3097 3329 zulassende Entscheidung. Es entscheidet also der Wiener
2000 3320 3097 3371 Magistrat als politische Landesbehörde, in letzter Hinsicht
1990 3359 3095 3419 der Wiener Bürgermeister als Landeshauptmann von
2001 3409 3084 3483 Wien als Bundesland. Die politische Landesbehörde
1994 3459 3083 3534 hat mit dem Bescheid vom 12. Jänner die Zulassung
1993 3518 3080 3571 zur Aufführung des „Reigen“ ausgesprochen; damit
1997 3562 3088 3624 ist rechtlich die Sache erledigt, und der Minister des
1990 3600 3086 3659 Innern hat dabei gar nichts zu tun; jedes wie immer
1995 3653 3088 3722 geartete Eingreifen ist ihm versagt. Das hat Herrn
1988 3698 3082 3766 Dr. Glanz nicht abgehalten, von dem Polizei¬
1989 3756 3077 3816 präsidenten einen Bericht „abzuverlangen“
1993 3807 3087 3865 aus welchen Gründen das Stück von der Polizeidirektion
1969 3847 3079 3907 zur Aufführung zugelassen wurde — dieser erstaunliche
