<?xml version="1.0" encoding="UTF-8" standalone="yes"?>
<PcGts xmlns="http://schema.primaresearch.org/PAGE/gts/pagecontent/2013-07-15" xmlns:xsi="http://www.w3.org/2001/XMLSchema-instance" xsi:schemaLocation="http://schema.primaresearch.org/PAGE/gts/pagecontent/2013-07-15 http://schema.primaresearch.org/PAGE/gts/pagecontent/2013-07-15/pagecontent.xsd">
    <Metadata>
        <Creator>prov=University of Rostock/Institute of Mathematics/CITlab/Gundram Leifert/gundram.leifert@uni-rostock.de:name=ONB_Newseye_GT_M1+(htr_id=10810)::::v=2.4.3
prov=University of Rostock/Institute of Mathematics/CITlab/Tobias Gruening/tobias.gruening@uni-rostock.de:name=de.uros.citlab.module.baseline2polygon.B2PSeamMultiOriented:v=2.4.3
prov=University of Rostock/Institute of Mathematics/CITlab/Tobias Gruening/tobias.gruening@uni-rostock.de:name=/net_tf/LA73_249_0mod360.pb:de.uros.citlab.segmentation.CITlab_LA_ML:v=2.4.3
Transkribus</Creator>
        <Created>2019-10-07T11:39:44.804+02:00</Created>
        <LastChange>2019-12-04T19:59:56.776+01:00</LastChange>
        <TranskribusMetadata docId="223982" pageId="9503919" pageNr="583" tsid="20411909" status="IN_PROGRESS" userId="40391" imgUrl="https://files.transkribus.eu/Get?id=AIDKAKKXHDZCKQXWPFOTRPQX&amp;fileType=view" xmlUrl="https://files.transkribus.eu/Get?id=OXEUGSLIMAFOIWQZAQRQSWRF" imageId="6194133"/>
    </Metadata>
    <Page imageFilename="223982_0583.jpeg" imageWidth="3392" imageHeight="4416">
        <ReadingOrder>
            <OrderedGroup id="ro_1711448555743" caption="Regions reading order">
                <RegionRefIndexed index="0" regionRef="r1"/>
                <RegionRefIndexed index="1" regionRef="r2"/>
                <RegionRefIndexed index="2" regionRef="r3"/>
            </OrderedGroup>
        </ReadingOrder>
        <TextRegion orientation="0.0" id="r1" custom="readingOrder {index:0;}">
            <Coords points="417,336 417,796 546,796 546,336"/>
            <TextLine id="r1l1" custom="readingOrder {index:0;}">
                <Coords points="416,374 436,380 450,370 457,374 463,368 479,367 479,287 450,292 443,285 416,284"/>
                <Baseline points="423,356 471,356"/>
                <TextEquiv>
                    <Unicode></Unicode>
                </TextEquiv>
            </TextLine>
            <TextLine id="r1l2" custom="readingOrder {index:1;}">
                <Coords points="414,414 420,414 424,418 430,417 449,406 456,405 460,405 464,410 477,410 483,365 476,364 456,374 450,369 436,379 435,377 430,380 419,377"/>
                <Baseline points="424,391 472,397"/>
                <TextEquiv>
                    <Unicode>2</Unicode>
                </TextEquiv>
            </TextLine>
            <TextLine id="r1l3" custom="readingOrder {index:2;}">
                <Coords points="410,522 420,519 424,523 429,522 438,530 447,532 452,527 475,522 468,467 454,470 445,481 436,480 431,476 405,481"/>
                <Baseline points="417,517 466,511"/>
                <TextEquiv>
                    <Unicode></Unicode>
                </TextEquiv>
            </TextLine>
            <TextLine id="r1l4" custom="readingOrder {index:3;}">
                <Coords points="439,609 451,607 468,593 474,594 483,583 530,590 557,581 549,534 536,537 509,524 496,535 480,534 468,541 435,528 425,534"/>
                <Baseline points="440,580 466,572 493,566 519,562 546,560"/>
                <TextEquiv>
                    <Unicode>S</Unicode>
                </TextEquiv>
            </TextLine>
            <TextLine id="r1l5" custom="readingOrder {index:4;}">
                <Coords points="461,800 470,802 483,792 489,799 501,800 507,796 514,798 527,718 513,719 505,712 495,712 492,707 478,703"/>
                <Baseline points="474,771 510,777"/>
                <TextEquiv>
                    <Unicode>#</Unicode>
                </TextEquiv>
            </TextLine>
            <TextEquiv>
                <Unicode>
2

S
#</Unicode>
            </TextEquiv>
        </TextRegion>
        <TextRegion orientation="0.0" id="r2" custom="readingOrder {index:1;}">
            <Coords points="439,283 439,4048 1578,4048 1578,283"/>
            <TextLine id="r2l1" custom="readingOrder {index:0;}">
                <Coords points="882,344 895,344 922,311 931,318 938,317 932,251 922,252 917,256 895,243 886,253 873,254"/>
                <Baseline points="886,310 930,306"/>
                <TextEquiv>
                    <Unicode>∆</Unicode>
                </TextEquiv>
            </TextLine>
            <TextLine id="r2l2" custom="readingOrder {index:1;}">
                <Coords points="946,435 964,433 974,440 986,428 1003,422 1010,427 1041,413 1063,426 1070,418 1083,423 1082,362 1069,360 1054,366 1046,361 1031,373 1015,365 975,384 945,377"/>
                <Baseline points="952,417 983,413 1014,412 1045,414 1076,413"/>
                <TextEquiv>
                    <Unicode></Unicode>
                </TextEquiv>
            </TextLine>
            <TextLine id="r2l3" custom="readingOrder {index:2;}">
                <Coords points="959,486 977,491 982,487 992,487 1000,499 1004,500 1016,493 1030,494 1037,456 1026,454 1019,449 1000,425 986,430 979,422 971,421"/>
                <Baseline points="967,482 995,487 1023,492"/>
                <TextEquiv>
                    <Unicode>0</Unicode>
                </TextEquiv>
            </TextLine>
            <TextLine id="r2l4" custom="readingOrder {index:3;}">
                <Coords points="958,586 988,596 1020,596 1034,591 1048,597 1056,589 1066,591 1066,501 1039,505 1029,515 1004,523 991,533 966,513 958,513"/>
                <Baseline points="965,561 996,561 1027,558 1058,564"/>
                <TextEquiv>
                    <Unicode></Unicode>
                </TextEquiv>
            </TextLine>
            <TextLine id="r2l5" custom="readingOrder {index:4;}">
                <Coords points="768,950 773,950 777,946 780,947 781,945 786,948 795,946 785,888 778,889 774,896 767,903 760,904"/>
                <Baseline points="772,936 786,934"/>
                <TextEquiv>
                    <Unicode>E</Unicode>
                </TextEquiv>
            </TextLine>
            <TextLine id="r2l6" custom="readingOrder {index:5;}">
                <Coords points="436,1507 463,1508 466,1503 476,1503 493,1510 505,1510 513,1504 521,1504 515,1453 494,1455 490,1459 487,1456 471,1459 467,1456 461,1458 450,1450 445,1454 438,1450 430,1451"/>
                <Baseline points="442,1496 477,1489 512,1488"/>
                <TextEquiv>
                    <Unicode>S</Unicode>
                </TextEquiv>
            </TextLine>
            <TextLine id="r2l7" custom="readingOrder {index:6;}">
                <Coords points="439,1705 591,1692 698,1706 715,1692 846,1708 860,1696 909,1716 909,1646 886,1642 735,1636 681,1655 439,1642"/>
                <Baseline points="446,1694 471,1694 496,1694 522,1694 547,1693 572,1693 598,1692 623,1692 648,1692 674,1691 699,1691 724,1691 750,1691 775,1692 800,1692 826,1693 851,1694 876,1695 902,1697"/>
                <TextEquiv>
                    <Unicode>igt mir an zu däuchten,</Unicode>
                </TextEquiv>
            </TextLine>
            <TextLine id="r2l8" custom="readingOrder {index:7;}">
                <Coords points="434,1736 486,1733 525,1749 568,1731 602,1744 665,1729 814,1744 866,1732 866,1709 833,1698 434,1702"/>
                <Baseline points="442,1730 468,1731 494,1731 520,1731 546,1731 572,1731 598,1730 624,1730 650,1729 676,1729 702,1729 728,1729 754,1729 780,1730 806,1731 832,1732 858,1734"/>
                <TextEquiv>
                    <Unicode>ranger vor dem Hut;</Unicode>
                </TextEquiv>
            </TextLine>
            <TextLine id="r2l9" custom="readingOrder {index:8;}">
                <Coords points="451,1781 516,1767 963,1789 963,1754 854,1738 451,1735"/>
                <Baseline points="458,1770 484,1770 510,1770 536,1769 562,1769 589,1769 615,1768 641,1768 667,1768 693,1768 720,1768 746,1768 772,1768 798,1769 824,1769 851,1770 877,1772 903,1772 929,1774 956,1775"/>
                <TextEquiv>
                    <Unicode>für einen Reitersmann</Unicode>
                </TextEquiv>
            </TextLine>
            <TextLine id="r2l10" custom="readingOrder {index:9;}">
                <Coords points="433,1833 527,1814 593,1830 648,1810 717,1838 757,1820 795,1830 834,1820 834,1775 687,1784 601,1770 546,1782 514,1766 457,1783 432,1773"/>
                <Baseline points="439,1810 464,1810 490,1810 516,1810 542,1810 568,1810 594,1810 620,1809 645,1809 671,1809 697,1809 723,1808 749,1808 775,1808 801,1807 827,1807"/>
                <TextEquiv>
                    <Unicode>muß uns verachten.“</Unicode>
                </TextEquiv>
            </TextLine>
            <TextLine id="r2l11" custom="readingOrder {index:10;}">
                <Coords points="751,1874 1069,1851 1502,1879 1545,1866 1545,1804 1359,1799 1235,1829 1046,1801 934,1828 751,1817"/>
                <Baseline points="758,1861 797,1860 836,1859 875,1858 914,1857 953,1856 992,1856 1031,1855 1070,1855 1109,1855 1148,1855 1187,1855 1226,1855 1265,1855 1304,1856 1343,1856 1382,1856 1421,1857 1460,1858 1499,1859 1538,1860"/>
                <TextEquiv>
                    <Unicode>Friedrich Schiller, „Wilhelm Tell“,</Unicode>
                </TextEquiv>
            </TextLine>
            <TextLine id="r2l12" custom="readingOrder {index:11;}">
                <Coords points="1001,1904 1051,1895 1108,1916 1194,1903 1226,1916 1280,1898 1408,1897 1408,1862 1394,1860 1214,1858 1189,1877 1117,1861 1100,1870 1070,1851 1001,1855"/>
                <Baseline points="1008,1892 1034,1894 1060,1895 1086,1897 1112,1897 1138,1897 1164,1898 1190,1898 1217,1897 1243,1897 1269,1896 1295,1896 1321,1895 1347,1895 1373,1895 1400,1895"/>
                <TextEquiv>
                    <Unicode>3. Aufing, 3. Auftritt.</Unicode>
                </TextEquiv>
            </TextLine>
            <TextLine id="r2l13" custom="readingOrder {index:12;}">
                <Coords points="446,2004 1192,2036 1437,1996 1577,2021 1578,1966 446,1966"/>
                <Baseline points="454,2001 509,2001 565,2002 621,2002 677,2002 733,2002 788,2002 844,2002 900,2003 956,2003 1012,2003 1067,2003 1123,2003 1179,2003 1235,2003 1291,2003 1346,2003 1402,2003 1458,2003 1514,2002 1570,2002"/>
                <TextEquiv>
                    <Unicode>oder Banken finden, die die nötige Summe vor¬</Unicode>
                </TextEquiv>
            </TextLine>
            <TextLine id="r2l14" custom="readingOrder {index:13;}">
                <Coords points="473,2056 491,2064 523,2058 534,2067 570,2049 596,2067 629,2055 689,2062 689,2021 675,2016 608,2019 589,2006 572,2015 543,2003 516,2016 504,2005 473,2012"/>
                <Baseline points="480,2049 505,2050 530,2051 555,2051 581,2051 606,2050 631,2050 656,2050 682,2051"/>
                <TextEquiv>
                    <Unicode>chießen.</Unicode>
                </TextEquiv>
            </TextLine>
            <TextLine id="r2l15" custom="readingOrder {index:14;}">
                <Coords points="544,2110 1523,2114 1575,2100 1575,2031 1437,2076 1363,2040 1310,2066 1102,2031 1020,2060 857,2033 544,2054"/>
                <Baseline points="551,2098 601,2097 652,2096 703,2095 754,2095 805,2095 856,2094 906,2094 957,2094 1008,2094 1059,2095 1110,2095 1161,2095 1212,2095 1262,2095 1313,2096 1364,2096 1415,2096 1466,2095 1517,2095 1568,2095"/>
                <TextEquiv>
                    <Unicode>Paris, 14. Februar. (Funkspruch.) Die nächste</Unicode>
                </TextEquiv>
            </TextLine>
            <TextLine id="r2l16" custom="readingOrder {index:15;}">
                <Coords points="446,2146 1583,2162 1565,2099 446,2093"/>
                <Baseline points="453,2143 509,2142 565,2142 621,2142 677,2142 733,2142 789,2142 846,2143 902,2143 958,2143 1014,2144 1070,2144 1126,2144 1182,2144 1239,2145 1295,2145 1351,2145 1407,2145 1463,2144 1519,2144 1576,2143"/>
                <TextEquiv>
                    <Unicode>Sitzung des Völkerbundrates wird am 21. d. in Paris</Unicode>
                </TextEquiv>
            </TextLine>
            <TextLine id="r2l17" custom="readingOrder {index:16;}">
                <Coords points="450,2217 493,2210 513,2218 531,2206 570,2206 586,2196 603,2204 613,2198 634,2204 643,2196 663,2206 673,2203 673,2155 615,2149 582,2158 548,2147 505,2159 485,2147 472,2153 449,2147"/>
                <Baseline points="457,2194 483,2193 509,2192 535,2191 561,2191 587,2190 613,2191 639,2191 666,2192"/>
                <TextEquiv>
                    <Unicode>stattfinden.</Unicode>
                </TextEquiv>
            </TextLine>
            <TextLine id="r2l18" custom="readingOrder {index:17;}">
                <Coords points="587,2323 1371,2348 1460,2333 1461,2278 1351,2249 1098,2270 588,2244"/>
                <Baseline points="594,2317 637,2317 680,2318 723,2318 766,2319 809,2319 852,2319 895,2320 938,2320 981,2320 1024,2320 1067,2321 1110,2321 1153,2321 1196,2321 1239,2321 1282,2321 1325,2322 1368,2322 1411,2322 1454,2322"/>
                <TextEquiv>
                    <Unicode>Die französischen Marxisten.</Unicode>
                </TextEquiv>
            </TextLine>
            <TextLine id="r2l19" custom="readingOrder {index:18;}">
                <Coords points="540,2380 1579,2387 1579,2340 540,2332"/>
                <Baseline points="546,2371 597,2372 648,2373 699,2374 751,2375 802,2375 853,2376 905,2376 956,2376 1007,2376 1059,2377 1110,2377 1161,2377 1212,2377 1264,2377 1315,2377 1366,2377 1418,2377 1469,2377 1520,2377 1572,2377"/>
                <TextEquiv>
                    <Unicode>Paris, 13. Februar. (Havas.) Der Nationalrat der</Unicode>
                </TextEquiv>
            </TextLine>
            <TextLine id="r2l20" custom="readingOrder {index:19;}">
                <Coords points="447,2424 1583,2433 1583,2394 1489,2378 447,2360"/>
                <Baseline points="454,2418 510,2418 566,2418 622,2418 678,2418 734,2418 790,2418 846,2419 902,2419 958,2419 1015,2419 1071,2420 1127,2420 1183,2420 1239,2420 1295,2420 1351,2420 1407,2420 1463,2420 1519,2420 1576,2420"/>
                <TextEquiv>
                    <Unicode>sozialistischen Partei (der früheren einheitlichen sozialistischen</Unicode>
                </TextEquiv>
            </TextLine>
            <TextLine id="r2l21" custom="readingOrder {index:20;}">
                <Coords points="450,2467 1577,2481 1552,2425 450,2425"/>
                <Baseline points="457,2460 512,2460 568,2461 623,2461 679,2462 735,2462 790,2463 846,2463 901,2463 957,2464 1013,2464 1068,2464 1124,2465 1179,2465 1235,2465 1291,2465 1346,2465 1402,2465 1457,2465 1513,2465 1569,2465"/>
                <TextEquiv>
                    <Unicode>Partei) entschied, daß Elbert Thomas zwischen der Lei¬</Unicode>
                </TextEquiv>
            </TextLine>
            <TextLine id="r2l22" custom="readingOrder {index:21;}">
                <Coords points="453,2517 1583,2519 1583,2474 1547,2469 453,2468"/>
                <Baseline points="461,2505 516,2506 572,2506 628,2506 684,2507 739,2507 795,2507 851,2507 907,2508 962,2508 1018,2508 1074,2508 1130,2508 1185,2508 1241,2508 1297,2508 1353,2507 1408,2507 1464,2507 1520,2507 1576,2506"/>
                <TextEquiv>
                    <Unicode>tung des Internationalen Arbeitsdienstes und seinem Ab¬</Unicode>
                </TextEquiv>
            </TextLine>
            <TextLine id="r2l23" custom="readingOrder {index:22;}">
                <Coords points="448,2558 1578,2559 1558,2514 448,2518"/>
                <Baseline points="455,2550 510,2550 566,2550 622,2550 678,2550 733,2550 789,2551 845,2551 901,2552 956,2552 1012,2552 1068,2553 1124,2553 1179,2554 1235,2554 1291,2554 1347,2554 1402,2554 1458,2553 1514,2553 1570,2552"/>
                <TextEquiv>
                    <Unicode>geordnetenmandat zu wählen habe. Eine Entschließung, wo¬</Unicode>
                </TextEquiv>
            </TextLine>
            <TextLine id="r2l24" custom="readingOrder {index:23;}">
                <Coords points="457,2599 1570,2603 1560,2559 457,2562"/>
                <Baseline points="464,2593 521,2593 579,2593 637,2594 695,2594 753,2594 811,2594 868,2595 926,2595 984,2595 1042,2596 1100,2596 1158,2596 1215,2597 1273,2597 1331,2597 1389,2597 1447,2598 1505,2598 1563,2598"/>
                <TextEquiv>
                    <Unicode>nach von dem Manifest der U. S. P. D., das einerseits gegen</Unicode>
                </TextEquiv>
            </TextLine>
            <TextLine id="r2l25" custom="readingOrder {index:24;}">
                <Coords points="456,2651 1582,2651 1570,2604 456,2598"/>
                <Baseline points="463,2636 518,2636 574,2637 629,2637 685,2638 741,2638 796,2638 852,2639 907,2639 963,2639 1019,2640 1074,2640 1130,2640 1185,2640 1241,2640 1297,2640 1352,2640 1408,2640 1463,2640 1519,2640 1575,2640"/>
                <TextEquiv>
                    <Unicode>die wirtschaftlichen Forderungen von Paris Einspruch erhebt</Unicode>
                </TextEquiv>
            </TextLine>
            <TextLine id="r2l26" custom="readingOrder {index:25;}">
                <Coords points="447,2695 1570,2696 1570,2649 447,2647"/>
                <Baseline points="455,2682 510,2682 565,2682 621,2682 676,2682 731,2682 787,2682 842,2683 897,2683 953,2683 1008,2684 1063,2684 1119,2684 1174,2684 1229,2684 1285,2685 1340,2685 1395,2685 1451,2685 1506,2684 1562,2684"/>
                <TextEquiv>
                    <Unicode>und anderseits Deutschland auffordert, seine Wiedergut¬</Unicode>
                </TextEquiv>
            </TextLine>
            <TextLine id="r2l27" custom="readingOrder {index:26;}">
                <Coords points="450,2731 1585,2734 1566,2692 451,2690"/>
                <Baseline points="458,2724 514,2725 570,2726 626,2727 682,2727 738,2727 794,2728 850,2728 906,2728 962,2728 1018,2728 1074,2728 1130,2728 1186,2728 1242,2728 1298,2728 1354,2729 1410,2729 1466,2729 1522,2730 1578,2731"/>
                <TextEquiv>
                    <Unicode>machungspflicht anzuerkennen, wurde angenommen. Den</Unicode>
                </TextEquiv>
            </TextLine>
            <TextLine id="r2l28" custom="readingOrder {index:27;}">
                <Coords points="446,2778 1582,2788 1582,2739 1486,2729 446,2733"/>
                <Baseline points="454,2768 510,2769 566,2769 622,2770 678,2770 734,2770 790,2770 846,2770 902,2770 958,2770 1014,2770 1070,2770 1126,2771 1182,2771 1238,2771 1294,2771 1350,2772 1406,2772 1462,2773 1518,2774 1574,2775"/>
                <TextEquiv>
                    <Unicode>Delegierten für die Wiener Konferenz wurde der Auftrag</Unicode>
                </TextEquiv>
            </TextLine>
            <TextLine id="r2l29" custom="readingOrder {index:28;}">
                <Coords points="452,2820 1582,2820 1582,2785 1422,2770 452,2783"/>
                <Baseline points="460,2812 515,2812 571,2812 627,2813 683,2813 738,2813 794,2813 850,2814 906,2814 961,2814 1017,2814 1073,2814 1129,2814 1184,2814 1240,2815 1296,2815 1352,2815 1407,2815 1463,2815 1519,2816 1575,2816"/>
                <TextEquiv>
                    <Unicode>erteilt, eine gemeinsame Versammlung mit den politischen</Unicode>
                </TextEquiv>
            </TextLine>
            <TextLine id="r2l30" custom="readingOrder {index:29;}">
                <Coords points="452,2870 1582,2871 1582,2820 453,2820"/>
                <Baseline points="460,2855 515,2856 571,2857 627,2857 683,2857 738,2857 794,2858 850,2858 906,2858 961,2858 1017,2858 1073,2858 1129,2858 1184,2859 1240,2859 1296,2859 1352,2859 1407,2859 1463,2859 1519,2860 1575,2860"/>
                <TextEquiv>
                    <Unicode>und wirtschaftlichen Organisationen Frankreichs, Englands</Unicode>
                </TextEquiv>
            </TextLine>
            <TextLine id="r2l31" custom="readingOrder {index:30;}">
                <Coords points="450,2907 1578,2918 1578,2869 1521,2862 450,2869"/>
                <Baseline points="457,2900 512,2900 568,2900 624,2900 679,2901 735,2901 791,2901 846,2901 902,2901 958,2902 1014,2902 1069,2902 1125,2903 1181,2903 1236,2903 1292,2904 1348,2904 1403,2905 1459,2905 1515,2906 1571,2906"/>
                <TextEquiv>
                    <Unicode>und Deutschlands in die Wege zu leiten, und die Lösung der</Unicode>
                </TextEquiv>
            </TextLine>
            <TextLine id="r2l32" custom="readingOrder {index:31;}">
                <Coords points="446,2953 891,2976 1005,2943 1256,2970 1326,2966 1327,2917 446,2903"/>
                <Baseline points="453,2946 496,2945 539,2945 583,2945 626,2946 669,2946 713,2946 756,2946 799,2947 843,2947 886,2947 929,2948 973,2948 1016,2948 1059,2949 1103,2949 1146,2949 1189,2949 1233,2948 1276,2948 1320,2947"/>
                <TextEquiv>
                    <Unicode>Wiedergutmachungsfrage ins Auge zu fassen.</Unicode>
                </TextEquiv>
            </TextLine>
            <TextLine id="r2l33" custom="readingOrder {index:32;}">
                <Coords points="557,3091 1020,3113 1133,3075 1289,3110 1487,3076 1487,3018 1358,2994 862,3006 759,2975 683,3006 557,2957"/>
                <Baseline points="564,3083 609,3083 655,3083 701,3083 747,3083 793,3083 838,3083 884,3083 930,3083 976,3084 1022,3084 1067,3084 1113,3084 1159,3085 1205,3085 1251,3085 1296,3085 1342,3085 1388,3085 1434,3085 1480,3085"/>
                <TextEquiv>
                    <Unicode>Ein historischer Tag der</Unicode>
                </TextEquiv>
            </TextLine>
            <TextLine id="r2l34" custom="readingOrder {index:33;}">
                <Coords points="825,3179 924,3194 945,3184 977,3200 1063,3186 1080,3202 1153,3203 1172,3186 1213,3196 1214,3128 1160,3101 1069,3090 989,3113 960,3101 934,3111 883,3089 826,3096"/>
                <Baseline points="832,3174 858,3175 885,3175 912,3175 938,3176 965,3176 992,3176 1019,3176 1045,3176 1072,3176 1099,3176 1125,3176 1152,3177 1179,3177 1206,3179"/>
                <TextEquiv>
                    <Unicode>Glowaken.</Unicode>
                </TextEquiv>
            </TextLine>
            <TextLine id="r2l35" custom="readingOrder {index:34;}">
                <Coords points="718,3243 931,3231 970,3249 1188,3240 1236,3259 1320,3242 1320,3205 1274,3191 718,3194"/>
                <Baseline points="725,3233 754,3233 783,3233 813,3233 842,3233 871,3233 901,3233 930,3234 959,3234 989,3234 1018,3234 1047,3235 1077,3235 1106,3235 1135,3235 1165,3235 1194,3235 1223,3236 1253,3236 1282,3235 1312,3235"/>
                <TextEquiv>
                    <Unicode>Die Weihe der neuen Bischöfe.</Unicode>
                </TextEquiv>
            </TextLine>
            <TextLine id="r2l36" custom="readingOrder {index:35;}">
                <Coords points="546,3303 1570,3300 1570,3251 1430,3229 1246,3269 1164,3242 625,3260 546,3228"/>
                <Baseline points="553,3284 603,3285 654,3286 704,3287 755,3287 805,3287 856,3287 906,3287 957,3287 1007,3287 1058,3286 1108,3286 1159,3286 1209,3286 1260,3286 1310,3286 1361,3286 1411,3287 1462,3287 1512,3288 1563,3290"/>
                <TextEquiv>
                    <Unicode>TK., Prag, 14. Februar. Wie der „Pondelnik“ aus</Unicode>
                </TextEquiv>
            </TextLine>
            <TextLine id="r2l37" custom="readingOrder {index:36;}">
                <Coords points="443,3347 1571,3349 1553,3293 614,3318 443,3261"/>
                <Baseline points="450,3331 505,3332 561,3333 617,3333 672,3334 728,3334 784,3334 839,3334 895,3334 951,3334 1007,3334 1062,3334 1118,3334 1174,3334 1229,3335 1285,3335 1341,3335 1396,3336 1452,3337 1508,3338 1564,3339"/>
                <TextEquiv>
                    <Unicode>Neutra meldet, fand gestern in feierlicher Weise die</Unicode>
                </TextEquiv>
            </TextLine>
            <TextLine id="r2l38" custom="readingOrder {index:37;}">
                <Coords points="455,3387 1335,3396 1335,3353 1277,3340 455,3342"/>
                <Baseline points="462,3380 505,3380 548,3380 591,3380 635,3380 678,3380 721,3380 765,3380 808,3380 851,3381 895,3381 938,3381 981,3381 1024,3382 1068,3382 1111,3382 1154,3383 1198,3383 1241,3383 1284,3384 1328,3384"/>
                <TextEquiv>
                    <Unicode>Weihe der neuen slowakischen Bischöfe statt.</Unicode>
                </TextEquiv>
            </TextLine>
            <TextLine id="r2l39" custom="readingOrder {index:38;}">
                <Coords points="540,3441 1325,3423 1439,3455 1572,3445 1573,3407 540,3394"/>
                <Baseline points="548,3428 598,3429 649,3429 700,3430 751,3430 802,3430 853,3431 903,3431 954,3431 1005,3431 1056,3432 1107,3432 1158,3432 1209,3432 1259,3433 1310,3433 1361,3433 1412,3433 1463,3434 1514,3434 1565,3435"/>
                <TextEquiv>
                    <Unicode>Alle Parteien, auch die tschecho¬</Unicode>
                </TextEquiv>
            </TextLine>
            <TextLine id="r2l40" custom="readingOrder {index:39;}">
                <Coords points="447,3490 1570,3489 1570,3447 1474,3438 448,3423"/>
                <Baseline points="454,3477 509,3477 564,3477 620,3477 675,3478 731,3478 786,3478 842,3478 897,3478 953,3479 1008,3479 1063,3479 1119,3480 1174,3480 1230,3481 1285,3481 1341,3482 1396,3483 1452,3484 1507,3485 1563,3486"/>
                <TextEquiv>
                    <Unicode>slowakischen Sozialdemokraten, hat¬</Unicode>
                </TextEquiv>
            </TextLine>
            <TextLine id="r2l41" custom="readingOrder {index:40;}">
                <Coords points="441,3535 1342,3534 1342,3494 1227,3481 839,3480 757,3506 441,3486"/>
                <Baseline points="449,3526 493,3526 537,3525 581,3525 626,3525 670,3525 714,3525 758,3525 803,3525 847,3526 891,3526 935,3526 980,3527 1024,3527 1068,3527 1112,3528 1157,3528 1201,3528 1245,3528 1289,3528 1334,3528"/>
                <TextEquiv>
                    <Unicode>ten Deputationen entsendet.</Unicode>
                </TextEquiv>
            </TextLine>
            <TextLine id="r2l42" custom="readingOrder {index:41;}">
                <Coords points="545,3576 1581,3599 1582,3532 1360,3525 1229,3562 1178,3527 545,3531"/>
                <Baseline points="552,3571 603,3572 654,3572 705,3572 756,3573 807,3573 858,3574 910,3574 961,3574 1012,3575 1063,3575 1114,3575 1165,3576 1216,3576 1268,3576 1319,3577 1370,3577 1421,3578 1472,3578 1523,3579 1575,3580"/>
                <TextEquiv>
                    <Unicode>Am Abend fand in der Stadt ein Umzug mit</Unicode>
                </TextEquiv>
            </TextLine>
            <TextLine id="r2l43" custom="readingOrder {index:42;}">
                <Coords points="441,3632 1571,3641 1571,3595 1501,3583 441,3574"/>
                <Baseline points="448,3621 503,3621 559,3621 615,3621 671,3621 727,3622 782,3622 838,3622 894,3622 950,3623 1006,3623 1061,3623 1117,3624 1173,3624 1229,3625 1285,3625 1340,3626 1396,3626 1452,3626 1508,3627 1564,3627"/>
                <TextEquiv>
                    <Unicode>Lampions und in der Burg ein Rout statt, bei welchem</Unicode>
                </TextEquiv>
            </TextLine>
            <TextLine id="r2l44" custom="readingOrder {index:43;}">
                <Coords points="440,3672 1570,3688 1582,3642 441,3630"/>
                <Baseline points="448,3669 504,3669 560,3670 616,3670 673,3671 729,3671 785,3671 842,3671 898,3671 954,3672 1011,3672 1067,3672 1123,3672 1179,3673 1236,3673 1292,3674 1348,3674 1405,3675 1461,3676 1517,3677 1574,3678"/>
                <TextEquiv>
                    <Unicode>mehrere Redner auf die Bedeutung dieses Tages hinwiesen.</Unicode>
                </TextEquiv>
            </TextLine>
            <TextLine id="r2l45" custom="readingOrder {index:44;}">
                <Coords points="778,3772 1255,3769 1255,3720 1233,3716 1157,3729 1122,3716 1089,3733 1007,3715 779,3719"/>
                <Baseline points="786,3757 811,3757 837,3758 862,3759 888,3759 914,3759 939,3760 965,3760 990,3760 1016,3760 1042,3760 1067,3760 1093,3760 1118,3760 1144,3761 1170,3761 1195,3761 1221,3762 1247,3762"/>
                <TextEquiv>
                    <Unicode>Die Züricher Kurse.</Unicode>
                </TextEquiv>
            </TextLine>
            <TextLine id="r2l46" custom="readingOrder {index:45;}">
                <Coords points="527,3819 1574,3821 1574,3782 1434,3755 1213,3787 528,3766"/>
                <Baseline points="534,3806 585,3807 637,3808 688,3808 740,3809 792,3809 843,3809 895,3810 947,3810 998,3810 1050,3810 1102,3810 1153,3811 1205,3811 1257,3811 1308,3812 1360,3812 1412,3813 1463,3814 1515,3815 1567,3816"/>
                <TextEquiv>
                    <Unicode>Zürich, 14. Februar. (Devisen=Anfangskurse.) Von der</Unicode>
                </TextEquiv>
            </TextLine>
            <TextLine id="r2l47" custom="readingOrder {index:46;}">
                <Coords points="452,3853 1553,3862 1569,3820 452,3812"/>
                <Baseline points="459,3845 514,3845 569,3846 624,3846 679,3846 734,3847 789,3847 845,3847 900,3848 955,3848 1010,3848 1065,3849 1120,3849 1175,3850 1231,3850 1286,3851 1341,3851 1396,3852 1451,3853 1506,3853 1562,3854"/>
                <TextEquiv>
                    <Unicode>Schweizerischen Kreditanstalt mitgeteilte Mittelkurse, Berlin 10.50</Unicode>
                </TextEquiv>
            </TextLine>
            <TextLine id="r2l48" custom="readingOrder {index:47;}">
                <Coords points="453,3891 1577,3910 1540,3857 453,3852"/>
                <Baseline points="460,3884 515,3884 571,3885 626,3885 682,3885 737,3885 793,3886 848,3886 904,3886 959,3886 1015,3887 1070,3887 1126,3887 1181,3888 1237,3889 1292,3889 1348,3890 1403,3891 1459,3892 1514,3894 1570,3895"/>
                <TextEquiv>
                    <Unicode>(12. d. 10.50), New York 612.50 (612.50), Mailand 22.42 (22.50),</Unicode>
                </TextEquiv>
            </TextLine>
            <TextLine id="r2l49" custom="readingOrder {index:48;}">
                <Coords points="457,3931 1576,3948 1577,3910 457,3886"/>
                <Baseline points="464,3922 519,3923 574,3923 629,3924 685,3924 740,3925 795,3925 851,3925 906,3926 961,3926 1017,3926 1072,3927 1127,3927 1182,3928 1238,3928 1293,3929 1348,3930 1404,3930 1459,3932 1514,3933 1570,3934"/>
                <TextEquiv>
                    <Unicode>Prag 7.90 (8.—), Budapest 1.17½ (1.20), Agram 4.25 (4.30),</Unicode>
                </TextEquiv>
            </TextLine>
            <TextLine id="r2l50" custom="readingOrder {index:49;}">
                <Coords points="456,3964 1573,3990 1573,3947 1518,3933 457,3931"/>
                <Baseline points="464,3961 519,3962 574,3962 629,3962 684,3962 739,3962 794,3963 849,3963 904,3963 959,3963 1015,3964 1070,3964 1125,3965 1180,3966 1235,3967 1290,3968 1345,3969 1400,3971 1455,3973 1510,3975 1566,3977"/>
                <TextEquiv>
                    <Unicode>Bukarest 8.50 (8.50), Warschau 0.80 (0.80), Wien 1.52½</Unicode>
                </TextEquiv>
            </TextLine>
            <TextLine id="r2l51" custom="readingOrder {index:50;}">
                <Coords points="448,4029 1250,4026 1250,3977 1200,3967 1039,3986 448,3962"/>
                <Baseline points="455,4005 494,4006 533,4006 573,4006 612,4006 652,4006 691,4006 730,4006 770,4006 809,4006 849,4005 888,4005 927,4005 967,4005 1006,4005 1046,4005 1085,4006 1124,4006 1164,4007 1203,4008 1243,4009"/>
                <TextEquiv>
                    <Unicode>(1.50), österr. gestempelte Kronen 1.05 (1.05).</Unicode>
                </TextEquiv>
            </TextLine>
            <TextLine id="r2l52" custom="readingOrder {index:51;}">
                <Coords points="1294,4044 1327,4045 1344,4056 1375,4056 1395,4045 1410,4055 1432,4043 1459,4042 1461,3993 1436,3985 1421,3993 1407,3984 1351,3984 1333,3973 1297,3979"/>
                <Baseline points="1302,4030 1327,4032 1352,4032 1377,4033 1402,4034 1427,4035 1452,4037"/>
                <TextEquiv>
                    <Unicode> g</Unicode>
                </TextEquiv>
            </TextLine>
            <TextEquiv>
                <Unicode>∆

0

E
S
igt mir an zu däuchten,
ranger vor dem Hut;
für einen Reitersmann
muß uns verachten.“
Friedrich Schiller, „Wilhelm Tell“,
3. Aufing, 3. Auftritt.
oder Banken finden, die die nötige Summe vor¬
chießen.
Paris, 14. Februar. (Funkspruch.) Die nächste
Sitzung des Völkerbundrates wird am 21. d. in Paris
stattfinden.
Die französischen Marxisten.
Paris, 13. Februar. (Havas.) Der Nationalrat der
sozialistischen Partei (der früheren einheitlichen sozialistischen
Partei) entschied, daß Elbert Thomas zwischen der Lei¬
tung des Internationalen Arbeitsdienstes und seinem Ab¬
geordnetenmandat zu wählen habe. Eine Entschließung, wo¬
nach von dem Manifest der U. S. P. D., das einerseits gegen
die wirtschaftlichen Forderungen von Paris Einspruch erhebt
und anderseits Deutschland auffordert, seine Wiedergut¬
machungspflicht anzuerkennen, wurde angenommen. Den
Delegierten für die Wiener Konferenz wurde der Auftrag
erteilt, eine gemeinsame Versammlung mit den politischen
und wirtschaftlichen Organisationen Frankreichs, Englands
und Deutschlands in die Wege zu leiten, und die Lösung der
Wiedergutmachungsfrage ins Auge zu fassen.
Ein historischer Tag der
Glowaken.
Die Weihe der neuen Bischöfe.
TK., Prag, 14. Februar. Wie der „Pondelnik“ aus
Neutra meldet, fand gestern in feierlicher Weise die
Weihe der neuen slowakischen Bischöfe statt.
Alle Parteien, auch die tschecho¬
slowakischen Sozialdemokraten, hat¬
ten Deputationen entsendet.
Am Abend fand in der Stadt ein Umzug mit
Lampions und in der Burg ein Rout statt, bei welchem
mehrere Redner auf die Bedeutung dieses Tages hinwiesen.
Die Züricher Kurse.
Zürich, 14. Februar. (Devisen=Anfangskurse.) Von der
Schweizerischen Kreditanstalt mitgeteilte Mittelkurse, Berlin 10.50
(12. d. 10.50), New York 612.50 (612.50), Mailand 22.42 (22.50),
Prag 7.90 (8.—), Budapest 1.17½ (1.20), Agram 4.25 (4.30),
Bukarest 8.50 (8.50), Warschau 0.80 (0.80), Wien 1.52½
(1.50), österr. gestempelte Kronen 1.05 (1.05).
 g</Unicode>
            </TextEquiv>
        </TextRegion>
        <TextRegion orientation="0.0" id="r3" custom="readingOrder {index:2;}">
            <Coords points="1615,189 1615,4038 2767,4038 2767,189"/>
            <TextLine id="r3l1" custom="readingOrder {index:0;}">
                <Coords points="1702,214 2594,222 2678,248 2679,201 2639,188 1703,199"/>
                <Baseline points="1710,213 1758,213 1806,214 1854,214 1902,215 1950,215 1998,216 2046,216 2094,217 2142,218 2190,218 2238,219 2286,219 2334,220 2382,220 2430,221 2478,222 2526,222 2574,222 2622,223 2671,223"/>
                <TextEquiv>
                    <Unicode>Schlderes explosionsungluck in</Unicode>
                </TextEquiv>
            </TextLine>
            <TextLine id="r3l2" custom="readingOrder {index:1;}">
                <Coords points="2014,290 2041,305 2092,298 2137,312 2180,297 2348,307 2349,227 2312,225 2277,242 2256,230 2165,232 2131,220 2015,227"/>
                <Baseline points="2021,288 2047,289 2074,290 2101,291 2127,291 2154,290 2181,290 2207,290 2234,290 2261,290 2287,291 2314,293 2341,296"/>
                <TextEquiv>
                    <Unicode>Düsseldorf.</Unicode>
                </TextEquiv>
            </TextLine>
            <TextLine id="r3l3" custom="readingOrder {index:2;}">
                <Coords points="1958,363 2003,346 2022,359 2261,353 2278,367 2314,349 2433,356 2433,323 2392,305 2266,321 2200,299 2135,314 1959,304"/>
                <Baseline points="1966,343 1991,342 2017,342 2042,342 2068,342 2093,342 2119,342 2144,343 2170,343 2196,343 2221,343 2247,344 2272,344 2298,344 2323,345 2349,345 2374,345 2400,345 2426,345"/>
                <TextEquiv>
                    <Unicode>Zehn Menschen getötet.</Unicode>
                </TextEquiv>
            </TextLine>
            <TextLine id="r3l4" custom="readingOrder {index:3;}">
                <Coords points="1716,396 2623,421 2752,408 2753,368 1716,353"/>
                <Baseline points="1723,394 1774,395 1825,396 1876,397 1927,398 1978,399 2029,399 2080,400 2131,400 2182,401 2234,401 2285,401 2336,402 2387,402 2438,402 2489,402 2540,403 2591,403 2642,403 2693,404 2745,404"/>
                <TextEquiv>
                    <Unicode>TK. Düsseldorf, 14. Februar. Die Feuerwerk¬</Unicode>
                </TextEquiv>
            </TextLine>
            <TextLine id="r3l5" custom="readingOrder {index:4;}">
                <Coords points="1629,449 2761,457 2685,408 1630,396"/>
                <Baseline points="1637,442 1692,443 1748,444 1804,445 1860,445 1916,446 1971,447 2027,447 2083,447 2139,448 2195,448 2250,448 2306,449 2362,449 2418,449 2474,450 2529,450 2585,451 2641,452 2697,452 2753,453"/>
                <TextEquiv>
                    <Unicode>körperfabrik Blumberg &amp; Co. in Leich¬</Unicode>
                </TextEquiv>
            </TextLine>
            <TextLine id="r3l6" custom="readingOrder {index:5;}">
                <Coords points="1630,502 2763,512 2748,464 2517,450 1631,449"/>
                <Baseline points="1637,490 1695,491 1754,492 1813,492 1872,493 1931,493 1990,494 2049,495 2108,496 2167,496 2225,497 2284,498 2343,498 2402,499 2461,500 2520,500 2579,501 2638,502 2697,502 2756,503"/>
                <TextEquiv>
                    <Unicode>lingen (Bezirk Solingen) ist infolge einer Explosion in</Unicode>
                </TextEquiv>
            </TextLine>
            <TextLine id="r3l7" custom="readingOrder {index:6;}">
                <Coords points="1624,545 1820,558 1845,542 1951,561 2009,547 2038,563 2168,548 2168,523 2125,510 1738,499 1695,513 1625,497"/>
                <Baseline points="1631,538 1657,538 1684,538 1710,539 1737,539 1763,539 1790,540 1816,541 1843,541 1869,542 1896,542 1922,543 1949,544 1975,544 2002,544 2028,545 2055,545 2081,545 2108,545 2134,545 2161,545"/>
                <TextEquiv>
                    <Unicode>die Luft geflogen.</Unicode>
                </TextEquiv>
            </TextLine>
            <TextLine id="r3l8" custom="readingOrder {index:7;}">
                <Coords points="1716,593 2713,617 2767,610 2768,558 1717,538"/>
                <Baseline points="1724,585 1775,586 1827,587 1879,589 1931,589 1983,590 2034,591 2086,591 2138,592 2190,592 2242,593 2293,593 2345,593 2397,594 2449,594 2501,594 2552,595 2604,595 2656,595 2708,596 2760,596"/>
                <TextEquiv>
                    <Unicode>Der Direktor und neun Arbeite¬</Unicode>
                </TextEquiv>
            </TextLine>
            <TextLine id="r3l9" custom="readingOrder {index:8;}">
                <Coords points="1623,635 2759,660 2745,603 1624,601"/>
                <Baseline points="1630,632 1686,633 1742,634 1798,635 1854,636 1910,637 1966,637 2022,638 2078,639 2134,639 2191,640 2247,641 2303,641 2359,641 2415,642 2471,642 2527,643 2583,643 2639,644 2695,644 2752,645"/>
                <TextEquiv>
                    <Unicode>rinnen wurden getötet, mehrere Arbeiterinnen</Unicode>
                </TextEquiv>
            </TextLine>
            <TextLine id="r3l10" custom="readingOrder {index:9;}">
                <Coords points="1631,684 2759,699 2759,664 2699,648 1631,642"/>
                <Baseline points="1638,681 1693,681 1749,682 1805,682 1860,683 1916,683 1972,684 2027,685 2083,686 2139,686 2195,687 2250,688 2306,689 2362,689 2417,690 2473,691 2529,691 2584,692 2640,692 2696,693 2752,693"/>
                <TextEquiv>
                    <Unicode>schwer und viele leicht verletzt. Die Explosion erfolgte</Unicode>
                </TextEquiv>
            </TextLine>
            <TextLine id="r3l11" custom="readingOrder {index:10;}">
                <Coords points="1621,743 2757,746 2757,705 2585,690 1622,692"/>
                <Baseline points="1628,730 1684,731 1740,732 1796,732 1852,733 1908,733 1964,734 2020,735 2076,735 2132,736 2189,736 2245,737 2301,737 2357,738 2413,738 2469,739 2525,740 2581,740 2637,741 2693,741 2750,742"/>
                <TextEquiv>
                    <Unicode>turz vor Arbeitsschluß aus bisher unaufgeklärten Gründen.</Unicode>
                </TextEquiv>
            </TextLine>
            <TextLine id="r3l12" custom="readingOrder {index:11;}">
                <Coords points="1723,894 2639,918 2673,897 2674,808 2229,796 2154,824 1724,791"/>
                <Baseline points="1730,886 1776,885 1823,884 1870,884 1917,883 1964,884 2010,884 2057,885 2104,886 2151,886 2198,887 2244,888 2291,889 2338,890 2385,891 2432,892 2478,892 2525,893 2572,893 2619,893 2666,892"/>
                <TextEquiv>
                    <Unicode>Hinter den Kulissen der</Unicode>
                </TextEquiv>
            </TextLine>
            <TextLine id="r3l13" custom="readingOrder {index:12;}">
                <Coords points="1843,990 2039,1013 2193,979 2372,1012 2485,991 2664,1029 2680,939 2559,963 2471,914 2213,916 2172,943 1969,907 1895,959 1843,955"/>
                <Baseline points="1850,983 1891,982 1932,982 1973,982 2014,982 2055,982 2096,982 2137,982 2178,982 2219,982 2261,983 2302,983 2343,984 2384,985 2425,987 2466,988 2507,990 2548,993 2589,995 2630,997 2672,1000"/>
                <TextEquiv>
                    <Unicode>„Reigen =Schutzer. 118</Unicode>
                </TextEquiv>
            </TextLine>
            <TextLine id="r3l14" custom="readingOrder {index:13;}">
                <Coords points="1855,1034 2034,1060 2393,1040 2534,1059 2535,1011 2482,1003 2165,1008 2140,990 1956,1013 1856,995"/>
                <Baseline points="1862,1029 1895,1031 1928,1032 1961,1033 1995,1034 2028,1035 2061,1036 2095,1036 2128,1037 2161,1038 2195,1038 2228,1038 2261,1039 2294,1039 2328,1040 2361,1040 2394,1040 2428,1041 2461,1041 2494,1042 2528,1042"/>
                <TextEquiv>
                    <Unicode>Von Karl Paumgartten.</Unicode>
                </TextEquiv>
            </TextLine>
            <TextLine id="r3l15" custom="readingOrder {index:14;}">
                <Coords points="1734,1095 2405,1089 2547,1118 2710,1112 2757,1067 1828,1059 1735,1026"/>
                <Baseline points="1742,1087 1792,1088 1842,1088 1893,1088 1943,1089 1993,1090 2044,1091 2094,1091 2144,1092 2195,1093 2245,1094 2295,1094 2346,1095 2396,1096 2446,1096 2497,1096 2547,1096 2597,1096 2648,1096 2698,1095 2749,1094"/>
                <TextEquiv>
                    <Unicode>Die Sozialdemokraten hatten den National¬</Unicode>
                </TextEquiv>
            </TextLine>
            <TextLine id="r3l16" custom="readingOrder {index:15;}">
                <Coords points="1626,1138 2747,1161 2759,1100 2308,1122 1626,1072"/>
                <Baseline points="1633,1133 1688,1134 1744,1135 1800,1136 1856,1137 1912,1138 1968,1139 2024,1140 2080,1141 2136,1142 2192,1142 2247,1143 2303,1144 2359,1144 2415,1144 2471,1145 2527,1145 2583,1144 2639,1144 2695,1144 2751,1143"/>
                <TextEquiv>
                    <Unicode>rat mit ihrer dringlichen Anfrage wegen des „Reigen“¬</Unicode>
                </TextEquiv>
            </TextLine>
            <TextLine id="r3l17" custom="readingOrder {index:16;}">
                <Coords points="1614,1204 2753,1199 2753,1162 2617,1148 1615,1145"/>
                <Baseline points="1622,1183 1678,1184 1734,1185 1790,1186 1846,1186 1902,1187 1958,1188 2015,1188 2071,1189 2127,1190 2183,1190 2239,1191 2295,1191 2351,1192 2408,1192 2464,1193 2520,1193 2576,1193 2632,1193 2688,1194 2745,1194"/>
                <TextEquiv>
                    <Unicode>Verbotes überrumpelt und, damit diese nur ja nicht zu</Unicode>
                </TextEquiv>
            </TextLine>
            <TextLine id="r3l18" custom="readingOrder {index:17;}">
                <Coords points="1622,1238 2749,1258 2750,1202 1623,1194"/>
                <Baseline points="1630,1230 1685,1232 1741,1233 1796,1233 1852,1234 1908,1235 1963,1236 2019,1236 2074,1237 2130,1237 2186,1238 2241,1238 2297,1238 2352,1239 2408,1239 2464,1239 2519,1240 2575,1240 2630,1240 2686,1241 2742,1241"/>
                <TextEquiv>
                    <Unicode>einer argumentierenden Debatte werden konnte,</Unicode>
                </TextEquiv>
            </TextLine>
            <TextLine id="r3l19" custom="readingOrder {index:18;}">
                <Coords points="1624,1293 2751,1298 2751,1258 2690,1242 1624,1239"/>
                <Baseline points="1631,1280 1686,1281 1742,1282 1797,1283 1853,1283 1909,1284 1964,1285 2020,1285 2076,1285 2131,1286 2187,1286 2243,1286 2298,1287 2354,1287 2410,1287 2465,1287 2521,1288 2577,1288 2632,1288 2688,1289 2744,1289"/>
                <TextEquiv>
                    <Unicode>ihren Pathologiker als ersten ins Treffen geschickt. Sie</Unicode>
                </TextEquiv>
            </TextLine>
            <TextLine id="r3l20" custom="readingOrder {index:19;}">
                <Coords points="1621,1333 2718,1356 2753,1300 1621,1294"/>
                <Baseline points="1629,1329 1684,1329 1740,1331 1796,1331 1852,1332 1908,1332 1963,1333 2019,1333 2075,1334 2131,1334 2187,1334 2242,1334 2298,1334 2354,1334 2410,1334 2466,1335 2521,1335 2577,1335 2633,1336 2689,1336 2745,1337"/>
                <TextEquiv>
                    <Unicode>wußten, daß gerade bei dieser Affäre die Logik und Sach¬</Unicode>
                </TextEquiv>
            </TextLine>
            <TextLine id="r3l21" custom="readingOrder {index:20;}">
                <Coords points="1621,1382 2754,1394 2738,1347 1621,1335"/>
                <Baseline points="1629,1378 1684,1378 1740,1379 1796,1379 1852,1379 1908,1379 1964,1379 2020,1380 2076,1380 2132,1380 2188,1380 2243,1380 2299,1380 2355,1381 2411,1381 2467,1381 2523,1382 2579,1382 2635,1383 2691,1383 2747,1384"/>
                <TextEquiv>
                    <Unicode>lichkeit möglichst ausgeschaltet werden mußten. Darum</Unicode>
                </TextEquiv>
            </TextLine>
            <TextLine id="r3l22" custom="readingOrder {index:21;}">
                <Coords points="1616,1432 2753,1449 2736,1386 1616,1386"/>
                <Baseline points="1623,1424 1679,1425 1735,1425 1791,1425 1847,1425 1903,1426 1959,1426 2016,1427 2072,1427 2128,1427 2184,1427 2240,1428 2296,1428 2352,1428 2409,1429 2465,1429 2521,1429 2577,1429 2633,1429 2689,1430 2746,1430"/>
                <TextEquiv>
                    <Unicode>sorgte Leuthner für die nötige Erregung, die dann durch</Unicode>
                </TextEquiv>
            </TextLine>
            <TextLine id="r3l23" custom="readingOrder {index:22;}">
                <Coords points="1649,1485 2755,1488 2755,1448 2640,1427 1649,1433"/>
                <Baseline points="1656,1471 1710,1472 1765,1472 1819,1473 1874,1474 1929,1474 1983,1474 2038,1475 2092,1476 2147,1476 2202,1476 2256,1477 2311,1477 2365,1477 2420,1478 2475,1478 2529,1478 2584,1478 2638,1478 2693,1478 2748,1478"/>
                <TextEquiv>
                    <Unicode>wischenrufe und Fäustegetrommel auf der Höhe erhalten</Unicode>
                </TextEquiv>
            </TextLine>
            <TextLine id="r3l24" custom="readingOrder {index:23;}">
                <Coords points="1617,1523 2757,1544 2757,1488 2723,1482 1618,1480"/>
                <Baseline points="1625,1518 1681,1519 1737,1520 1793,1521 1850,1522 1906,1523 1962,1523 2018,1524 2075,1524 2131,1524 2187,1525 2243,1525 2300,1525 2356,1525 2412,1526 2468,1526 2525,1526 2581,1526 2637,1526 2693,1526 2750,1527"/>
                <TextEquiv>
                    <Unicode>wurde. Der Radau gelang. Die Versammlung wurde</Unicode>
                </TextEquiv>
            </TextLine>
            <TextLine id="r3l25" custom="readingOrder {index:24;}">
                <Coords points="1617,1575 2724,1597 2746,1537 1617,1523"/>
                <Baseline points="1625,1567 1680,1568 1736,1569 1792,1570 1847,1570 1903,1571 1959,1572 2014,1572 2070,1573 2126,1573 2182,1574 2237,1574 2293,1574 2349,1574 2404,1574 2460,1574 2516,1574 2571,1574 2627,1574 2683,1574 2739,1573"/>
                <TextEquiv>
                    <Unicode>nervös. Zwar leistete Dr. Glanz im Ruhig= und Sachlich¬</Unicode>
                </TextEquiv>
            </TextLine>
            <TextLine id="r3l26" custom="readingOrder {index:25;}">
                <Coords points="1614,1622 2747,1630 2747,1590 2698,1581 1614,1575"/>
                <Baseline points="1621,1616 1676,1617 1732,1617 1788,1618 1844,1618 1900,1619 1956,1619 2012,1620 2068,1620 2124,1621 2180,1621 2235,1621 2291,1622 2347,1622 2403,1623 2459,1623 2515,1623 2571,1624 2627,1624 2683,1624 2739,1624"/>
                <TextEquiv>
                    <Unicode>bleiben geradezu Bewundernswertes, zwar beherrschten</Unicode>
                </TextEquiv>
            </TextLine>
            <TextLine id="r3l27" custom="readingOrder {index:26;}">
                <Coords points="1616,1683 2760,1679 2724,1631 1616,1620"/>
                <Baseline points="1623,1664 1679,1665 1736,1666 1792,1667 1849,1668 1905,1668 1962,1669 2018,1669 2075,1669 2131,1669 2188,1669 2244,1669 2301,1669 2357,1670 2414,1670 2470,1670 2527,1671 2583,1671 2640,1672 2696,1673 2753,1674"/>
                <TextEquiv>
                    <Unicode>sich die christlichsozialen Abgeordneten in einer Weise, die</Unicode>
                </TextEquiv>
            </TextLine>
            <TextLine id="r3l28" custom="readingOrder {index:27;}">
                <Coords points="1622,1717 2752,1725 2728,1676 1622,1676"/>
                <Baseline points="1629,1714 1684,1714 1740,1715 1796,1715 1852,1715 1908,1716 1963,1716 2019,1716 2075,1717 2131,1718 2187,1718 2242,1719 2298,1719 2354,1719 2410,1720 2466,1720 2521,1720 2577,1720 2633,1720 2689,1720 2745,1720"/>
                <TextEquiv>
                    <Unicode>angesichts der unerhörten Aufstachelungen der Sozial¬</Unicode>
                </TextEquiv>
            </TextLine>
            <TextLine id="r3l29" custom="readingOrder {index:28;}">
                <Coords points="1613,1774 2728,1789 2745,1740 1614,1716"/>
                <Baseline points="1620,1761 1675,1762 1731,1762 1787,1763 1843,1763 1899,1764 1955,1764 2010,1764 2066,1765 2122,1765 2178,1766 2234,1766 2290,1767 2346,1767 2401,1767 2457,1768 2513,1768 2569,1768 2625,1769 2681,1769 2737,1769"/>
                <TextEquiv>
                    <Unicode>demokraten vollstes Lob verdient, aber das Manöver er¬</Unicode>
                </TextEquiv>
            </TextLine>
            <TextLine id="r3l30" custom="readingOrder {index:29;}">
                <Coords points="1613,1821 2684,1852 2774,1825 2775,1788 1613,1775"/>
                <Baseline points="1621,1810 1678,1810 1735,1811 1792,1811 1850,1812 1907,1812 1964,1813 2022,1814 2079,1814 2136,1815 2194,1816 2251,1816 2308,1817 2365,1817 2423,1817 2480,1818 2537,1818 2595,1818 2652,1818 2709,1817 2767,1817"/>
                <TextEquiv>
                    <Unicode>reichte doch seinen Zweck: es hemmte die Entfaltung der</Unicode>
                </TextEquiv>
            </TextLine>
            <TextLine id="r3l31" custom="readingOrder {index:30;}">
                <Coords points="1612,1874 2424,1873 2424,1831 2385,1824 1613,1820"/>
                <Baseline points="1620,1859 1659,1860 1699,1861 1739,1862 1779,1862 1819,1863 1859,1863 1898,1863 1938,1863 1978,1864 2018,1864 2058,1864 2098,1864 2138,1864 2177,1864 2217,1864 2257,1865 2297,1865 2337,1865 2377,1866 2417,1866"/>
                <TextEquiv>
                    <Unicode>Argumente zu voller Schärfe und Wucht.</Unicode>
                </TextEquiv>
            </TextLine>
            <TextLine id="r3l32" custom="readingOrder {index:31;}">
                <Coords points="1712,1922 2525,1945 2757,1928 2758,1876 1713,1869"/>
                <Baseline points="1720,1917 1771,1917 1823,1917 1874,1918 1926,1918 1977,1918 2029,1919 2080,1919 2132,1920 2183,1920 2235,1921 2287,1921 2338,1922 2390,1922 2441,1922 2493,1923 2544,1923 2596,1923 2647,1922 2699,1922 2751,1922"/>
                <TextEquiv>
                    <Unicode>In ihrer Verstocktheit aber übersahen die Sozial¬</Unicode>
                </TextEquiv>
            </TextLine>
            <TextLine id="r3l33" custom="readingOrder {index:32;}">
                <Coords points="1610,1967 2752,1987 2752,1932 2690,1926 1611,1921"/>
                <Baseline points="1618,1962 1674,1964 1730,1965 1786,1965 1843,1966 1899,1967 1955,1968 2012,1968 2068,1969 2124,1969 2181,1970 2237,1970 2293,1970 2349,1970 2406,1971 2462,1971 2518,1971 2575,1971 2631,1971 2687,1971 2744,1971"/>
                <TextEquiv>
                    <Unicode>demokraten, daß sie sich in diesem Kampfe eine Blöße</Unicode>
                </TextEquiv>
            </TextLine>
            <TextLine id="r3l34" custom="readingOrder {index:33;}">
                <Coords points="1624,2020 2615,2042 2742,2027 2743,1992 1625,1968"/>
                <Baseline points="1631,2013 1686,2013 1741,2013 1796,2014 1851,2014 1907,2015 1962,2015 2017,2016 2072,2017 2127,2017 2183,2018 2238,2019 2293,2019 2348,2020 2403,2020 2459,2021 2514,2021 2569,2021 2624,2021 2679,2020 2735,2020"/>
                <TextEquiv>
                    <Unicode>nach der anderen geben mußten. Der Dreh, mit dem</Unicode>
                </TextEquiv>
            </TextLine>
            <TextLine id="r3l35" custom="readingOrder {index:34;}">
                <Coords points="1616,2067 2750,2076 2750,2026 2717,2024 1616,2017"/>
                <Baseline points="1623,2060 1679,2061 1735,2061 1791,2062 1847,2063 1903,2064 1959,2064 2015,2065 2071,2066 2127,2066 2183,2067 2239,2067 2295,2068 2351,2068 2407,2068 2463,2068 2519,2069 2575,2069 2631,2069 2687,2069 2743,2069"/>
                <TextEquiv>
                    <Unicode>die Schweinerei zum Streit um die Verfassung (wer lacht</Unicode>
                </TextEquiv>
            </TextLine>
            <TextLine id="r3l36" custom="readingOrder {index:35;}">
                <Coords points="1617,2116 2673,2135 2751,2121 2752,2076 1618,2066"/>
                <Baseline points="1624,2109 1680,2110 1736,2111 1792,2112 1848,2112 1904,2113 1960,2113 2016,2114 2072,2114 2128,2115 2184,2115 2240,2115 2296,2115 2352,2115 2408,2116 2464,2116 2520,2116 2576,2116 2632,2116 2688,2117 2744,2117"/>
                <TextEquiv>
                    <Unicode>da nicht?) gemacht werden sollte, war höchst ungeschickt.</Unicode>
                </TextEquiv>
            </TextLine>
            <TextLine id="r3l37" custom="readingOrder {index:36;}">
                <Coords points="1617,2169 2757,2182 2757,2126 2716,2121 1617,2116"/>
                <Baseline points="1625,2158 1681,2159 1737,2160 1793,2160 1850,2161 1906,2162 1962,2162 2018,2162 2075,2163 2131,2163 2187,2163 2243,2163 2300,2163 2356,2163 2412,2163 2468,2163 2525,2163 2581,2163 2637,2164 2693,2164 2750,2164"/>
                <TextEquiv>
                    <Unicode>Er mißlang auch. Seitz und seine Genossen merkten aber</Unicode>
                </TextEquiv>
            </TextLine>
            <TextLine id="r3l38" custom="readingOrder {index:37;}">
                <Coords points="1615,2222 2751,2229 2741,2173 1616,2172"/>
                <Baseline points="1623,2207 1679,2208 1735,2208 1791,2209 1847,2209 1903,2210 1959,2210 2015,2211 2071,2211 2127,2212 2183,2212 2239,2212 2295,2212 2351,2213 2407,2213 2463,2213 2519,2213 2575,2213 2631,2213 2687,2213 2744,2213"/>
                <TextEquiv>
                    <Unicode>nicht, daß die Komödie schief ging. Wie wollen sie dem</Unicode>
                </TextEquiv>
            </TextLine>
            <TextLine id="r3l39" custom="readingOrder {index:38;}">
                <Coords points="1611,2259 2742,2271 2726,2218 1611,2225"/>
                <Baseline points="1618,2255 1673,2256 1729,2257 1785,2257 1841,2258 1897,2258 1952,2259 2008,2259 2064,2259 2120,2260 2176,2260 2231,2261 2287,2261 2343,2261 2399,2262 2455,2262 2510,2262 2566,2262 2622,2263 2678,2263 2734,2263"/>
                <TextEquiv>
                    <Unicode>einfachen Mann begreiflich machen, daß sie aus Liebe zur</Unicode>
                </TextEquiv>
            </TextLine>
            <TextLine id="r3l40" custom="readingOrder {index:39;}">
                <Coords points="1614,2308 2750,2319 2750,2267 1614,2262"/>
                <Baseline points="1621,2304 1677,2304 1733,2305 1789,2306 1845,2306 1901,2307 1957,2307 2013,2308 2069,2308 2125,2308 2181,2308 2237,2308 2293,2308 2349,2308 2405,2308 2461,2308 2517,2308 2573,2308 2629,2308 2685,2308 2742,2309"/>
                <TextEquiv>
                    <Unicode>Verfassung für das ordinärste Bordellstück eintraten?</Unicode>
                </TextEquiv>
            </TextLine>
            <TextLine id="r3l41" custom="readingOrder {index:40;}">
                <Coords points="1617,2356 2645,2373 2741,2369 2742,2325 1618,2306"/>
                <Baseline points="1624,2351 1679,2352 1735,2353 1790,2353 1846,2354 1901,2355 1957,2355 2012,2356 2068,2356 2123,2357 2179,2357 2234,2357 2290,2357 2345,2358 2401,2358 2456,2358 2512,2358 2567,2358 2623,2357 2678,2357 2734,2357"/>
                <TextEquiv>
                    <Unicode>Und sie haben sich vor der ganzen Welt schamlos als die</Unicode>
                </TextEquiv>
            </TextLine>
            <TextLine id="r3l42" custom="readingOrder {index:41;}">
                <Coords points="1620,2407 2738,2414 2738,2368 2671,2359 1620,2357"/>
                <Baseline points="1627,2400 1682,2401 1737,2402 1792,2402 1847,2403 1903,2403 1958,2404 2013,2404 2068,2405 2123,2405 2179,2405 2234,2405 2289,2406 2344,2406 2399,2406 2455,2406 2510,2406 2565,2406 2620,2406 2675,2406 2731,2406"/>
                <TextEquiv>
                    <Unicode>Anwälte der Pornographie hingestellt! Sie sind für das</Unicode>
                </TextEquiv>
            </TextLine>
            <TextLine id="r3l43" custom="readingOrder {index:42;}">
                <Coords points="1622,2459 2682,2464 2682,2420 2614,2412 1622,2411"/>
                <Baseline points="1629,2450 1681,2450 1733,2450 1785,2450 1838,2450 1890,2451 1942,2451 1994,2452 2047,2452 2099,2453 2151,2453 2203,2454 2256,2454 2308,2455 2360,2455 2412,2455 2465,2455 2517,2455 2569,2454 2621,2454 2674,2453"/>
                <TextEquiv>
                    <Unicode>Vergnügen der Schieber und Wucherer aufgestanden</Unicode>
                </TextEquiv>
            </TextLine>
            <TextLine id="r3l44" custom="readingOrder {index:43;}">
                <Coords points="1612,2512 2742,2513 2728,2457 1612,2462"/>
                <Baseline points="1619,2501 1674,2501 1730,2500 1786,2500 1842,2500 1898,2500 1953,2500 2009,2501 2065,2501 2121,2502 2177,2502 2232,2503 2288,2504 2344,2504 2400,2505 2456,2505 2511,2505 2567,2505 2623,2505 2679,2504 2735,2503"/>
                <TextEquiv>
                    <Unicode>gegen die primitivste Sittlichkeit. Sie, die Vertreter des</Unicode>
                </TextEquiv>
            </TextLine>
            <TextLine id="r3l45" custom="readingOrder {index:44;}">
                <Coords points="1623,2560 2746,2558 2746,2512 2673,2504 1624,2516"/>
                <Baseline points="1630,2545 1685,2546 1740,2546 1796,2547 1851,2548 1907,2549 1962,2549 2018,2550 2073,2551 2129,2551 2184,2552 2239,2552 2295,2553 2350,2553 2406,2553 2461,2554 2517,2554 2572,2553 2628,2553 2683,2553 2739,2552"/>
                <TextEquiv>
                    <Unicode>arbeitenden Volles, ereiferten sich für das Recht</Unicode>
                </TextEquiv>
            </TextLine>
            <TextLine id="r3l46" custom="readingOrder {index:45;}">
                <Coords points="1612,2602 2518,2623 2725,2613 2750,2564 1613,2550"/>
                <Baseline points="1620,2595 1676,2595 1732,2596 1788,2596 1844,2596 1900,2596 1956,2597 2012,2597 2068,2598 2124,2599 2181,2599 2237,2600 2293,2600 2349,2600 2405,2601 2461,2601 2517,2601 2573,2602 2629,2602 2685,2601 2742,2601"/>
                <TextEquiv>
                    <Unicode>der Drohnen und Ausbeuter; sie, die deutsche Frauen und</Unicode>
                </TextEquiv>
            </TextLine>
            <TextLine id="r3l47" custom="readingOrder {index:46;}">
                <Coords points="1621,2650 2578,2671 2745,2657 2746,2607 1622,2601"/>
                <Baseline points="1629,2642 1684,2643 1739,2644 1795,2645 1850,2646 1906,2646 1961,2647 2017,2648 2072,2648 2128,2648 2183,2649 2238,2649 2294,2649 2349,2649 2405,2649 2460,2649 2516,2649 2571,2649 2627,2649 2682,2649 2738,2649"/>
                <TextEquiv>
                    <Unicode>Kinder vertreten, erhitzen sich für den Lüsternheitskitzel</Unicode>
                </TextEquiv>
            </TextLine>
            <TextLine id="r3l48" custom="readingOrder {index:47;}">
                <Coords points="1623,2695 2746,2707 2738,2655 1624,2649"/>
                <Baseline points="1630,2691 1685,2692 1740,2692 1796,2692 1851,2693 1907,2693 1962,2694 2018,2694 2073,2695 2129,2695 2184,2696 2239,2696 2295,2696 2350,2697 2406,2697 2461,2697 2517,2698 2572,2698 2628,2698 2683,2698 2739,2698"/>
                <TextEquiv>
                    <Unicode>ingedrungener Asiaten! Der einfache Mensch begreift</Unicode>
                </TextEquiv>
            </TextLine>
            <TextLine id="r3l49" custom="readingOrder {index:48;}">
                <Coords points="1616,2748 2714,2763 2752,2704 1616,2698"/>
                <Baseline points="1623,2740 1679,2740 1735,2741 1791,2741 1847,2742 1903,2743 1959,2743 2015,2744 2071,2744 2127,2744 2183,2745 2239,2745 2295,2746 2351,2746 2407,2746 2463,2746 2519,2747 2575,2747 2631,2747 2687,2747 2744,2747"/>
                <TextEquiv>
                    <Unicode>diese Verteidigung der Bordellkunst nicht. Jeder halbiregs</Unicode>
                </TextEquiv>
            </TextLine>
            <TextLine id="r3l50" custom="readingOrder {index:49;}">
                <Coords points="1624,2796 2751,2800 2751,2763 2675,2752 1624,2746"/>
                <Baseline points="1631,2790 1686,2790 1742,2790 1797,2791 1853,2791 1909,2792 1964,2792 2020,2792 2076,2793 2131,2793 2187,2794 2243,2794 2298,2795 2354,2795 2410,2795 2465,2795 2521,2796 2577,2796 2632,2796 2688,2796 2744,2795"/>
                <TextEquiv>
                    <Unicode>ittlich fühlende Mensch wendet sich mit Abscheu von der</Unicode>
                </TextEquiv>
            </TextLine>
            <TextLine id="r3l51" custom="readingOrder {index:50;}">
                <Coords points="1612,2848 2741,2855 2741,2810 2675,2800 1612,2802"/>
                <Baseline points="1619,2840 1674,2840 1730,2840 1786,2840 1842,2840 1897,2840 1953,2840 2009,2840 2065,2841 2120,2841 2176,2842 2232,2842 2288,2842 2343,2842 2399,2843 2455,2843 2511,2843 2566,2843 2622,2843 2678,2843 2734,2843"/>
                <TextEquiv>
                    <Unicode>Zotenreißerei in der Rotenturmstraße — wer diese Zoten¬</Unicode>
                </TextEquiv>
            </TextLine>
            <TextLine id="r3l52" custom="readingOrder {index:51;}">
                <Coords points="1622,2892 2697,2911 2742,2855 1622,2853"/>
                <Baseline points="1629,2886 1684,2887 1739,2888 1794,2889 1850,2889 1905,2890 1960,2890 2015,2891 2071,2891 2126,2891 2181,2892 2236,2892 2292,2892 2347,2892 2402,2892 2457,2892 2513,2892 2568,2892 2623,2892 2678,2892 2734,2891"/>
                <TextEquiv>
                    <Unicode>reißerei verteidigt, der muß von jedem anständigen</Unicode>
                </TextEquiv>
            </TextLine>
            <TextLine id="r3l53" custom="readingOrder {index:52;}">
                <Coords points="1619,2944 2721,2958 2755,2895 1619,2893"/>
                <Baseline points="1626,2934 1682,2935 1738,2935 1794,2936 1850,2937 1906,2937 1962,2938 2018,2938 2074,2938 2130,2939 2187,2939 2243,2939 2299,2939 2355,2940 2411,2940 2467,2940 2523,2941 2579,2941 2635,2942 2691,2942 2748,2943"/>
                <TextEquiv>
                    <Unicode>Menschen denselben Abscheu erwarten. Der muß</Unicode>
                </TextEquiv>
            </TextLine>
            <TextLine id="r3l54" custom="readingOrder {index:53;}">
                <Coords points="1619,2990 2751,3000 2751,2950 1620,2948"/>
                <Baseline points="1626,2983 1681,2984 1737,2985 1793,2985 1849,2986 1905,2986 1961,2987 2017,2987 2073,2987 2129,2988 2185,2988 2240,2988 2296,2988 2352,2988 2408,2989 2464,2989 2520,2989 2576,2989 2632,2990 2688,2990 2744,2991"/>
                <TextEquiv>
                    <Unicode>auch darauf gefaßt sein, daß seine Stellungnahme auf</Unicode>
                </TextEquiv>
            </TextLine>
            <TextLine id="r3l55" custom="readingOrder {index:54;}">
                <Coords points="1616,3039 2753,3042 2753,3001 2666,2993 1616,2990"/>
                <Baseline points="1623,3033 1679,3033 1735,3033 1791,3034 1847,3034 1903,3034 1959,3035 2016,3035 2072,3035 2128,3036 2184,3036 2240,3037 2296,3037 2352,3037 2409,3038 2465,3038 2521,3038 2577,3038 2633,3038 2689,3037 2746,3037"/>
                <TextEquiv>
                    <Unicode>ihre Gründe untersucht wird. Das haben die Herren</Unicode>
                </TextEquiv>
            </TextLine>
            <TextLine id="r3l56" custom="readingOrder {index:55;}">
                <Coords points="1623,3086 2638,3104 2752,3099 2753,3055 1623,3042"/>
                <Baseline points="1630,3081 1685,3081 1741,3081 1797,3082 1853,3082 1908,3082 1964,3083 2020,3083 2076,3083 2131,3084 2187,3084 2243,3084 2299,3085 2354,3085 2410,3086 2466,3086 2522,3086 2577,3087 2633,3087 2689,3088 2745,3088"/>
                <TextEquiv>
                    <Unicode>übersehen. Sie glaubten vielleicht einen Kampf für die</Unicode>
                </TextEquiv>
            </TextLine>
            <TextLine id="r3l57" custom="readingOrder {index:56;}">
                <Coords points="1617,3135 2756,3155 2756,3107 2689,3093 1618,3087"/>
                <Baseline points="1624,3129 1680,3129 1736,3129 1792,3130 1848,3130 1905,3131 1961,3131 2017,3132 2073,3132 2129,3133 2186,3133 2242,3134 2298,3134 2354,3134 2410,3134 2467,3135 2523,3135 2579,3135 2635,3135 2691,3135 2748,3135"/>
                <TextEquiv>
                    <Unicode>Verfassung in Szene setzen zu können, sie glaubten eine</Unicode>
                </TextEquiv>
            </TextLine>
            <TextLine id="r3l58" custom="readingOrder {index:57;}">
                <Coords points="1608,3191 2750,3195 2688,3140 1608,3138"/>
                <Baseline points="1615,3180 1671,3180 1727,3180 1784,3180 1840,3180 1896,3180 1953,3180 2009,3181 2065,3181 2122,3182 2178,3182 2234,3182 2291,3183 2347,3183 2403,3183 2460,3183 2516,3183 2572,3183 2629,3183 2685,3182 2742,3181"/>
                <TextEquiv>
                    <Unicode>herrliche Machtprobe, vielleicht sogar hinter den Bajo¬</Unicode>
                </TextEquiv>
            </TextLine>
            <TextLine id="r3l59" custom="readingOrder {index:58;}">
                <Coords points="1609,3238 2726,3245 2745,3195 1609,3189"/>
                <Baseline points="1616,3227 1672,3227 1728,3227 1784,3228 1840,3228 1896,3229 1952,3229 2008,3229 2064,3230 2120,3230 2176,3230 2232,3231 2288,3231 2344,3231 2400,3231 2456,3232 2512,3232 2568,3232 2624,3232 2680,3231 2737,3231"/>
                <TextEquiv>
                    <Unicode>netten ihrer Garde, zu liefern, und sie haben sich als An¬</Unicode>
                </TextEquiv>
            </TextLine>
            <TextLine id="r3l60" custom="readingOrder {index:59;}">
                <Coords points="1607,3287 1993,3296 2076,3261 2224,3300 2749,3292 2749,3237 1608,3238"/>
                <Baseline points="1615,3276 1671,3276 1727,3276 1783,3276 1840,3277 1896,3277 1952,3277 2009,3277 2065,3278 2121,3278 2178,3278 2234,3279 2290,3279 2346,3279 2403,3280 2459,3280 2515,3280 2572,3281 2628,3281 2684,3282 2741,3282"/>
                <TextEquiv>
                    <Unicode>wälte des Schmutzes und der Sittenverderbnis, als</Unicode>
                </TextEquiv>
            </TextLine>
            <TextLine id="r3l61" custom="readingOrder {index:60;}">
                <Coords points="1610,3329 2747,3345 2747,3292 2704,3285 1610,3286"/>
                <Baseline points="1617,3324 1673,3324 1729,3324 1785,3324 1841,3324 1897,3324 1953,3324 2010,3325 2066,3325 2122,3326 2178,3327 2234,3327 2290,3328 2346,3329 2403,3329 2459,3330 2515,3330 2571,3330 2627,3331 2683,3331 2740,3330"/>
                <TextEquiv>
                    <Unicode>Stangenhalter des Auswurfes der Menschheit gezeigt.</Unicode>
                </TextEquiv>
            </TextLine>
            <TextLine id="r3l62" custom="readingOrder {index:61;}">
                <Coords points="1621,3390 2748,3392 2748,3344 2675,3336 1621,3334"/>
                <Baseline points="1628,3374 1683,3374 1739,3374 1794,3374 1850,3374 1906,3374 1961,3374 2017,3374 2072,3375 2128,3375 2184,3375 2239,3376 2295,3376 2350,3377 2406,3377 2462,3377 2517,3377 2573,3378 2628,3378 2684,3378 2740,3377"/>
                <TextEquiv>
                    <Unicode>Wie so abgefeimten Politikern eine Aktion so daneben</Unicode>
                </TextEquiv>
            </TextLine>
            <TextLine id="r3l63" custom="readingOrder {index:62;}">
                <Coords points="1619,3440 2746,3438 2746,3394 2578,3383 1619,3392"/>
                <Baseline points="1626,3424 1681,3423 1737,3423 1792,3423 1848,3422 1904,3422 1959,3422 2015,3423 2070,3423 2126,3423 2182,3424 2237,3424 2293,3425 2348,3425 2404,3426 2460,3426 2515,3427 2571,3428 2626,3428 2682,3429 2738,3429"/>
                <TextEquiv>
                    <Unicode>gelingen kann, ist geradezu unerfindlich. Wie sie so ganz</Unicode>
                </TextEquiv>
            </TextLine>
            <TextLine id="r3l64" custom="readingOrder {index:63;}">
                <Coords points="1623,3479 2741,3498 2709,3432 1623,3438"/>
                <Baseline points="1630,3471 1685,3471 1740,3471 1795,3471 1850,3471 1906,3471 1961,3472 2016,3472 2071,3472 2126,3472 2182,3472 2237,3473 2292,3473 2347,3473 2402,3474 2458,3474 2513,3474 2568,3475 2623,3475 2678,3475 2734,3476"/>
                <TextEquiv>
                    <Unicode>ergessen konnten, daß sie bei den nächsten Wahlen als die</Unicode>
                </TextEquiv>
            </TextLine>
            <TextLine id="r3l65" custom="readingOrder {index:64;}">
                <Coords points="1623,3531 2751,3545 2751,3496 2703,3477 1623,3479"/>
                <Baseline points="1630,3521 1685,3521 1741,3520 1797,3520 1852,3520 1908,3520 1964,3521 2019,3521 2075,3521 2131,3521 2187,3522 2242,3522 2298,3522 2354,3523 2409,3523 2465,3523 2521,3523 2576,3523 2632,3523 2688,3523 2744,3523"/>
                <TextEquiv>
                    <Unicode>Partei des „Reigens“ auftreten werden, ist rätselhaft.</Unicode>
                </TextEquiv>
            </TextLine>
            <TextLine id="r3l66" custom="readingOrder {index:65;}">
                <Coords points="1611,3581 2743,3583 2723,3534 1612,3531"/>
                <Baseline points="1618,3571 1673,3570 1729,3570 1785,3570 1841,3569 1897,3569 1953,3569 2008,3569 2064,3569 2120,3569 2176,3570 2232,3570 2288,3570 2344,3571 2399,3571 2455,3572 2511,3572 2567,3573 2623,3573 2679,3574 2735,3575"/>
                <TextEquiv>
                    <Unicode>Jedenfalls gehört die Debatte im Nationalrat zu den</Unicode>
                </TextEquiv>
            </TextLine>
            <TextLine id="r3l67" custom="readingOrder {index:66;}">
                <Coords points="1608,3642 2447,3625 2417,3576 1608,3582"/>
                <Baseline points="1615,3622 1656,3620 1697,3620 1738,3618 1779,3617 1821,3617 1862,3617 1903,3616 1944,3616 1985,3616 2027,3617 2068,3617 2109,3617 2150,3618 2191,3618 2233,3618 2274,3619 2315,3619 2356,3619 2397,3619 2439,3619"/>
                <TextEquiv>
                    <Unicode>größten Blamagen der Sozialdemokratie.</Unicode>
                </TextEquiv>
            </TextLine>
            <TextLine id="r3l68" custom="readingOrder {index:67;}">
                <Coords points="1699,3684 2749,3689 2749,3621 1700,3630"/>
                <Baseline points="1707,3672 1758,3672 1810,3672 1862,3673 1913,3673 1965,3673 2017,3674 2068,3674 2120,3674 2172,3675 2224,3675 2275,3676 2327,3676 2379,3677 2430,3677 2482,3678 2534,3678 2585,3679 2637,3679 2689,3679 2741,3680"/>
                <TextEquiv>
                    <Unicode>Ein anderer Umstand ist ebenfalls nicht ins rechte</Unicode>
                </TextEquiv>
            </TextLine>
            <TextLine id="r3l69" custom="readingOrder {index:68;}">
                <Coords points="1617,3734 2727,3744 2746,3687 1617,3674"/>
                <Baseline points="1625,3724 1680,3723 1736,3723 1791,3723 1847,3722 1903,3722 1958,3722 2014,3722 2070,3723 2125,3723 2181,3723 2237,3723 2292,3724 2348,3724 2404,3725 2459,3726 2515,3726 2571,3727 2626,3728 2682,3728 2738,3729"/>
                <TextEquiv>
                    <Unicode>Licht gerückt worden. Was bewog den Landeshauptmann,</Unicode>
                </TextEquiv>
            </TextLine>
            <TextLine id="r3l70" custom="readingOrder {index:69;}">
                <Coords points="1617,3779 2744,3792 2714,3734 1617,3733"/>
                <Baseline points="1625,3773 1680,3773 1736,3772 1791,3772 1847,3772 1903,3772 1958,3772 2014,3772 2069,3772 2125,3773 2181,3773 2236,3774 2292,3775 2347,3775 2403,3776 2459,3776 2514,3777 2570,3777 2625,3777 2681,3778 2737,3778"/>
                <TextEquiv>
                    <Unicode>trotz der Vorstellungen des Polizeipräsidenten, die Auf¬</Unicode>
                </TextEquiv>
            </TextLine>
            <TextLine id="r3l71" custom="readingOrder {index:70;}">
                <Coords points="1623,3831 2737,3835 2737,3790 2646,3780 1623,3779"/>
                <Baseline points="1631,3822 1688,3821 1746,3821 1804,3821 1862,3821 1920,3821 1978,3821 2035,3821 2093,3822 2151,3822 2209,3822 2267,3823 2325,3823 2382,3823 2440,3824 2498,3824 2556,3825 2614,3825 2672,3825 2730,3825"/>
                <TextEquiv>
                    <Unicode>führung des „Reigens“ zu gestatten? Hat der alte Mann</Unicode>
                </TextEquiv>
            </TextLine>
            <TextLine id="r3l72" custom="readingOrder {index:71;}">
                <Coords points="1986,3840 2012,3846 2017,3827 2016,3826 2009,3825 2008,3823 2005,3824 1991,3820"/>
                <Baseline points="1994,3837 2007,3840"/>
                <TextEquiv>
                    <Unicode>„</Unicode>
                </TextEquiv>
            </TextLine>
            <TextLine id="r3l73" custom="readingOrder {index:72;}">
                <Coords points="1619,3887 2748,3894 2748,3832 1620,3830"/>
                <Baseline points="1627,3870 1682,3869 1738,3869 1793,3869 1849,3869 1905,3869 1960,3869 2016,3869 2072,3870 2127,3870 2183,3870 2239,3871 2294,3871 2350,3872 2406,3872 2461,3873 2517,3874 2573,3874 2628,3874 2684,3875 2740,3875"/>
                <TextEquiv>
                    <Unicode>so wenig Schamgefühl, oder so wenig Urteilskraft, daß</Unicode>
                </TextEquiv>
            </TextLine>
            <TextLine id="r3l74" custom="readingOrder {index:73;}">
                <Coords points="1608,3926 2739,3940 2748,3893 1608,3881"/>
                <Baseline points="1615,3919 1671,3918 1727,3918 1783,3918 1840,3918 1896,3918 1952,3918 2008,3918 2065,3918 2121,3919 2177,3919 2233,3920 2290,3920 2346,3921 2402,3921 2458,3922 2515,3922 2571,3922 2627,3923 2683,3923 2740,3923"/>
                <TextEquiv>
                    <Unicode>er den „Reigen“ auf der Bühne für möglich hält? Wir</Unicode>
                </TextEquiv>
            </TextLine>
            <TextLine id="r3l75" custom="readingOrder {index:74;}">
                <Coords points="1614,3981 2705,3988 2736,3937 1614,3923"/>
                <Baseline points="1622,3969 1677,3968 1732,3967 1787,3967 1843,3967 1898,3966 1953,3967 2009,3967 2064,3967 2119,3967 2175,3968 2230,3968 2285,3969 2340,3970 2396,3970 2451,3971 2506,3972 2562,3972 2617,3973 2672,3974 2728,3974"/>
                <TextEquiv>
                    <Unicode>fragen jetzt nicht, was ihn zu der Aeußerung bewog:</Unicode>
                </TextEquiv>
            </TextLine>
            <TextLine id="r3l76" custom="readingOrder {index:75;}">
                <Coords points="1616,4042 2735,4046 2735,3980 1617,3977"/>
                <Baseline points="1624,4021 1679,4020 1734,4020 1789,4019 1844,4019 1900,4019 1955,4019 2010,4019 2065,4019 2120,4019 2176,4020 2231,4020 2286,4021 2341,4022 2396,4022 2452,4023 2507,4024 2562,4024 2617,4025 2672,4026 2728,4026"/>
                <TextEquiv>
                    <Unicode>„Kein Skandal der Welt wird mich dazu bringen, daß ich</Unicode>
                </TextEquiv>
            </TextLine>
            <TextEquiv>
                <Unicode>Schlderes explosionsungluck in
Düsseldorf.
Zehn Menschen getötet.
TK. Düsseldorf, 14. Februar. Die Feuerwerk¬
körperfabrik Blumberg &amp; Co. in Leich¬
lingen (Bezirk Solingen) ist infolge einer Explosion in
die Luft geflogen.
Der Direktor und neun Arbeite¬
rinnen wurden getötet, mehrere Arbeiterinnen
schwer und viele leicht verletzt. Die Explosion erfolgte
turz vor Arbeitsschluß aus bisher unaufgeklärten Gründen.
Hinter den Kulissen der
„Reigen =Schutzer. 118
Von Karl Paumgartten.
Die Sozialdemokraten hatten den National¬
rat mit ihrer dringlichen Anfrage wegen des „Reigen“¬
Verbotes überrumpelt und, damit diese nur ja nicht zu
einer argumentierenden Debatte werden konnte,
ihren Pathologiker als ersten ins Treffen geschickt. Sie
wußten, daß gerade bei dieser Affäre die Logik und Sach¬
lichkeit möglichst ausgeschaltet werden mußten. Darum
sorgte Leuthner für die nötige Erregung, die dann durch
wischenrufe und Fäustegetrommel auf der Höhe erhalten
wurde. Der Radau gelang. Die Versammlung wurde
nervös. Zwar leistete Dr. Glanz im Ruhig= und Sachlich¬
bleiben geradezu Bewundernswertes, zwar beherrschten
sich die christlichsozialen Abgeordneten in einer Weise, die
angesichts der unerhörten Aufstachelungen der Sozial¬
demokraten vollstes Lob verdient, aber das Manöver er¬
reichte doch seinen Zweck: es hemmte die Entfaltung der
Argumente zu voller Schärfe und Wucht.
In ihrer Verstocktheit aber übersahen die Sozial¬
demokraten, daß sie sich in diesem Kampfe eine Blöße
nach der anderen geben mußten. Der Dreh, mit dem
die Schweinerei zum Streit um die Verfassung (wer lacht
da nicht?) gemacht werden sollte, war höchst ungeschickt.
Er mißlang auch. Seitz und seine Genossen merkten aber
nicht, daß die Komödie schief ging. Wie wollen sie dem
einfachen Mann begreiflich machen, daß sie aus Liebe zur
Verfassung für das ordinärste Bordellstück eintraten?
Und sie haben sich vor der ganzen Welt schamlos als die
Anwälte der Pornographie hingestellt! Sie sind für das
Vergnügen der Schieber und Wucherer aufgestanden
gegen die primitivste Sittlichkeit. Sie, die Vertreter des
arbeitenden Volles, ereiferten sich für das Recht
der Drohnen und Ausbeuter; sie, die deutsche Frauen und
Kinder vertreten, erhitzen sich für den Lüsternheitskitzel
ingedrungener Asiaten! Der einfache Mensch begreift
diese Verteidigung der Bordellkunst nicht. Jeder halbiregs
ittlich fühlende Mensch wendet sich mit Abscheu von der
Zotenreißerei in der Rotenturmstraße — wer diese Zoten¬
reißerei verteidigt, der muß von jedem anständigen
Menschen denselben Abscheu erwarten. Der muß
auch darauf gefaßt sein, daß seine Stellungnahme auf
ihre Gründe untersucht wird. Das haben die Herren
übersehen. Sie glaubten vielleicht einen Kampf für die
Verfassung in Szene setzen zu können, sie glaubten eine
herrliche Machtprobe, vielleicht sogar hinter den Bajo¬
netten ihrer Garde, zu liefern, und sie haben sich als An¬
wälte des Schmutzes und der Sittenverderbnis, als
Stangenhalter des Auswurfes der Menschheit gezeigt.
Wie so abgefeimten Politikern eine Aktion so daneben
gelingen kann, ist geradezu unerfindlich. Wie sie so ganz
ergessen konnten, daß sie bei den nächsten Wahlen als die
Partei des „Reigens“ auftreten werden, ist rätselhaft.
Jedenfalls gehört die Debatte im Nationalrat zu den
größten Blamagen der Sozialdemokratie.
Ein anderer Umstand ist ebenfalls nicht ins rechte
Licht gerückt worden. Was bewog den Landeshauptmann,
trotz der Vorstellungen des Polizeipräsidenten, die Auf¬
führung des „Reigens“ zu gestatten? Hat der alte Mann
„
so wenig Schamgefühl, oder so wenig Urteilskraft, daß
er den „Reigen“ auf der Bühne für möglich hält? Wir
fragen jetzt nicht, was ihn zu der Aeußerung bewog:
„Kein Skandal der Welt wird mich dazu bringen, daß ich</Unicode>
            </TextEquiv>
        </TextRegion>
    </Page>
</PcGts>
