3336 4352
875 157 1295 249 box 17/6
193 165 682 267 11. Reigen
887 676 1338 757 Arbeiter-Zeitung
705 784 1683 845 Ruhe trat erst wieder ein, als Seitz das Wort
585 843 1688 886 ergriff. Mit unübertrefflicher Klarheit und unentrinn¬
592 887 1691 943 barer Logik stellte Seitz den Verfassungsbruch des
608 932 1688 999 Ministers fest. Wahrhaft vernichtend war in aller
599 982 1688 1037 Feinheit der Spott, mit dem er die ästhetisch=ethischen
587 1029 1690 1079 Plattheiten der Glanzschen Rede abtat. Und der ge¬
599 1075 1685 1127 bietende Ernst der Worte, in denen Seitz die Entschlessen¬
596 1127 1683 1180 heit des Proletariats, die Autonomie Wiens vor jeder
586 1170 1685 1223 Antastung zu schützen, aussprach, schlug selbst die
607 1220 1687 1279 Gegner in Bann. Die Debatte war nach dem durch
597 1268 1688 1336 die Ungeschliffenheit des Ministers verschuldeten
592 1316 1685 1366 Zwischenfall auf die Höhe sachlicher Erörterung und
594 1365 1689 1416 des sich in ihr ausrir genden politischen Gegensatzes
609 1414 1689 1472 urückgeführt. Da gelung es Herrn Dinghoser, durch
600 1459 1689 1507 eine Taktlosigkeit und Parteilichkeit ohnegleichen die
601 1509 1682 1570 Würde des Hauses und des Präsidiums zugleich zu
596 1568 1685 1617 verletzen. Auf eine ihm von christlichsozialer
599 1599 1594 1654 Seite zukommende Anregung“ hin, die
1595 1609 1683 1661 man
592 1653 1682 1706 nach ihrer Wirkung besser Befehl nennen mag, erkühnte
592 1700 1678 1753 er sich, Seitz den Ordnungsruf zu erteilen, weil dieser
596 1745 1695 1802 dargetan hatte, daß Glanz für seinen Ministerposten
595 1837 1679 1900 nicht zulässig sein sollte, die geistige Unzulänglichkeit
596 1895 1689 1947 eines Ministers für die Führung seines Amtes fest¬
597 1933 1681 2004 zustellen, hört jede Möglichkeit parlamentarischer Kritik,
591 1984 1587 2051 ja der parlamentarischen Debatte überhaupt auf.
705 2030 1693 2090 Der Ordnungsruf des Herrn Dinghoser ist so
596 2083 1683 2134 unsinnig, daß es einsach töricht wäre, ihn mit dem
596 2130 1688 2195 Inhalt der Worte Seitz' in Beziehung zu bringen.
597 2159 1679 2228 Den sozialdemokratischen Präsidenten wollten die
591 2224 1684 2282 Christlichsozialen mit dem Ordnungsruf treffen und
588 2275 1682 2337 Dinghofer hat gehorsam die Erfüllung des schnöden
588 2321 1679 2370 Verlangens apportiert. Er vollendete seine Parteilich¬
593 2370 1682 2430 keit, die die sittliche Befähigung des Mannes zur
596 2413 1681 2467 Wärde eines Vorsitzenden zu bezweifeln gestattet,
578 2452 1693 2523 idem er trotz des ausdrücklichen Verlangens
593 2512 1687 2568 Bauers sich weigerte, dem Minister Glanz emen
86 2446 346 2586 und ihr
590 2558 1681 2616 Ordnungsruf zu erteilen, obwohl dieser eine ganze
61 2566 383 2647 Nationalrat.
603 2605 1691 2657 Partei des Hauses dreist beleidigt hatte. Ja, obschon
52 2631 561 2712 n hat das klerikale Diktat
590 2653 1689 2704 Dinghofer gestand, die Aeußerung Glanz' nicht gehört
33 2690 563 2759 em Erlaß an den Wiener
597 2701 1683 2756 zu haben, ließ er sich dennoch mit offenbarer Vere
35 2747 543 2814 AAufführung des „Reigen“
597 2742 1686 2802 letzung seiner Pflicht nicht einmal das Protokoll zur
65 2795 562 2855 Kraft gesetzt und die
607 2797 1680 2847 Feststellung des Wortlauts übergeben. Man hat Herrn
42 2841 551 2903 n. Dieser Vorstoß der
591 2846 1685 2905 Dinghofer bisher stets sehr gut behandelt; es ist nach
41 2885 553 2952 gen die Landesautonomie
596 2894 1692 2955 seinem heutigen Benehmen offenkundig, daß er einer
50 2934 493 3000 t seinen Widerhall
599 2938 1420 3010 ganz anderen Behandlung würdig wäre.
50 2980 549 3047 die durch die dring¬
53 3020 529 3093 edneten Leuthner un
802 3016 1491 3094 Die Debatte im Nationalrat.
708 3084 1684 3150 Im Verlauf der Sitzung des Nationalrates am Freitag
114 3126 563 3194 Aber diese Sturm¬
597 3132 1689 3197 Überreichten die Abgeordneien Venthuer (Soz) und Ge¬
58 3153 532 3244 eiten steigerten, haben —
600 3188 1233 3244 nossen folgende dringliche Aaftage:
54 3222 558 3282 beiont werden — ihre
744 3227 1679 3282 Die Bundesiegierung hat die Aufführung des be¬
624 3256 1685 3328 kannten Theauerstückes „Reigen“ in Wien verboten. Dieses Ver¬
60 3264 561 3333 aus der Stimmung des
644 3312 1666 3363 bot stellt elnen verfafsungswidrigen Eingrif
51 3318 560 3384 höchsten Grade würdelosen
638 3343 1640 3391 der Bundesregierung in die Rechte d
55 3361 560 3430 ngezogenen Benehmen des
624 3388 1686 3442 Landes Wien dar, da zur Ausübung der Theater¬
83 3414 553 3478 dem rechten Uebereiser
638 3425 1687 3473 genfur in Wien ausschließlich der Landeshaupfmann von
642 3466 1675 3512 Wien befugt ist. Das Verbot beweist, daß der Regierung das
52 3463 564 3528 hsozialen die Dreistigkeit
646 3505 1688 3546 Ditrat der Kleritalen höher steht als die Bestimmungen der
41 3505 554 3572 ewußte Dreistigkeit seiner
637 3543 1680 3601 Verfassung. Es wird die Frage gestellt, ob der Minister für
50 3556 559 3615 bgeordnete Leuthner
637 3583 1679 3638 Innexes den verfassungswidrigen Erlaß über das Verbot
55 3603 567 3672 dete, ging die Bewegung
638 3617 1598 3686 der Aufführung des „Reigen“ sofort zurückziehen wolle.
64 3651 557 3721 natürlichen Aeußerungen
705 3657 1526 3735 Die Anfrage gelangte sofort zur Verhandlung.
49 3701 567 3756 ken Widerspruches hinaus.
968 3709 1334 3778 Leuthner (Soz.)
50 3745 561 3812 in der Schärfe des Aus¬
600 3753 1688 3829 [öhrt aus, er wolle sich durchaus nicht in eine Diskussion über
57 3794 560 3860 rakterbild des Ministers
605 3824 1680 3867 sthetische oder eihische Fragen einlassen und gar nicht fragen,
53 3847 553 3907 Entschiedenheit der Worte,
602 3860 1681 3901 was der „Reigen“ künstierisch und ethisch bedeute. Wollte man
603 3893 1679 3941 die Frage beurteilen, was der „Reigen“ künstierisch oder ethisch
56 3897 556 3954 plitik der Christlichsozialen,
595 3932 1679 3979 bedeute, so würde sich herausstellen, daß Stücke wie der
63 3934 558 4004 andesanarchie just das
615 3970 1686 4017 Reigen“ in zahlreichen Fällen aufgeführt werden (Ruse bei
55 3984 553 4046 er Willkür verfassungs¬
599 4010 1680 4053 den Cyristlichsozialen: Wo deun ?), ohne irgend einen Anstoß
39 4027 564 4096 n zu wollen, kennzeichnete,
603 4045 1682 4093 bei srommen Gemülern zu erregen, wie beispielsweise Stücke
601 4085 1680 4129 im Josefstädter Theater, die sich vom Reigen“ dadurch unter¬
53 4084 558 4146 sen. Doch weder während
594 4127 1682 4170 scheiden, daß ihnen die letzte Spur lünstlerischer Absicht fehlt.
57 4122 488 4200 eriten Teiles der Rede
1838 672 2255 761 12. Februar 1921
2580 677 2768 754 Nr. 49
1731 787 2805 844 verdienen will, die mun ihm erwiesen hat, und von de#
1734 833 2801 883 Gesühl er üllt ist, daß er nur deshalb Minister wurde, weil#
1739 868 2805 915 trotz seiner inneren Unfähigkeit und seiner geringen Leistunen
1734 913 2819 955 auf diese Stelle entsenbet wurde, um den Christlichsozigen
1730 936 2803 1014 Gefälligkeiten zu erweisen und sich als der Botenträger der
1733 980 2240 1043 Christlichsozialen zu beiähtigen.
1848 1016 2807 1078 Dr. Baner: Und als Kandidat für den Landesamte
1734 1047 2152 1112 direktor von Steiermark
1841 1100 2817 1153 Leuthner: Das ist sein Charakierbild. Wir wissen wohl,
1736 1141 2815 1184 daß die Bundesverfassung mit Absicht gegenüber Wien ge¬
1727 1178 2816 1242 brechen wurde, daß man sich gegenüber dem Landeshauptmann
1733 1212 1902 1264 von Wien
1747 1244 2798 1326 mit Absicht über die Grenzen des Gesetzes hinwegsent.
1840 1316 2808 1370 Wenn wir die Beispiele Rintelen und Neumann gegen¬
1729 1359 2817 1401 einanderhalten, so sehen wir ein System. Die Christlichsozialen
1728 1397 2807 1440 haben eine Bundeeverfassung geschaffen, durch die; sie die
1731 1434 2813 1482 Staatseinheit auf das schlimmste gejährdeten und die Länder
1730 1463 2811 1516 zur vollkommenen Selbständigkeit erhoben haben. Die Wirtlich¬
1737 1511 2805 1557 eit unserer Bundesverfassung ist nicht ihr Buchttade, sondern
1758 1550 2810 1597 chrankenlose Anarchle, das Sichausleben der
1728 1585 2807 1631 Landeshauptleute bald in der Orgesch, bald in einer anderen
1735 1627 2807 1669 Richtung. Wir leben von einem Landeshauptmanmkandal zum
1737 1673 2816 1712 anderen. (Lachen bei den Christlichsozialen.) Aber dagegen wird
1737 1737 2743 1787 hr die Verfassung das Recht des Eingreisens zubilligte,
2774 1749 2822 1791 a
1740 1785 2811 1830 elbst dann nicht, wenn das Gesetz ihr die Pflicht zuschried¬
1727 1819 2806 1860 oder wenn sogar internationale Verwicklungen daraus ent¬
1730 1851 2805 1898 stünden, weil wir nicht eine Regierung haben, die aus führen¬
1727 1895 2577 1955 den Männern der christlichsozialen Partei besteht,
2027 1934 2508 2008 diese waren zu feig dazu,
1734 1962 2811 2032 sich an die Spitze zu siellen und die Verantwortung für ihre
1728 2030 2803 2073 Handlungen zu überneumen. (Lebhafter Beifall bei den Sozial¬
1730 2065 2804 2113 demottaren.) Wenn Hert Dr. Seipel es vorzöge, statt hier aus
1727 2097 2800 2148 den Wandelhallen heraus zu regieren, sich an die Spitze des
1746 2141 2815 2184 Staates zu stellen, dann würde er mit der Autorität seiner
1740 2178 2801 2233 artei und des Barteiführers imstände sein, die Ausschreitungen
1739 2223 2808 2281 er Landeshauptleute einzudämmen. Wenn aber an der Spitze
1724 2252 2808 2304 der Reuierung die Beauftragten, die Bedienten, die Lataien
1728 2294 2815 2338 einer Partei stehen, die erzittern müssen, nicht nur vor den
1737 2329 2818 2384 Seiper und Kunschak, sondern vor jedem christlichsozialen
1736 2373 2813 2414 Landeshaupmann, dunn hört jedes Regieren auf, dann ver¬
1731 2406 2805 2455 wandelt sich das Regusen in ein bloßes System von Gefällig¬
1728 2448 2803 2496 keiten gegegüder der christlich ozialen Partei und Brutalt¬
1971 2485 2808 2535 d Ueberschreitungen gegenüber
1734 2483 1895 2530 äten
1728 2522 2800 2570 dem einzigen Lande, das nicht christlich¬
1723 2557 2804 2605 sozialverwaltetwir d. Aber der Versuch, die Bundes¬
1734 2595 2816 2648 verfassung, die Sie selbst. im Sinne der Allgewalt der Länder
1730 2634 2802 2683 geschaffen haben, dort, wo sie Ihren Parteiinteressen wider¬
1724 2678 2807 2722 spricht, nach Ihren Wünschen umzudeuten, der wird Ihnen
1879 2711 2804 2763 lingen. (Lebhafter Beifall bei den Sozialdemokraten.)
1916 2755 2607 2853 Die Antwort des Ministers.
1841 2826 2813 2890 Minister Dr. Glanz: Schon vor Zulassung der Auf¬
2166 2887 2802 2933 die durch den Magistrat in seiner
1730 2865 2145 2940 führung des „Reigen“
1729 2915 2804 2966 Eigenschaft als polnische Landeestelle erfolgt ist, hat der Polizei¬
1722 2958 2801 3008 präsident beim Bürgermeister von Wien auf die schweren Be¬
1730 2995 2812 3045 denten gegen die Aufführung dieses Bähnenwerkes aufmerksam
1733 3039 2812 3086 gemacht. Der Magisiral als polstische Landesdehorde hat jedoch
1737 3074 2808 3119 essenungeachtet nach Anhörung des Zensurdelrates mit dem
1735 3118 2807 3172 Bescheid vom 12. Jänner d. J. die Aufführung zugelassen.
1728 3147 2807 3201 Die Anfführung des Stückes gab alsbald zu lebhaften
1721 3191 2455 3251 Erörterungen in der Oeffentlichkeit Anlaß.
1847 3228 2307 3286 Pick: In der „Reichopost“
1815 3242 2818 3329 Dr. Glanz: Hiebet sprach sich die weit überwiegende
1719 3289 2337 3355 Mehrzahl der öffentluhen Stimmen
1844 3327 2813 3394 Seitz: Wo haben Sie das gezählt! Weisen Sie uns
1726 3383 1900 3443 das nach
2134 3387 2809 3464 dahin aus, daß die Aufführung ihrem
1836 3399 2134 3474 Dr. Glanz:
1735 3444 2808 3528 esamten Eindruck nach eine alge Verletzung der öffentlichen
1734 3497 2046 3550 Sütlichkeit bebeute.
1841 3525 2381 3580 Seiy: Woher wissen Sie das*#
1845 3563 2803 3622 Witzany: Die christlichsozialen Abgeordneten haben sich
1726 3598 2802 3662 die Füße wundgelaufen, damit sie Karten bekommen! (Wider¬
1730 3653 2288 3719 pruch bei den Christlichsozialen.)
1843 3677 2814 3738 Dr. Glanz: Wenn man Argumente bekämpfen will,
1720 3727 2812 3772 muß man sie horen. (Fortgesetzte ledhaste Zwischenrufe bei den
1733 3769 2044 3837 Soztaldemolraten.)
1843 3767 2806 3865 Sein: Sie haben dis jetzt nur über ästhetische Meinungen
1731 3832 2752 3891 geredet, aber kein einziges gesetzliches Atgument vorgebracht.
1828 3869 2798 3924 Dr. Maiaja: Der Heir Präsident als Krawallmacher
1836 3909 2804 3971 Dr. Bauer: Ein solcher Schreier wie der Derr Mataja
1728 3948 2807 4000 wagt es, hier so zu sprechen. (Ruse bei den Soztaldemolruten:
1733 3989 2763 4062 Bräsident Seitz hat das Recht, hier zu sprechen so wie Sie !)
1830 4023 2794 4084 Dr. Glanz: Ich wendete mich daher in einem Schreiben
1721 4059 2801 4115 an den Bürgermeister, nicht etwa um die Verantwortung auf
1729 4099 2795 4158 ihn abzuwälzen, sondern weil ich es für ein Gebol der
2325 4133 2787 4178 K
