3436 4384
1067 212 1472 305 box 17/2
548 221 868 316 Reigen
699 1218 1476 1336 Dr. Max Goldschmidt
777 1336 1407 1417 „ „ Bureau für
845 1402 1324 1488 Zeitungsausschnitte
598 1463 1565 1547 verbunden mit direktem Nachrichtendienst durch
844 1522 1322 1588 eisene Korrespendenten.
1135 1573 1502 1648 Telephon: III, 3051.
657 1590 976 1666 Berlin N. 24.
602 1626 1580 1698 —
885 1692 1295 1779 Ausschnitt aus
702 1838 1470 1944 Fränkischer Courier. Nürnberg
1177 2144 1489 2250 TAAEZ. 1903
617 2233 1540 2338 Bz. München, 6. Dez. Zur Angelegenheit der
555 2295 1535 2380 Auflösung des Akademisch=Dramati
557 2350 1543 2434 schen Vereins kann noch berichtet werden, daf
556 2395 1544 2481 die Mitglieder des Senats der Universität vollzählig
554 2457 1547 2532 zu der betreffenden Sitzung erschienen waren
562 2499 1551 2576 Schnitten Einsicht aufgelegt
628 2568 662 2611 7
570 2546 1556 2627 Eist Tialog wurde vorgelesen. Man ersah, daß es
561 2591 1546 2679 sich lediglich um eine Verherrlichung un
559 2636 1546 2718 naturalistische Schilderung der intimsten geschlecht
564 2693 1540 2776 lichen Beziehungen handelte. Es ist wohl überleg
565 2745 1550 2821 worden, ob eine Verwarnung genügen könne; Dies
567 2804 1542 2874 wurde aber für unpraktisch gehalten, da der Sena
566 2837 1545 2920 den Erfolg solcher Verwarnung nicht kontroliren un
557 2885 1554 2966 etwa die Aufführungen des Vereins überwacher
556 2935 1547 3022 rassen kann. Er hat nicht nur im Interesse der Dis¬
565 2981 1538 3062 ziplin, sondern auch gegenüber den Eltern der Stu¬
560 3043 1552 3101 denten eine Verantwortung. Ueberdieß zeigte sich,
564 3080 1549 3161 daß die Vorstandschaft des Vereins nur in der Min¬
563 3124 1557 3205 verzahl aus Universitätsstudenten bestand, somit die
562 3174 1554 3245 Bezeichnung „Akademischer Verein“ nicht richtig war.
558 3216 1578 3316 Der in Bildung begriffene „Neue Verein“ wird Dem¬
561 3293 1372 3362 gemäß eine andere Verfassung annehmen.
2202 1130 2991 1235 Dr. Max Goldschmidt
2291 1218 2915 1308 „ „ „ Bureau für  .
2355 1290 2824 1371 Zeitungsausschnitte
2106 1355 3077 1422 verbunden mit direktem Nachrichtendienst durch
2346 1417 2818 1484 eigene Korrespondenten.
2155 1460 2469 1538 Berlin N. 24.
2642 1471 3013 1548 Telephon: III, 3051.
2168 1527 3088 1598 —
2387 1586 2783 1664 Ausschnitt aus
2319 1617 2959 1758 Vossische Zeitung, Berin
2611 1857 2927 1970 8 S DEZ 1903
2015 1975 3064 2050 n München wird durch einen Disziplinarbeschluß des
1929 2042 3058 2086 akademischen Senats, der den Akademisch=Dramatischen Verein
1937 2080 3065 2133 (einen Studentenverein, der im Stile der Freien Bühne wirkte)
1941 2121 3061 2172 auflöst, viel Staub aufgewirbelt. Unmittelbaren Anlaß zum „Ver¬
1926 2156 3068 2200 bot“ des genannten Vereins (diesen merkwürdigen Ausdruck gebraucht
1927 2191 3051 2240 der vom Rektor Dr. Kuhn unterzeichnete Disziplinarbeschluß
1924 2234 2828 2293 gab die Aufführung einiger Dialoge aus Schmaler
2882 2237 3053 2291 Reigen“
1929 2248 3067 2322 die der Akad.=Dramat. Verein ins Werk gesetzt hmA
1932 2310 3057 2365 seinerzeit bereits der Ansicht Ausdruck gegeben, daß Schnitzler
1933 2351 3055 2408 besser getan hätte, diese erotisch=satirischen Kunstlerstudien in seiner
1933 2387 3062 2433 Mappe zu lassen anstatt sie der Offentlichkeit zu über¬
1921 2431 3053 2480 geben, in der sie einen einseitig zynischen Eindruck
1939 2454 2723 2510 nachen müssen. Die Aufführung war
2784 2462 3061 2517 jedenfalls eine
1925 2500 3047 2550 Geschmacksverirrung und ein Fehlschritt im akademischen Sinne
1927 2540 3054 2596 und hätte sich der akademische Senat damit begnügt, diesen Schritt
1925 2580 3065 2627 vom Wege ernst zu rügen, so wäre die väterliche Mahnung der
1933 2622 3051 2665 akademischen Lehrer wohl allseitig anerkannt werden. Aber das
1921 2659 3061 2712 sofortige „Verbot“ des Vereins und seiner Wirksamkeit in Bausch
1923 2700 3061 2751 und Bogen schmeckt stark nach Lex Heinze, zumal es sich
1926 2736 3063 2792 doch um das minderwertige Werk eines Dichters handelt.
1935 2774 3064 2820 Zudem ist die Begründung des Verbots eine sehr unglückliche.
1936 2815 3061 2866 Zeitungsausschnitte werden vorangestellt und erst daran reiht sich
1937 2860 3061 2906 der Ausdruck der eigenen Kenntnis und Meinung, die offenbar
1930 2892 3061 2941 fehlten, als die Aufführung am schwarzen Brett angekündigt war
1921 2936 2970 2999 und unbeanstandet blieb. Ein sehr unglücklicher Satz
1929 2968 2947 3018 Erlasses lautet: „Des weiteren wurde mitgeteilt,
2991 2971 3063 3021 daß
1922 2997 2949 3055 die vom Verein veranstalteten Vorführungen schon
1929 3045 2993 3103 einiger Zeit Anlaß zu Bedenken gegeben haben.“ Läßt sich
3007 3051 3057 3096 die
1922 3082 2864 3132 akademische Behörde dergleichen „mitteilen", hat
2983 3087 3060 3136 kein
2880 3077 2976 3142 sie
1926 3124 2993 3176 Auge für das, was unter ihren Augen geschieht, muß
3024 3129 3070 3174 ie
1924 3160 2964 3208 sich „Bedenken“ suggerieren lassen? Übrigens soll es
1926 3198 3051 3263 um Ibsen=Aufführungen handeln, deren Veranstaltung durh
1925 3238 3030 3287 Studenten doch kein akademisches Vergehen ist. Weiter wir
1930 3279 3039 3332 gerügt, daß Nichtstudenten bei den Aufführungen mitgetan haber
1927 3319 3038 3362 Dabei soll es sich um die Mitwirkung der darstellenden Künstle
1925 3357 2999 3403 (zum Teil bayerische Hofschauspieler) handeln. Dies hinterher
1931 3402 3062 3467 rügen, macht einen hilflosen Eindruck. Das war ja mit
1920 3432 2471 3498 Unternehmen von selbst gegeben
