3392 4352
306 128 440 202 11.
1017 118 1416 209 box 17/3
503 129 818 219 Reigen
528 1097 1300 1217 Dr. Max Goldschmidt
588 1195 1217 1287 „ „ „ Bureau für
658 1259 1146 1349 Zeitungsausschnitte
423 1333 1382 1408 verbunden mit direktem Nachrichtendienst durch
658 1385 1141 1457 eisene Korrespondenten.
461 1439 787 1514 Berlin N. 24.
943 1457 1311 1531 Telephon: III, 3051.
523 1501 1382 1587 —
691 1550 1087 1641 Ausschnitt aus
865 1901 1183 2000 Hemia, Prag
1012 2171 1346 2259 D# H#kade
510 2252 1336 2298 ** Hermann Bahr wurde vorgestern vom
435 2281 1334 2363 Ministerpräsidenten in der Angelegenheit der ver¬
428 2340 1324 2402 Stenen Vorlesung von Schnitzlers „Reigen
436 2372 1336 2438 ehpfangen. Er berief sich dar  Stück
429 2417 1345 2475 in München ungehindert zur Aufführung gelangt
439 2462 1342 2526 sei und eine dramatische Darstellung doch immer
416 2506 1339 2570 „Ael stärker als eine bloße Vorlesung wirke. Ferner
444 2546 1338 2604 führte er an, der „Reigen“ sei in 10.000 Exem¬
430 2584 1346 2660 plaren verbreitet und es sei unwahrscheinlich, daß
433 2640 1349 2689 irgend jemand der Vorlesung beiwohnen würde,
440 2667 1346 2732 der das Werk nicht ohnehin schon aus der Lektüre
434 2712 1335 2773 kenne. Endlich sprach er seine Verwunderung
447 2755 1343 2823 darüber aus, daß die Zensur unliterarischen Werken
444 2797 1337 2870 gegenüber sehr nachsichtig sei, gegen Werke von
448 2835 1344 2902 ausgesprochen literarischem Charakter jedoch sogleich
442 2878 1345 2946 sehr streng werde. Der Ministerpräsident äußerte
436 2920 1344 2994 sich über die literarische Tätigkeit Schnitzlers sehr
441 2963 1354 3027 anerkennend, bemerkte, daß Verschiedenheiten in
443 3006 1354 3070 der Beurteilung desselben Werkes an verschie¬
439 3041 1350 3112 denen Orten unvermeidlich seien; berief sich
448 3098 1356 3155 darauf, daß ja auch umgekehrt Werke, die bei uns
440 3142 1358 3206 erlaubt seien, in Deutschland verboten sind, und
445 3173 1352 3240 erklärte zum Schlusse Herrn Bahr, daß er ihm
442 3218 1360 3279 nur wenig Hoffnung auf die Freigebung des
441 3257 1357 3324 Werkes für eine ösfentliche Vorlesung machen
449 3300 1359 3364 könne. — Herr Bahr hat bereits gegen das Ver¬
438 3331 1366 3416 bots der Vorlesung den Rekurs an die Statthal“
433 3396 717 3470 teri ergriffen.
1868 1251 2650 1369 Dr. Max Goldschmidt
1930 1352 2567 1434 „ „ . Bureau für .
2001 1422 2488 1503 Zeitungsausschnitte
1758 1485 2728 1572 verbunden mit direktem Nachrichtendienst durch
2007 1544 2487 1610 eigene Korrespondenten.
1809 1590 2135 1667 Berlin N. 24.
2305 1602 2660 1685 Telephon: III, 3051.
1791 1652 2733 1718 —
2037 1707 2432 1792 Ausschnitt aus
1980 1926 2528 2031 Prager Tagblatt, Prag
2399 2302 2720 2412 32 00K /903
1875 2402 2718 2457 1— Das Verbot der „Reigen“=Vor¬
1773 2448 2717 2516 lesung. Hermann Bahr wurde vorgestern vom
1765 2495 2727 2566 Ministerpräsidenten in der Angelegenheit der verbotenen
1775 2547 2724 2621 Vorlesung von Schnitzlers „Reigen“ empfangen. Er be¬
2374 2587 2405 2625 8
1763 2583 2711 2661 rief sich darauf, daß das Stua in München ungehin¬
1784 2640 2707 2712 dert zut Aufführung gelangt sei und daß der „Reigen“
1772 2690 2721 2757 in 10.000 Exemplaren verbreitet sei. Endlich sprach er
1778 2738 2724 2806 seine Verwunderung darüber aus, daß die Zensur
1769 2790 2721 2845 unliterarischen Werken gegenüber sehr nachsichtig sei,
1768 2842 2717 2891 gegen Werke von ausgesprochen literarischem Charakter
1772 2889 2711 2949 jesoch sogleich sehr streng werde. Der Ministerpräsident
1768 2927 2720 3004 außerte sich über die literarische Tätigkeit Schnitzlers
1782 2976 2707 3044 ehr anerkennend, bemerkte, daß Verschiedenheiten in
1772 3030 2715 3094 der Beurteilung desselben Werkes an verschiedenen
1776 3081 2718 3127 Orten unvermeidlich seien und erklärte zum Schlusse
1774 3126 2716 3197 Herrn Bahr, daß er ihm nur wenig Hoffnung auf
1777 3179 2703 3232 die Freigebung des Werkes für eine öffentliche Vor¬
1775 3219 2700 3288 lesung machen könne. Herr Bahr hat gegen das Verbot
1760 3279 2492 3351 den Rekurs an die Statthalterei ergriffen.
