<?xml version="1.0" encoding="UTF-8" standalone="yes"?>
<PcGts xmlns="http://schema.primaresearch.org/PAGE/gts/pagecontent/2013-07-15" xmlns:xsi="http://www.w3.org/2001/XMLSchema-instance" xsi:schemaLocation="http://schema.primaresearch.org/PAGE/gts/pagecontent/2013-07-15 http://schema.primaresearch.org/PAGE/gts/pagecontent/2013-07-15/pagecontent.xsd">
    <Metadata>
        <Creator>prov=University of Rostock/Institute of Mathematics/CITlab/Gundram Leifert/gundram.leifert@uni-rostock.de:name=ONB_Newseye_GT_M1+(htr_id=10810)::::v=2.4.3
prov=University of Rostock/Institute of Mathematics/CITlab/Tobias Gruening/tobias.gruening@uni-rostock.de:name=de.uros.citlab.module.baseline2polygon.B2PSeamMultiOriented:v=2.4.3
prov=University of Rostock/Institute of Mathematics/CITlab/Tobias Gruening/tobias.gruening@uni-rostock.de:name=/net_tf/LA73_249_0mod360.pb:de.uros.citlab.segmentation.CITlab_LA_ML:v=2.4.3
Transkribus</Creator>
        <Created>2019-10-07T11:38:36.210+02:00</Created>
        <LastChange>2019-12-04T16:12:24.344+01:00</LastChange>
        <TranskribusMetadata docId="223982" pageId="9503206" pageNr="368" tsid="20402885" status="IN_PROGRESS" userId="40391" imgUrl="https://files.transkribus.eu/Get?id=TJAIQIFUQQABGJOJXQEDLOYT&amp;fileType=view" xmlUrl="https://files.transkribus.eu/Get?id=JBAUMBURZHGIBYBHLKXCTMBD" imageId="6193420"/>
    </Metadata>
    <Page imageFilename="223982_0368.jpeg" imageWidth="3496" imageHeight="4320">
        <ReadingOrder>
            <OrderedGroup id="ro_1711448403994" caption="Regions reading order">
                <RegionRefIndexed index="0" regionRef="r1"/>
            </OrderedGroup>
        </ReadingOrder>
        <TextRegion orientation="0.0" id="r1" custom="readingOrder {index:0;}">
            <Coords points="492,484 492,4200 2941,4200 2941,484"/>
            <TextLine id="r1l1" custom="readingOrder {index:0;}">
                <Coords points="806,523 1231,520 1264,511 1264,462 1206,469 1170,445 1137,469 1055,457 1009,470 976,452 882,477 858,462 806,471"/>
                <Baseline points="820,511 845,511 870,511 895,511 921,511 946,511 971,511 997,510 1022,510 1047,510 1072,510 1098,510 1123,510 1148,510 1174,509 1199,509 1224,509 1250,508"/>
                <TextEquiv>
                    <Unicode>Neues Wiener Journal</Unicode>
                </TextEquiv>
            </TextLine>
            <TextLine id="r1l2" custom="readingOrder {index:1;}">
                <Coords points="2718,518 2773,518 2779,525 2834,515 2849,522 2885,503 2906,506 2906,464 2876,467 2861,452 2846,464 2822,449 2782,449 2773,458 2758,458 2743,446 2719,449"/>
                <Baseline points="2734,511 2760,511 2786,511 2812,510 2838,510 2864,511 2891,512"/>
                <TextEquiv>
                    <Unicode>Seite 3</Unicode>
                </TextEquiv>
            </TextLine>
            <TextLine id="r1l3" custom="readingOrder {index:2;}">
                <Coords points="1756,523 2129,521 2128,466 2055,440 1998,465 1979,456 1961,472 1913,448 1886,473 1858,458 1816,467 1785,444 1755,450"/>
                <Baseline points="1772,514 1798,514 1824,514 1850,513 1876,513 1903,513 1929,513 1955,512 1981,512 2008,512 2034,511 2060,511 2086,510 2113,509"/>
                <TextEquiv>
                    <Unicode>17. Februar 1921</Unicode>
                </TextEquiv>
            </TextLine>
            <TextLine id="r1l4" custom="readingOrder {index:3;}">
                <Coords points="2405,815 2499,822 2541,849 2735,829 2884,852 2938,843 2939,746 2799,742 2687,772 2596,741 2539,752 2493,731 2448,752 2405,736"/>
                <Baseline points="2419,797 2444,801 2469,805 2494,808 2520,810 2545,812 2570,813 2595,815 2621,815 2646,816 2671,815 2696,815 2722,814 2747,813 2772,813 2797,812 2823,810 2848,809 2873,807 2898,807 2924,805"/>
                <TextEquiv>
                    <Unicode>Gesem.</Unicode>
                </TextEquiv>
            </TextLine>
            <TextLine id="r1l5" custom="readingOrder {index:4;}">
                <Coords points="1224,842 2327,836 2327,733 2191,767 2139,734 1930,762 1830,735 1715,771 1633,735 1345,736 1224,770"/>
                <Baseline points="1239,806 1292,808 1346,810 1400,812 1453,813 1507,813 1561,814 1614,814 1668,814 1722,813 1776,813 1829,812 1883,812 1937,811 1990,810 2044,810 2098,809 2151,809 2205,808 2259,808 2313,808"/>
                <TextEquiv>
                    <Unicode>den, Teereiern i</Unicode>
                </TextEquiv>
            </TextLine>
            <TextLine id="r1l6" custom="readingOrder {index:5;}">
                <Coords points="480,811 517,826 547,812 616,843 665,825 704,837 753,798 792,835 850,820 883,845 917,830 919,600 795,593 728,616 649,591 482,596"/>
                <Baseline points="496,809 521,809 546,810 572,810 597,811 622,811 648,812 673,812 699,812 724,813 749,813 775,813 800,813 825,813 851,813 876,812 902,812"/>
                <TextEquiv>
                    <Unicode>Mit 6i</Unicode>
                </TextEquiv>
            </TextLine>
            <TextLine id="r1l7" custom="readingOrder {index:6;}">
                <Coords points="644,939 2775,935 2669,857 644,860"/>
                <Baseline points="658,930 763,930 868,931 973,931 1078,931 1183,932 1288,932 1394,932 1499,932 1604,931 1709,931 1814,931 1919,931 2024,930 2130,930 2235,930 2340,929 2445,929 2550,928 2655,928 2761,927"/>
                <TextEquiv>
                    <Unicode>Wie die gestrige „Reigen“=Vorstellung gesprengt wurde.</Unicode>
                </TextEquiv>
            </TextLine>
            <TextLine id="r1l8" custom="readingOrder {index:7;}">
                <Coords points="1719,1038 2865,1043 2946,1028 2946,976 1719,986"/>
                <Baseline points="1734,1032 1793,1032 1853,1031 1913,1031 1973,1030 2033,1030 2093,1030 2152,1030 2212,1030 2272,1031 2332,1031 2392,1031 2452,1031 2512,1031 2571,1030 2631,1030 2691,1029 2751,1029 2811,1028 2871,1027 2931,1025"/>
                <TextEquiv>
                    <Unicode>Ohnmachtsanfälle erlitten. Einige Zuschauer suchten</Unicode>
                </TextEquiv>
            </TextLine>
            <TextLine id="r1l9" custom="readingOrder {index:8;}">
                <Coords points="594,1040 1285,1055 1334,1013 1694,1049 1694,994 1364,964 1018,1003 594,979"/>
                <Baseline points="609,1031 662,1031 716,1032 769,1033 823,1033 876,1034 930,1034 983,1035 1037,1035 1090,1035 1144,1035 1198,1035 1251,1035 1305,1035 1358,1035 1412,1034 1465,1034 1519,1033 1572,1032 1626,1031 1680,1030"/>
                <TextEquiv>
                    <Unicode>Diegestrige= Vorstellung des  Resgen“ ia den Kammer¬</Unicode>
                </TextEquiv>
            </TextLine>
            <TextLine id="r1l10" custom="readingOrder {index:9;}">
                <Coords points="1719,1086 2938,1079 2937,1034 1719,1038"/>
                <Baseline points="1734,1080 1793,1079 1852,1078 1912,1078 1971,1078 2030,1077 2090,1077 2149,1078 2208,1078 2268,1078 2327,1078 2386,1078 2446,1078 2505,1078 2564,1078 2624,1077 2683,1077 2742,1076 2802,1075 2861,1074 2921,1073"/>
                <TextEquiv>
                    <Unicode>sich von den Logen auf die Bühne zu retten, während</Unicode>
                </TextEquiv>
            </TextLine>
            <TextLine id="r1l11" custom="readingOrder {index:10;}">
                <Coords points="484,1089 1703,1093 1703,1041 1518,1032 484,1034"/>
                <Baseline points="499,1080 558,1080 617,1081 677,1081 736,1082 796,1082 855,1082 915,1082 974,1082 1034,1082 1093,1082 1152,1082 1212,1082 1271,1081 1331,1081 1390,1081 1450,1081 1509,1082 1569,1082 1628,1082 1688,1083"/>
                <TextEquiv>
                    <Unicode>spielen wüurdt durch einen großen Krawall, sowohl von Leuten,</Unicode>
                </TextEquiv>
            </TextLine>
            <TextLine id="r1l12" custom="readingOrder {index:11;}">
                <Coords points="1718,1139 2925,1145 2946,1079 1718,1087"/>
                <Baseline points="1733,1126 1792,1126 1852,1125 1912,1125 1972,1125 2032,1125 2092,1125 2152,1125 2212,1125 2272,1125 2332,1125 2391,1125 2451,1125 2511,1125 2571,1125 2631,1125 2691,1124 2751,1124 2811,1123 2871,1122 2931,1121"/>
                <TextEquiv>
                    <Unicode>bereits der eiserne Vorhang emporstieg. Eine Dame konnte sich</Unicode>
                </TextEquiv>
            </TextLine>
            <TextLine id="r1l13" custom="readingOrder {index:12;}">
                <Coords points="478,1131 1700,1135 1700,1089 1655,1086 478,1088"/>
                <Baseline points="493,1128 552,1128 612,1128 671,1128 731,1128 790,1128 850,1128 909,1128 969,1129 1028,1129 1088,1129 1148,1129 1207,1129 1267,1129 1326,1129 1386,1129 1445,1129 1505,1129 1564,1128 1624,1128 1684,1127"/>
                <TextEquiv>
                    <Unicode>die sich in der Vorstellung befanden, als auch von einigen hundert</Unicode>
                </TextEquiv>
            </TextLine>
            <TextLine id="r1l14" custom="readingOrder {index:13;}">
                <Coords points="1713,1180 2929,1182 2929,1134 2859,1128 1713,1134"/>
                <Baseline points="1729,1174 1788,1174 1847,1174 1906,1174 1966,1174 2025,1174 2084,1173 2144,1173 2203,1173 2262,1173 2322,1173 2381,1172 2440,1172 2499,1172 2559,1172 2618,1172 2677,1171 2737,1171 2796,1171 2855,1171 2915,1171"/>
                <TextEquiv>
                    <Unicode>nur mit Mühe noch über den aufsteigenden Vorhang schwingen.</Unicode>
                </TextEquiv>
            </TextLine>
            <TextLine id="r1l15" custom="readingOrder {index:14;}">
                <Coords points="488,1181 1691,1190 1691,1133 488,1132"/>
                <Baseline points="502,1175 560,1175 619,1175 678,1175 737,1175 795,1176 854,1176 913,1177 972,1177 1030,1177 1089,1178 1148,1178 1207,1178 1265,1178 1324,1178 1383,1178 1442,1178 1500,1178 1559,1178 1618,1177 1677,1177"/>
                <TextEquiv>
                    <Unicode>Demonstranten, die sich auf der Straße ansammelten, gestört und</Unicode>
                </TextEquiv>
            </TextLine>
            <TextLine id="r1l16" custom="readingOrder {index:15;}">
                <Coords points="1702,1225 2817,1243 2938,1233 2938,1182 1701,1186"/>
                <Baseline points="1717,1222 1777,1222 1837,1222 1897,1222 1958,1222 2018,1222 2078,1222 2138,1221 2199,1221 2259,1221 2319,1221 2379,1220 2440,1220 2500,1220 2560,1219 2620,1219 2681,1219 2741,1219 2801,1219 2861,1219 2922,1220"/>
                <TextEquiv>
                    <Unicode>Die Ruhestörer wollten auch in die Bühnengarderobe eindringen,</Unicode>
                </TextEquiv>
            </TextLine>
            <TextLine id="r1l17" custom="readingOrder {index:16;}">
                <Coords points="481,1238 1190,1232 1190,1186 481,1181"/>
                <Baseline points="496,1225 530,1224 564,1223 598,1223 632,1222 666,1222 700,1222 734,1222 768,1222 802,1222 836,1222 870,1222 904,1223 938,1223 972,1224 1006,1224 1040,1224 1074,1225 1108,1225 1142,1225 1176,1226"/>
                <TextEquiv>
                    <Unicode>konnte nicht zu Ende geführt werden.</Unicode>
                </TextEquiv>
            </TextLine>
            <TextLine id="r1l18" custom="readingOrder {index:17;}">
                <Coords points="1718,1279 2946,1298 2946,1225 1718,1230"/>
                <Baseline points="1733,1271 1796,1270 1859,1269 1922,1269 1985,1268 2048,1268 2111,1268 2174,1268 2237,1268 2300,1268 2364,1268 2427,1268 2490,1268 2553,1268 2616,1268 2679,1268 2742,1268 2805,1267 2868,1267 2932,1266"/>
                <TextEquiv>
                    <Unicode>wurden aber von den Garderobieren und dem Personale sowie</Unicode>
                </TextEquiv>
            </TextLine>
            <TextLine id="r1l19" custom="readingOrder {index:18;}">
                <Coords points="584,1292 1511,1293 1708,1275 1708,1217 584,1228"/>
                <Baseline points="600,1268 654,1269 709,1270 763,1270 818,1271 873,1272 927,1272 982,1273 1036,1273 1091,1273 1146,1273 1200,1273 1255,1273 1309,1273 1364,1273 1419,1272 1473,1272 1528,1271 1582,1271 1637,1270 1692,1269"/>
                <TextEquiv>
                    <Unicode>Die Vorstellung begann wie gewöhnlich um 7 Uhr und</Unicode>
                </TextEquiv>
            </TextLine>
            <TextLine id="r1l20" custom="readingOrder {index:19;}">
                <Coords points="484,1329 1709,1324 1673,1275 484,1268"/>
                <Baseline points="499,1316 558,1316 618,1317 678,1318 738,1319 797,1319 857,1320 917,1321 977,1321 1036,1321 1096,1322 1156,1322 1216,1322 1275,1322 1335,1322 1395,1321 1455,1321 1514,1321 1574,1320 1634,1319 1694,1318"/>
                <TextEquiv>
                    <Unicode>schien anfangs ganz ruhig zu verlaufen. Etwa um ¾8 Uhr</Unicode>
                </TextEquiv>
            </TextLine>
            <TextLine id="r1l21" custom="readingOrder {index:20;}">
                <Coords points="2074,1344 2177,1335 2250,1350 2289,1335 2307,1350 2477,1332 2541,1350 2580,1335 2580,1278 2074,1283"/>
                <Baseline points="2090,1324 2116,1326 2142,1326 2169,1326 2195,1326 2221,1326 2248,1326 2274,1326 2300,1326 2327,1325 2353,1325 2379,1325 2406,1325 2432,1325 2458,1325 2485,1326 2511,1327 2537,1327 2564,1329"/>
                <TextEquiv>
                    <Unicode>von der Feuerwehr,</Unicode>
                </TextEquiv>
            </TextLine>
            <TextLine id="r1l22" custom="readingOrder {index:21;}">
                <Coords points="482,1372 1704,1380 1704,1326 1616,1313 483,1330"/>
                <Baseline points="499,1363 558,1364 618,1364 677,1365 737,1365 796,1366 856,1367 915,1367 975,1368 1034,1369 1094,1369 1153,1370 1213,1370 1272,1370 1332,1370 1391,1370 1451,1370 1510,1369 1570,1368 1629,1366 1689,1365"/>
                <TextEquiv>
                    <Unicode>wurden im Theater von Zuschauern, die sich Karten verschafft</Unicode>
                </TextEquiv>
            </TextLine>
            <TextLine id="r1l23" custom="readingOrder {index:22;}">
                <Coords points="1711,1399 2823,1402 2950,1389 2950,1316 2135,1361 1974,1313 1710,1320"/>
                <Baseline points="1726,1384 1786,1384 1846,1384 1907,1383 1967,1383 2028,1383 2088,1383 2148,1383 2209,1383 2269,1383 2330,1383 2390,1383 2450,1383 2511,1383 2571,1382 2632,1382 2692,1382 2752,1381 2813,1381 2873,1380 2934,1379"/>
                <TextEquiv>
                    <Unicode>die die Anstürmenden aus den Wasserschläuchen anspritzte, ver¬</Unicode>
                </TextEquiv>
            </TextLine>
            <TextLine id="r1l24" custom="readingOrder {index:23;}">
                <Coords points="478,1423 1496,1438 1693,1421 1694,1375 478,1375"/>
                <Baseline points="493,1415 552,1414 611,1414 670,1414 730,1414 789,1414 848,1415 908,1415 967,1416 1026,1416 1086,1417 1145,1418 1204,1418 1263,1418 1323,1418 1382,1418 1441,1418 1501,1417 1560,1417 1619,1415 1679,1413"/>
                <TextEquiv>
                    <Unicode>hatten, Stinkbomben in den Zuschauerraum</Unicode>
                </TextEquiv>
            </TextLine>
            <TextLine id="r1l25" custom="readingOrder {index:24;}">
                <Coords points="1719,1445 2944,1427 2853,1381 1719,1393"/>
                <Baseline points="1734,1433 1793,1432 1853,1431 1913,1431 1972,1430 2032,1430 2092,1430 2151,1430 2211,1430 2271,1430 2331,1430 2390,1430 2450,1430 2510,1430 2569,1430 2629,1430 2689,1430 2748,1429 2808,1429 2868,1428 2928,1427"/>
                <TextEquiv>
                    <Unicode>trieben. Ein Garderobier erlitt bef dem Kampf mit den Ein¬</Unicode>
                </TextEquiv>
            </TextLine>
            <TextLine id="r1l26" custom="readingOrder {index:25;}">
                <Coords points="487,1477 1697,1477 1697,1420 487,1425"/>
                <Baseline points="503,1463 561,1463 620,1463 679,1463 738,1463 797,1463 856,1463 915,1464 974,1464 1033,1464 1092,1465 1150,1465 1209,1465 1268,1465 1327,1465 1386,1465 1445,1465 1504,1464 1563,1463 1622,1462 1681,1461"/>
                <TextEquiv>
                    <Unicode>geworfen, die einen unerträglichen Geruch</Unicode>
                </TextEquiv>
            </TextLine>
            <TextLine id="r1l27" custom="readingOrder {index:26;}">
                <Coords points="1712,1485 2952,1493 2952,1420 1712,1440"/>
                <Baseline points="1727,1479 1787,1479 1848,1479 1908,1479 1969,1479 2029,1479 2090,1479 2150,1479 2211,1479 2271,1478 2332,1478 2393,1478 2453,1478 2514,1478 2574,1477 2635,1477 2695,1477 2756,1476 2816,1475 2877,1475 2938,1474"/>
                <TextEquiv>
                    <Unicode>dringenden Verletzungen. In den Garderoben stellten sich die</Unicode>
                </TextEquiv>
            </TextLine>
            <TextLine id="r1l28" custom="readingOrder {index:27;}">
                <Coords points="486,1514 1708,1521 1672,1469 487,1456"/>
                <Baseline points="502,1506 561,1507 621,1508 680,1508 740,1509 799,1509 859,1510 918,1511 978,1511 1037,1511 1097,1512 1156,1512 1216,1512 1275,1512 1335,1512 1394,1512 1454,1512 1513,1511 1573,1510 1632,1510 1692,1508"/>
                <TextEquiv>
                    <Unicode>verbreiteten. Dies schien das Zeichen für die weiteren Störungen</Unicode>
                </TextEquiv>
            </TextLine>
            <TextLine id="r1l29" custom="readingOrder {index:28;}">
                <Coords points="1711,1535 2941,1538 2941,1487 2762,1469 1711,1487"/>
                <Baseline points="1727,1527 1790,1527 1853,1527 1916,1526 1979,1526 2042,1526 2105,1526 2168,1526 2231,1526 2294,1526 2358,1526 2421,1526 2484,1525 2547,1525 2610,1525 2673,1525 2736,1524 2799,1524 2862,1524 2926,1523"/>
                <TextEquiv>
                    <Unicode>Ruhestörer auf die Tische und beschimpften die forteilenden Zu¬</Unicode>
                </TextEquiv>
            </TextLine>
            <TextLine id="r1l30" custom="readingOrder {index:29;}">
                <Coords points="492,1566 1698,1570 1699,1515 492,1517"/>
                <Baseline points="507,1553 565,1554 624,1555 683,1556 742,1557 800,1558 859,1559 918,1559 977,1559 1035,1560 1094,1560 1153,1560 1212,1560 1270,1560 1329,1559 1388,1559 1447,1559 1505,1559 1564,1558 1623,1558 1682,1558"/>
                <TextEquiv>
                    <Unicode>der Vorstellung zu sein. Die Direktion veranlaßte sofort eine</Unicode>
                </TextEquiv>
            </TextLine>
            <TextLine id="r1l31" custom="readingOrder {index:30;}">
                <Coords points="1725,1581 2799,1609 2950,1575 2950,1536 2850,1524 1725,1533"/>
                <Baseline points="1741,1577 1800,1576 1860,1575 1920,1574 1980,1574 2039,1574 2099,1574 2159,1574 2219,1574 2278,1574 2338,1574 2398,1574 2458,1575 2517,1575 2577,1575 2637,1574 2697,1574 2756,1573 2816,1573 2876,1571 2936,1570"/>
                <TextEquiv>
                    <Unicode>schauer. Einige von den Theaterbesuchern wurden gröblich in¬</Unicode>
                </TextEquiv>
            </TextLine>
            <TextLine id="r1l32" custom="readingOrder {index:31;}">
                <Coords points="482,1613 1419,1627 1695,1612 1695,1564 482,1565"/>
                <Baseline points="499,1603 558,1603 617,1604 676,1604 735,1605 794,1605 853,1606 912,1606 971,1607 1030,1607 1090,1607 1149,1608 1208,1608 1267,1608 1326,1608 1385,1607 1444,1607 1503,1606 1562,1605 1621,1604 1681,1602"/>
                <TextEquiv>
                    <Unicode>gründliche Lüftung des Zuschauerraumes, das Publikum war</Unicode>
                </TextEquiv>
            </TextLine>
            <TextLine id="r1l33" custom="readingOrder {index:32;}">
                <Coords points="1712,1640 1761,1633 1788,1648 1851,1623 1888,1641 1924,1632 1991,1643 2003,1631 2055,1648 2103,1630 2103,1581 2048,1582 2030,1567 1972,1586 1712,1582"/>
                <Baseline points="1727,1626 1752,1625 1778,1623 1804,1622 1830,1622 1856,1622 1882,1622 1908,1622 1933,1622 1959,1622 1985,1622 2011,1622 2037,1621 2063,1620 2089,1619"/>
                <TextEquiv>
                    <Unicode>sultiert und erhielten</Unicode>
                </TextEquiv>
            </TextLine>
            <TextLine id="r1l34" custom="readingOrder {index:33;}">
                <Coords points="488,1660 1706,1671 1706,1610 1600,1598 488,1612"/>
                <Baseline points="502,1650 561,1650 620,1651 680,1651 739,1652 799,1652 858,1653 917,1653 977,1653 1036,1654 1096,1654 1155,1655 1214,1655 1274,1655 1333,1655 1393,1655 1452,1655 1511,1655 1571,1654 1630,1654 1690,1653"/>
                <TextEquiv>
                    <Unicode>jedoch bereits sehr beunruhigt, viele Besucher verließen das</Unicode>
                </TextEquiv>
            </TextLine>
            <TextLine id="r1l35" custom="readingOrder {index:34;}">
                <Coords points="2051,1688 2176,1709 2212,1691 2445,1702 2500,1687 2536,1702 2597,1683 2597,1626 2394,1630 2357,1611 2324,1633 2221,1618 2206,1633 2051,1637"/>
                <Baseline points="2067,1680 2092,1680 2118,1680 2144,1680 2169,1681 2195,1681 2221,1680 2246,1680 2272,1680 2298,1680 2324,1680 2349,1680 2375,1680 2401,1679 2426,1679 2452,1679 2478,1679 2503,1679 2529,1679 2555,1679 2581,1680"/>
                <TextEquiv>
                    <Unicode>Ohrfeigen und Püffe.</Unicode>
                </TextEquiv>
            </TextLine>
            <TextLine id="r1l36" custom="readingOrder {index:35;}">
                <Coords points="486,1710 541,1731 720,1699 1347,1718 1348,1664 1072,1641 987,1667 487,1658"/>
                <Baseline points="503,1697 544,1697 585,1698 627,1698 668,1698 710,1698 751,1699 793,1699 834,1699 876,1699 917,1700 958,1700 1000,1700 1041,1700 1083,1701 1124,1701 1166,1701 1207,1701 1249,1702 1290,1702 1332,1703"/>
                <TextEquiv>
                    <Unicode>Theater und drüngten sich in die Garderoben.</Unicode>
                </TextEquiv>
            </TextLine>
            <TextLine id="r1l37" custom="readingOrder {index:36;}">
                <Coords points="1818,1741 2952,1754 2952,1676 2176,1704 1818,1674"/>
                <Baseline points="1832,1734 1887,1735 1942,1736 1997,1736 2052,1737 2108,1737 2163,1737 2218,1737 2273,1737 2328,1737 2384,1736 2439,1736 2494,1736 2549,1736 2604,1735 2660,1735 2715,1735 2770,1735 2825,1735 2880,1735 2936,1735"/>
                <TextEquiv>
                    <Unicode>So wurde Graf Salm, der im Foyer stand und auf</Unicode>
                </TextEquiv>
            </TextLine>
            <TextLine id="r1l38" custom="readingOrder {index:37;}">
                <Coords points="597,1753 1710,1764 1710,1694 1573,1682 597,1705"/>
                <Baseline points="613,1745 667,1746 721,1747 775,1747 829,1748 883,1748 937,1749 991,1749 1045,1749 1099,1750 1153,1750 1207,1750 1261,1750 1315,1750 1369,1750 1423,1749 1477,1749 1531,1749 1585,1748 1639,1747 1694,1747"/>
                <TextEquiv>
                    <Unicode>Inzwischen hatten sich beim Eingang in das Theater vom</Unicode>
                </TextEquiv>
            </TextLine>
            <TextLine id="r1l39" custom="readingOrder {index:38;}">
                <Coords points="1716,1795 2871,1803 2940,1785 2940,1745 2094,1757 1715,1719"/>
                <Baseline points="1731,1786 1790,1786 1850,1787 1910,1787 1970,1787 2029,1786 2089,1786 2149,1785 2209,1785 2268,1784 2328,1784 2388,1783 2448,1783 2507,1782 2567,1782 2627,1782 2687,1783 2746,1783 2806,1784 2866,1785 2926,1786"/>
                <TextEquiv>
                    <Unicode>den Zuruf „Juden hinaus!“ reagierte, von den Exze¬</Unicode>
                </TextEquiv>
            </TextLine>
            <TextLine id="r1l40" custom="readingOrder {index:39;}">
                <Coords points="477,1809 1696,1805 1696,1756 1657,1753 884,1774 478,1739"/>
                <Baseline points="492,1792 551,1793 610,1793 670,1794 729,1794 789,1795 848,1795 908,1796 967,1796 1027,1797 1086,1797 1145,1797 1205,1797 1264,1798 1324,1798 1383,1798 1443,1798 1502,1797 1562,1797 1621,1797 1681,1796"/>
                <TextEquiv>
                    <Unicode>Fleischmarkt her eine Anzahl von Demonstranten den</Unicode>
                </TextEquiv>
            </TextLine>
            <TextLine id="r1l41" custom="readingOrder {index:40;}">
                <Coords points="1719,1841 2834,1850 2946,1841 2946,1783 1719,1792"/>
                <Baseline points="1733,1830 1796,1832 1859,1833 1922,1833 1985,1834 2048,1834 2111,1834 2174,1833 2237,1833 2300,1832 2364,1831 2427,1831 2490,1830 2553,1829 2616,1829 2679,1828 2742,1828 2805,1828 2868,1829 2932,1830"/>
                <TextEquiv>
                    <Unicode>denten geschlagen. In dem furchtbaren Gedränge bei</Unicode>
                </TextEquiv>
            </TextLine>
            <TextLine id="r1l42" custom="readingOrder {index:41;}">
                <Coords points="491,1854 1698,1848 1698,1806 1625,1796 492,1803"/>
                <Baseline points="505,1841 563,1841 622,1841 681,1842 740,1842 799,1842 858,1843 916,1843 975,1844 1034,1844 1093,1845 1152,1845 1211,1846 1270,1846 1328,1846 1387,1846 1446,1846 1505,1846 1564,1846 1623,1845 1682,1844"/>
                <TextEquiv>
                    <Unicode>Zutritt ins Theater erzwungen und stürmten mit Pfui¬</Unicode>
                </TextEquiv>
            </TextLine>
            <TextLine id="r1l43" custom="readingOrder {index:42;}">
                <Coords points="1721,1887 2952,1897 2951,1833 2830,1818 1721,1838"/>
                <Baseline points="1735,1879 1795,1880 1855,1880 1915,1880 1975,1880 2035,1880 2095,1880 2156,1879 2216,1879 2276,1879 2336,1878 2396,1878 2456,1877 2516,1877 2577,1877 2637,1876 2697,1876 2757,1876 2817,1876 2877,1876 2938,1876"/>
                <TextEquiv>
                    <Unicode>den Glastüren ging eine große Glasscheibe in Trümmer. Der</Unicode>
                </TextEquiv>
            </TextLine>
            <TextLine id="r1l44" custom="readingOrder {index:43;}">
                <Coords points="487,1891 1672,1907 1706,1846 487,1849"/>
                <Baseline points="503,1888 562,1888 621,1888 680,1889 740,1890 799,1890 858,1891 918,1891 977,1892 1036,1893 1096,1893 1155,1894 1214,1894 1273,1894 1333,1894 1392,1895 1451,1894 1511,1894 1570,1893 1629,1893 1689,1892"/>
                <TextEquiv>
                    <Unicode>rufen durch die Gänge und Garderoben hinauf in den</Unicode>
                </TextEquiv>
            </TextLine>
            <TextLine id="r1l45" custom="readingOrder {index:44;}">
                <Coords points="1719,1944 2907,1937 2949,1931 2949,1876 1718,1886"/>
                <Baseline points="1734,1930 1794,1929 1854,1928 1914,1927 1974,1927 2034,1926 2094,1926 2154,1926 2214,1926 2274,1926 2334,1926 2394,1926 2454,1926 2514,1926 2574,1926 2634,1926 2694,1926 2754,1925 2814,1925 2874,1924 2935,1923"/>
                <TextEquiv>
                    <Unicode>Exzeß dauerte länger als eine halbe Stunde. Im ganzen wurden</Unicode>
                </TextEquiv>
            </TextLine>
            <TextLine id="r1l46" custom="readingOrder {index:45;}">
                <Coords points="489,1944 1707,1945 1707,1896 489,1893"/>
                <Baseline points="503,1937 562,1937 622,1937 681,1938 741,1938 800,1939 860,1940 919,1940 979,1941 1038,1941 1098,1942 1157,1942 1217,1942 1276,1942 1336,1942 1395,1942 1455,1941 1514,1941 1574,1940 1633,1939 1693,1937"/>
                <TextEquiv>
                    <Unicode>Zuschauerraum, wo sie sich auf das</Unicode>
                </TextEquiv>
            </TextLine>
            <TextLine id="r1l47" custom="readingOrder {index:46;}">
                <Coords points="1718,1984 2943,1985 2942,1931 2791,1925 1718,1942"/>
                <Baseline points="1733,1977 1792,1976 1852,1976 1912,1975 1971,1975 2031,1975 2091,1974 2150,1974 2210,1974 2270,1974 2330,1973 2389,1973 2449,1973 2509,1973 2568,1973 2628,1973 2688,1972 2747,1972 2807,1972 2867,1971 2927,1971"/>
                <TextEquiv>
                    <Unicode>acht Verhaftungen vorgenommen. Der Polizeisukkurs</Unicode>
                </TextEquiv>
            </TextLine>
            <TextLine id="r1l48" custom="readingOrder {index:47;}">
                <Coords points="486,1988 1544,2015 1583,1982 1656,2019 1719,2001 1720,1947 486,1943"/>
                <Baseline points="501,1984 561,1984 621,1984 681,1984 741,1985 801,1985 861,1986 922,1987 982,1987 1042,1988 1102,1989 1162,1989 1222,1990 1282,1990 1343,1991 1403,1991 1463,1990 1523,1990 1583,1989 1643,1988 1704,1987"/>
                <TextEquiv>
                    <Unicode>Publikum stürzten und es zum Teil mit</Unicode>
                </TextEquiv>
            </TextLine>
            <TextLine id="r1l49" custom="readingOrder {index:48;}">
                <Coords points="1716,2028 2877,2037 2953,2018 2953,1979 1716,1983"/>
                <Baseline points="1733,2023 1793,2023 1853,2023 1913,2023 1974,2023 2034,2023 2094,2022 2154,2022 2215,2022 2275,2022 2335,2021 2395,2021 2456,2021 2516,2021 2576,2020 2636,2020 2697,2020 2757,2020 2817,2020 2877,2020 2938,2020"/>
                <TextEquiv>
                    <Unicode>aus der Postgasse kam viel zu spät. Im Hause waren nur</Unicode>
                </TextEquiv>
            </TextLine>
            <TextLine id="r1l50" custom="readingOrder {index:49;}">
                <Coords points="487,2046 663,2069 951,2037 1027,2065 1260,2054 1260,2009 1161,1984 488,1989"/>
                <Baseline points="502,2031 539,2032 576,2033 613,2034 650,2034 687,2035 724,2035 761,2035 798,2036 835,2036 873,2036 910,2036 947,2036 984,2036 1021,2036 1058,2036 1095,2036 1132,2037 1169,2037 1206,2037 1244,2038"/>
                <TextEquiv>
                    <Unicode>Gewalt hinausdrängten.</Unicode>
                </TextEquiv>
            </TextLine>
            <TextLine id="r1l51" custom="readingOrder {index:50;}">
                <Coords points="1708,2079 2948,2087 2947,2027 1708,2025"/>
                <Baseline points="1723,2073 1783,2072 1844,2071 1904,2071 1965,2070 2025,2070 2086,2069 2146,2069 2207,2069 2267,2069 2328,2069 2388,2068 2449,2068 2509,2068 2570,2068 2630,2068 2691,2068 2751,2068 2812,2068 2872,2068 2933,2067"/>
                <TextEquiv>
                    <Unicode>sechzehn Polizeiorgane anwesend, die natürlich viel zu schwach</Unicode>
                </TextEquiv>
            </TextLine>
            <TextLine id="r1l52" custom="readingOrder {index:51;}">
                <Coords points="788,2115 1398,2124 1399,2036 1256,2037 1171,2064 1092,2042 1059,2060 953,2037 789,2045"/>
                <Baseline points="804,2099 832,2099 861,2099 890,2099 919,2099 948,2100 977,2100 1006,2100 1035,2100 1064,2100 1093,2100 1121,2101 1150,2101 1179,2101 1208,2102 1237,2102 1266,2103 1295,2103 1324,2104 1353,2104 1382,2105"/>
                <TextEquiv>
                    <Unicode>Es entstand eine Panik,</Unicode>
                </TextEquiv>
            </TextLine>
            <TextLine id="r1l53" custom="readingOrder {index:52;}">
                <Coords points="1709,2130 2440,2118 2485,2142 2573,2121 2573,2075 1709,2079"/>
                <Baseline points="1723,2119 1764,2118 1806,2118 1848,2118 1890,2118 1932,2118 1973,2117 2015,2117 2057,2117 2099,2117 2141,2117 2182,2117 2224,2117 2266,2117 2308,2117 2350,2116 2391,2116 2433,2116 2475,2115 2517,2115 2559,2114"/>
                <TextEquiv>
                    <Unicode>waren, um die große Menge zurückzudrängen.</Unicode>
                </TextEquiv>
            </TextLine>
            <TextLine id="r1l54" custom="readingOrder {index:53;}">
                <Coords points="481,2162 1703,2174 1704,2095 1324,2129 482,2086"/>
                <Baseline points="496,2153 555,2154 615,2155 674,2156 734,2156 794,2157 853,2157 913,2158 973,2158 1032,2158 1092,2159 1152,2159 1211,2159 1271,2159 1331,2160 1390,2160 1450,2161 1510,2161 1569,2162 1629,2163 1689,2164"/>
                <TextEquiv>
                    <Unicode>bei der zahlreiche Personen, darunter auch mehrere Frauen zu</Unicode>
                </TextEquiv>
            </TextLine>
            <TextLine id="r1l55" custom="readingOrder {index:54;}">
                <Coords points="2834,2170 2849,2170 2855,2176 2868,2167 2895,2167 2901,2173 2913,2167 2925,2176 2949,2173 2949,2116 2919,2110 2898,2122 2865,2116 2834,2119"/>
                <Baseline points="2850,2162 2878,2160 2906,2160 2934,2162"/>
                <TextEquiv>
                    <Unicode>Teil</Unicode>
                </TextEquiv>
            </TextLine>
            <TextLine id="r1l56" custom="readingOrder {index:55;}">
                <Coords points="1812,2169 2849,2175 2849,2120 1812,2129"/>
                <Baseline points="1826,2163 1876,2164 1926,2164 1977,2164 2027,2164 2078,2164 2128,2164 2179,2164 2229,2164 2280,2164 2330,2163 2380,2163 2431,2163 2481,2163 2532,2162 2582,2162 2633,2162 2683,2162 2734,2162 2784,2162 2835,2162"/>
                <TextEquiv>
                    <Unicode>Die Nachtvorstellung war ebenfalls ausverkauft. Ein</Unicode>
                </TextEquiv>
            </TextLine>
            <TextLine id="r1l57" custom="readingOrder {index:56;}">
                <Coords points="477,2212 1680,2224 1711,2170 477,2161"/>
                <Baseline points="493,2203 553,2203 613,2203 673,2203 733,2203 793,2203 853,2203 913,2203 973,2204 1033,2204 1093,2205 1153,2205 1213,2205 1273,2206 1333,2206 1393,2207 1453,2207 1513,2207 1573,2208 1633,2208 1694,2208"/>
                <TextEquiv>
                    <Unicode>Falle kamen. Die Demonstranten warfen aus den</Unicode>
                </TextEquiv>
            </TextLine>
            <TextLine id="r1l58" custom="readingOrder {index:57;}">
                <Coords points="1711,2225 2948,2225 2948,2174 2748,2156 1711,2158"/>
                <Baseline points="1727,2210 1787,2210 1847,2210 1907,2210 1968,2210 2028,2210 2088,2210 2148,2210 2209,2210 2269,2210 2329,2210 2389,2210 2450,2210 2510,2209 2570,2209 2630,2209 2691,2209 2751,2208 2811,2208 2871,2208 2932,2207"/>
                <TextEquiv>
                    <Unicode>des Publikums hatte sich bereits in das mittlerweile gelüstete und</Unicode>
                </TextEquiv>
            </TextLine>
            <TextLine id="r1l59" custom="readingOrder {index:58;}">
                <Coords points="481,2257 1717,2273 1718,2215 481,2211"/>
                <Baseline points="495,2250 555,2251 615,2251 676,2251 736,2252 796,2252 857,2252 917,2253 977,2253 1038,2253 1098,2253 1158,2253 1219,2253 1279,2254 1339,2254 1400,2254 1460,2254 1520,2254 1581,2254 1641,2254 1702,2255"/>
                <TextEquiv>
                    <Unicode>Logen, in die sie gedrungen waren, Sessel in den</Unicode>
                </TextEquiv>
            </TextLine>
            <TextLine id="r1l60" custom="readingOrder {index:59;}">
                <Coords points="1715,2269 2952,2258 2952,2221 2845,2206 1715,2218"/>
                <Baseline points="1730,2257 1790,2258 1850,2258 1910,2259 1971,2259 2031,2259 2091,2258 2152,2258 2212,2258 2272,2258 2333,2257 2393,2257 2453,2256 2513,2256 2574,2256 2634,2256 2694,2256 2755,2256 2815,2256 2875,2257 2936,2258"/>
                <TextEquiv>
                    <Unicode>geceinigte Haus begeben und stand erwartungsvoll im Foyer.</Unicode>
                </TextEquiv>
            </TextLine>
            <TextLine id="r1l61" custom="readingOrder {index:60;}">
                <Coords points="485,2308 1707,2308 1707,2260 1586,2244 485,2257"/>
                <Baseline points="499,2301 558,2300 618,2299 678,2299 737,2299 797,2299 857,2299 916,2299 976,2300 1036,2300 1096,2301 1155,2301 1215,2302 1275,2302 1334,2302 1394,2302 1454,2302 1513,2302 1573,2302 1633,2301 1693,2299"/>
                <TextEquiv>
                    <Unicode>Zuschauerraum. Ein Stuhl flog gegen den inzwischen</Unicode>
                </TextEquiv>
            </TextLine>
            <TextLine id="r1l62" custom="readingOrder {index:61;}">
                <Coords points="1718,2313 2803,2325 2846,2292 2943,2313 2943,2262 1718,2268"/>
                <Baseline points="1733,2304 1792,2305 1852,2306 1912,2306 1972,2306 2031,2306 2091,2306 2151,2306 2211,2306 2270,2305 2330,2305 2390,2305 2450,2305 2509,2305 2569,2304 2629,2305 2689,2305 2748,2305 2808,2306 2868,2307 2928,2308"/>
                <TextEquiv>
                    <Unicode>Da kam ein Polizeioffizier und überbrachte die Mitteilung, deß</Unicode>
                </TextEquiv>
            </TextLine>
            <TextLine id="r1l63" custom="readingOrder {index:62;}">
                <Coords points="478,2357 1706,2357 1682,2306 478,2308"/>
                <Baseline points="493,2348 552,2348 612,2347 672,2347 732,2347 792,2347 852,2347 911,2347 971,2347 1031,2347 1091,2348 1151,2348 1211,2348 1271,2349 1330,2349 1390,2349 1450,2350 1510,2350 1570,2350 1630,2350 1690,2350"/>
                <TextEquiv>
                    <Unicode>herabgelassenen eisernen Vorhang und</Unicode>
                </TextEquiv>
            </TextLine>
            <TextLine id="r1l64" custom="readingOrder {index:63;}">
                <Coords points="1713,2359 2947,2374 2947,2317 2847,2295 1713,2314"/>
                <Baseline points="1729,2352 1789,2352 1849,2353 1909,2353 1969,2353 2029,2353 2089,2353 2149,2353 2209,2354 2269,2354 2330,2354 2390,2354 2450,2354 2510,2354 2570,2354 2630,2354 2690,2355 2750,2355 2810,2355 2870,2355 2931,2355"/>
                <TextEquiv>
                    <Unicode>die Nachtvorstellung polizeilich ab gesaige</Unicode>
                </TextEquiv>
            </TextLine>
            <TextLine id="r1l65" custom="readingOrder {index:64;}">
                <Coords points="478,2402 1709,2409 1709,2354 1600,2338 478,2357"/>
                <Baseline points="495,2395 555,2394 615,2394 675,2393 735,2393 795,2393 855,2393 915,2393 975,2393 1035,2394 1095,2394 1155,2394 1215,2395 1275,2395 1335,2395 1395,2396 1455,2396 1515,2396 1575,2396 1635,2396 1695,2396"/>
                <TextEquiv>
                    <Unicode>zerbrach. Viele Besucher der Vorstellung suchten raschestens</Unicode>
                </TextEquiv>
            </TextLine>
            <TextLine id="r1l66" custom="readingOrder {index:65;}">
                <Coords points="1710,2427 1834,2390 1862,2417 2031,2432 2119,2407 2538,2430 2537,2370 2404,2349 1710,2360"/>
                <Baseline points="1725,2401 1764,2401 1804,2401 1844,2401 1884,2401 1924,2401 1964,2401 2004,2401 2044,2401 2084,2401 2124,2401 2163,2401 2203,2401 2243,2401 2283,2400 2323,2400 2363,2400 2403,2400 2443,2399 2483,2399 2523,2398"/>
                <TextEquiv>
                    <Unicode>sei. Darauf entfernte sich das Publikum.</Unicode>
                </TextEquiv>
            </TextLine>
            <TextLine id="r1l67" custom="readingOrder {index:66;}">
                <Coords points="488,2457 1704,2459 1680,2401 488,2406"/>
                <Baseline points="503,2440 562,2441 621,2441 680,2441 740,2442 799,2442 858,2442 917,2442 977,2442 1036,2442 1095,2442 1154,2443 1214,2443 1273,2443 1332,2443 1391,2443 1451,2444 1510,2444 1569,2445 1628,2445 1688,2446"/>
                <TextEquiv>
                    <Unicode>das Theater zu verlassen und kamen erst später zurück,</Unicode>
                </TextEquiv>
            </TextLine>
            <TextLine id="r1l68" custom="readingOrder {index:67;}">
                <Coords points="1750,2524 2163,2491 2796,2524 2902,2499 2902,2417 2050,2418 1878,2460 1750,2421"/>
                <Baseline points="1765,2491 1821,2490 1877,2489 1933,2489 1989,2488 2045,2488 2101,2488 2157,2488 2213,2488 2269,2489 2326,2489 2382,2489 2438,2489 2494,2490 2550,2490 2606,2490 2662,2489 2718,2489 2774,2489 2830,2487 2887,2486"/>
                <TextEquiv>
                    <Unicode>Die unerhörten Skaudalszenen in</Unicode>
                </TextEquiv>
            </TextLine>
            <TextLine id="r1l69" custom="readingOrder {index:68;}">
                <Coords points="479,2496 1722,2492 1722,2450 1565,2444 480,2450"/>
                <Baseline points="496,2489 556,2489 617,2489 677,2489 738,2489 799,2489 859,2489 920,2489 980,2489 1041,2489 1102,2490 1162,2490 1223,2490 1283,2490 1344,2490 1405,2491 1465,2491 1526,2491 1586,2491 1647,2491 1708,2491"/>
                <TextEquiv>
                    <Unicode>um sich ihre Garderobe abzuholen. Die im Haue</Unicode>
                </TextEquiv>
            </TextLine>
            <TextLine id="r1l70" custom="readingOrder {index:69;}">
                <Coords points="482,2541 1612,2553 1722,2538 1722,2493 482,2496"/>
                <Baseline points="496,2535 556,2535 617,2536 677,2536 738,2536 798,2536 859,2537 919,2537 980,2537 1040,2537 1101,2538 1161,2538 1222,2538 1282,2538 1343,2538 1403,2538 1464,2538 1524,2538 1585,2538 1645,2538 1706,2537"/>
                <TextEquiv>
                    <Unicode>befindliche Polizeiwache war zu schwach, um die Ruhestöner</Unicode>
                </TextEquiv>
            </TextLine>
            <TextLine id="r1l71" custom="readingOrder {index:70;}">
                <Coords points="1907,2572 2765,2585 2765,2506 2695,2497 1907,2518"/>
                <Baseline points="1921,2566 1962,2565 2003,2564 2045,2564 2086,2564 2128,2564 2169,2564 2210,2564 2252,2564 2293,2564 2335,2564 2376,2565 2417,2565 2459,2565 2500,2565 2542,2565 2583,2565 2624,2565 2666,2565 2707,2565 2749,2564"/>
                <TextEquiv>
                    <Unicode>polizeilicher Parstellung.</Unicode>
                </TextEquiv>
            </TextLine>
            <TextLine id="r1l72" custom="readingOrder {index:71;}">
                <Coords points="486,2591 1711,2590 1711,2544 486,2542"/>
                <Baseline points="500,2583 559,2583 619,2582 679,2582 739,2582 799,2582 858,2582 918,2583 978,2583 1038,2584 1098,2584 1157,2585 1217,2585 1277,2585 1337,2586 1397,2586 1456,2586 1516,2586 1576,2586 1636,2586 1696,2585"/>
                <TextEquiv>
                    <Unicode>hinauszubeiördern. Es kam in der Garderobe zu Zusammen¬</Unicode>
                </TextEquiv>
            </TextLine>
            <TextLine id="r1l73" custom="readingOrder {index:72;}">
                <Coords points="1737,2649 2932,2643 2932,2579 2859,2570 1737,2573"/>
                <Baseline points="1752,2634 1810,2632 1868,2630 1926,2629 1984,2628 2043,2628 2101,2627 2159,2628 2217,2628 2275,2628 2334,2629 2392,2629 2450,2630 2508,2630 2566,2630 2625,2631 2683,2631 2741,2630 2799,2630 2857,2628 2916,2627"/>
                <TextEquiv>
                    <Unicode>Die „Helden“ des Abends: Schustergehilfen und</Unicode>
                </TextEquiv>
            </TextLine>
            <TextLine id="r1l74" custom="readingOrder {index:73;}">
                <Coords points="488,2642 1525,2655 1703,2643 1704,2589 488,2590"/>
                <Baseline points="503,2630 562,2630 621,2630 680,2630 740,2630 799,2631 858,2631 918,2631 977,2631 1036,2631 1096,2632 1155,2632 1214,2632 1273,2632 1333,2632 1392,2633 1451,2633 1511,2633 1570,2633 1629,2634 1689,2634"/>
                <TextEquiv>
                    <Unicode>stößen zwischen Demonstranten, den Bediensteten des Theaters</Unicode>
                </TextEquiv>
            </TextLine>
            <TextLine id="r1l75" custom="readingOrder {index:74;}">
                <Coords points="2208,2695 2248,2686 2278,2698 2302,2683 2341,2692 2369,2683 2396,2704 2423,2683 2442,2695 2472,2687 2472,2650 2421,2638 2402,2620 2375,2641 2208,2634"/>
                <Baseline points="2224,2678 2249,2676 2275,2676 2301,2676 2327,2676 2352,2676 2378,2676 2404,2677 2430,2677 2456,2678"/>
                <TextEquiv>
                    <Unicode>Lehrlinge.</Unicode>
                </TextEquiv>
            </TextLine>
            <TextLine id="r1l76" custom="readingOrder {index:75;}">
                <Coords points="494,2684 1652,2704 1715,2683 1716,2640 494,2636"/>
                <Baseline points="510,2677 569,2677 628,2678 688,2678 747,2678 807,2679 866,2679 926,2679 985,2679 1045,2679 1104,2679 1163,2680 1223,2680 1282,2680 1342,2680 1401,2680 1461,2681 1520,2681 1580,2681 1639,2681 1699,2682"/>
                <TextEquiv>
                    <Unicode>und den Polizeiorganen. Dabei wurden ein Garderobier und eine</Unicode>
                </TextEquiv>
            </TextLine>
            <TextLine id="r1l77" custom="readingOrder {index:76;}">
                <Coords points="496,2740 1711,2746 1712,2688 496,2682"/>
                <Baseline points="510,2723 569,2724 628,2724 688,2725 747,2726 806,2726 866,2727 925,2727 984,2728 1044,2728 1103,2728 1162,2729 1222,2729 1281,2729 1340,2729 1400,2729 1459,2729 1518,2729 1578,2729 1637,2729 1697,2729"/>
                <TextEquiv>
                    <Unicode>Garderobierin verletzt. Schließlich gelang es der Feuer¬</Unicode>
                </TextEquiv>
            </TextLine>
            <TextLine id="r1l78" custom="readingOrder {index:77;}">
                <Coords points="1824,2746 2955,2732 2955,2692 2870,2677 2773,2707 2485,2665 2270,2707 1825,2679"/>
                <Baseline points="1839,2732 1894,2732 1949,2732 2004,2732 2059,2732 2114,2732 2169,2732 2224,2733 2279,2733 2334,2733 2390,2733 2445,2734 2500,2734 2555,2734 2610,2734 2665,2734 2720,2734 2775,2733 2830,2733 2885,2732 2941,2731"/>
                <TextEquiv>
                    <Unicode>Gestern abend ist durch eine gewalttätige Demon¬</Unicode>
                </TextEquiv>
            </TextLine>
            <TextLine id="r1l79" custom="readingOrder {index:78;}">
                <Coords points="491,2778 1698,2786 1664,2735 491,2735"/>
                <Baseline points="505,2774 563,2774 622,2774 681,2774 740,2774 799,2775 858,2775 917,2775 976,2775 1035,2775 1094,2776 1152,2776 1211,2776 1270,2776 1329,2776 1388,2776 1447,2776 1506,2776 1565,2776 1624,2776 1683,2776"/>
                <TextEquiv>
                    <Unicode>wehr, die die Schlauchspritzen bei den Hydranten in</Unicode>
                </TextEquiv>
            </TextLine>
            <TextLine id="r1l80" custom="readingOrder {index:79;}">
                <Coords points="1714,2796 2933,2793 2933,2739 1714,2729"/>
                <Baseline points="1729,2781 1788,2781 1848,2780 1907,2780 1967,2780 2026,2780 2086,2780 2145,2780 2205,2780 2264,2780 2324,2780 2383,2780 2443,2780 2502,2781 2562,2781 2621,2781 2681,2781 2740,2781 2800,2781 2859,2780 2919,2780"/>
                <TextEquiv>
                    <Unicode>stration die Aufführung der Bilderserie Schnitzlers „Der Reigen“</Unicode>
                </TextEquiv>
            </TextLine>
            <TextLine id="r1l81" custom="readingOrder {index:80;}">
                <Coords points="490,2830 1681,2840 1703,2786 490,2778"/>
                <Baseline points="504,2820 563,2821 622,2821 681,2821 740,2821 799,2821 858,2821 917,2821 976,2821 1035,2821 1095,2822 1154,2822 1213,2822 1272,2822 1331,2823 1390,2823 1449,2823 1508,2824 1567,2824 1626,2825 1686,2825"/>
                <TextEquiv>
                    <Unicode>Aktion setzte und auf die Ruhestörer richtete, den Krawall zu</Unicode>
                </TextEquiv>
            </TextLine>
            <TextLine id="r1l82" custom="readingOrder {index:81;}">
                <Coords points="1716,2834 2846,2846 2952,2834 2952,2783 1716,2792"/>
                <Baseline points="1730,2827 1790,2827 1850,2827 1910,2828 1971,2828 2031,2828 2091,2828 2152,2828 2212,2828 2272,2828 2333,2828 2393,2828 2453,2828 2513,2828 2574,2828 2634,2828 2694,2828 2755,2828 2815,2827 2875,2827 2936,2827"/>
                <TextEquiv>
                    <Unicode>an der Residenzbühne vorzeitig abgebrochen worden. Wie an den</Unicode>
                </TextEquiv>
            </TextLine>
            <TextLine id="r1l83" custom="readingOrder {index:82;}">
                <Coords points="488,2884 1704,2886 1704,2832 488,2829"/>
                <Baseline points="504,2869 563,2869 622,2869 681,2869 740,2869 799,2869 858,2869 918,2869 977,2869 1036,2869 1095,2869 1154,2869 1213,2870 1272,2870 1332,2870 1391,2870 1450,2870 1509,2871 1568,2871 1627,2871 1687,2872"/>
                <TextEquiv>
                    <Unicode>beenden. Der inzwischen herbeigeholten Verstärkung der Polizeiwache</Unicode>
                </TextEquiv>
            </TextLine>
            <TextLine id="r1l84" custom="readingOrder {index:83;}">
                <Coords points="1713,2885 2810,2898 2949,2883 2949,2834 1713,2836"/>
                <Baseline points="1729,2875 1789,2875 1849,2875 1909,2875 1970,2875 2030,2875 2090,2875 2150,2876 2211,2876 2271,2876 2331,2876 2391,2876 2452,2876 2512,2876 2572,2876 2632,2876 2693,2876 2753,2876 2813,2876 2873,2876 2934,2876"/>
                <TextEquiv>
                    <Unicode>früheren Abenden seit dem Kampf gegen die Aufführung des</Unicode>
                </TextEquiv>
            </TextLine>
            <TextLine id="r1l85" custom="readingOrder {index:84;}">
                <Coords points="490,2929 1702,2943 1702,2885 1660,2879 490,2883"/>
                <Baseline points="505,2918 564,2917 623,2917 682,2917 741,2917 800,2917 859,2917 919,2917 978,2917 1037,2917 1096,2917 1155,2917 1214,2917 1273,2917 1333,2917 1392,2918 1451,2918 1510,2918 1569,2919 1628,2919 1688,2919"/>
                <TextEquiv>
                    <Unicode>gelang es, die vor dem Theater demonstrierenden Ruhestörer in</Unicode>
                </TextEquiv>
            </TextLine>
            <TextLine id="r1l86" custom="readingOrder {index:85;}">
                <Coords points="1727,2929 2942,2935 2942,2884 2864,2871 1727,2880"/>
                <Baseline points="1743,2922 1802,2922 1861,2923 1920,2923 1979,2923 2038,2923 2097,2924 2157,2924 2216,2923 2275,2923 2334,2923 2393,2923 2452,2923 2511,2923 2571,2923 2630,2923 2689,2923 2748,2923 2807,2923 2866,2923 2926,2924"/>
                <TextEquiv>
                    <Unicode>Stückes war auch gesiern in der Rotenturmstraße ein stacker</Unicode>
                </TextEquiv>
            </TextLine>
            <TextLine id="r1l87" custom="readingOrder {index:86;}">
                <Coords points="488,2988 619,2968 925,2987 974,2969 1031,2994 1116,2973 1116,2925 489,2931"/>
                <Baseline points="504,2964 533,2964 563,2963 593,2963 623,2963 653,2963 683,2963 713,2963 743,2963 773,2963 803,2963 832,2964 862,2964 892,2964 922,2964 952,2965 982,2965 1012,2965 1042,2966 1072,2966 1102,2966"/>
                <TextEquiv>
                    <Unicode>die Rotenturmstraße abzudrängen.</Unicode>
                </TextEquiv>
            </TextLine>
            <TextLine id="r1l88" custom="readingOrder {index:87;}">
                <Coords points="1715,2984 2943,2986 2943,2932 2803,2920 1715,2930"/>
                <Baseline points="1730,2970 1789,2970 1849,2971 1909,2971 1969,2971 2029,2971 2089,2971 2149,2971 2209,2971 2269,2971 2329,2971 2388,2971 2448,2970 2508,2970 2568,2970 2628,2970 2688,2970 2748,2970 2808,2970 2868,2970 2928,2970"/>
                <TextEquiv>
                    <Unicode>Korso von Leuten, die gegen die Aufführung demonstrieren</Unicode>
                </TextEquiv>
            </TextLine>
            <TextLine id="r1l89" custom="readingOrder {index:88;}">
                <Coords points="604,3015 1701,3026 1701,2971 1507,2955 604,2970"/>
                <Baseline points="618,3008 671,3010 724,3011 778,3012 831,3012 884,3013 938,3013 991,3014 1044,3014 1098,3014 1151,3014 1204,3014 1258,3013 1311,3013 1364,3013 1418,3013 1471,3014 1524,3014 1578,3015 1631,3015 1685,3016"/>
                <TextEquiv>
                    <Unicode>Die Sprengung der gestrigen „Reigen"=Vorstellung war</Unicode>
                </TextEquiv>
            </TextLine>
            <TextLine id="r1l90" custom="readingOrder {index:89;}">
                <Coords points="485,3067 1700,3075 1700,3023 1579,3016 485,3006"/>
                <Baseline points="500,3057 559,3058 618,3058 677,3058 736,3059 796,3059 855,3059 914,3060 973,3060 1032,3060 1092,3060 1151,3060 1210,3061 1269,3061 1328,3061 1388,3061 1447,3061 1506,3062 1565,3062 1624,3062 1684,3063"/>
                <TextEquiv>
                    <Unicode>durch Teilnehmer an einer antisemitischen Frontkämpferversammlung.</Unicode>
                </TextEquiv>
            </TextLine>
            <TextLine id="r1l91" custom="readingOrder {index:90;}">
                <Coords points="1724,3074 2821,3083 2949,3071 2949,3023 1724,3026"/>
                <Baseline points="1739,3064 1798,3065 1858,3065 1918,3065 1978,3065 2038,3065 2097,3065 2157,3065 2217,3065 2277,3065 2337,3065 2396,3065 2456,3065 2516,3065 2576,3065 2636,3065 2695,3065 2755,3065 2815,3065 2875,3065 2935,3066"/>
                <TextEquiv>
                    <Unicode>Störung wurden die beiden ersten Bilder aufgeführt. Im dritten</Unicode>
                </TextEquiv>
            </TextLine>
            <TextLine id="r1l92" custom="readingOrder {index:91;}">
                <Coords points="487,3112 1712,3122 1712,3073 1648,3067 487,3066"/>
                <Baseline points="502,3107 561,3107 621,3107 681,3107 740,3107 800,3107 860,3107 919,3108 979,3108 1039,3108 1099,3108 1158,3109 1218,3109 1278,3109 1337,3109 1397,3110 1457,3110 1516,3110 1576,3110 1636,3110 1696,3109"/>
                <TextEquiv>
                    <Unicode>die im allen Rathause stattfand, durchgeführt worden. Die</Unicode>
                </TextEquiv>
            </TextLine>
            <TextLine id="r1l93" custom="readingOrder {index:92;}">
                <Coords points="1721,3124 2937,3123 2937,3074 2797,3065 1721,3072"/>
                <Baseline points="1736,3112 1795,3112 1854,3112 1914,3112 1973,3113 2032,3113 2092,3113 2151,3113 2210,3113 2270,3113 2329,3113 2388,3113 2448,3113 2507,3113 2566,3113 2626,3113 2685,3112 2744,3112 2804,3111 2863,3111 2923,3110"/>
                <TextEquiv>
                    <Unicode>Bilde machte sich schon einige Unruhe geltend. Im vierten Bilde</Unicode>
                </TextEquiv>
            </TextLine>
            <TextLine id="r1l94" custom="readingOrder {index:93;}">
                <Coords points="491,3163 1685,3176 1707,3118 491,3115"/>
                <Baseline points="507,3153 566,3154 625,3154 684,3155 743,3155 802,3155 861,3156 921,3156 980,3156 1039,3156 1098,3156 1157,3156 1216,3157 1275,3157 1335,3157 1394,3157 1453,3157 1512,3157 1571,3157 1630,3157 1690,3157"/>
                <TextEquiv>
                    <Unicode>Versammlungsteilnehmer zogen vom alten Rathaus zu den</Unicode>
                </TextEquiv>
            </TextLine>
            <TextLine id="r1l95" custom="readingOrder {index:94;}">
                <Coords points="1727,3166 2946,3168 2946,3123 2613,3099 2416,3135 1727,3124"/>
                <Baseline points="1742,3159 1801,3159 1861,3160 1920,3160 1980,3160 2039,3160 2099,3160 2158,3161 2218,3160 2277,3160 2337,3160 2396,3160 2456,3160 2515,3160 2575,3160 2634,3159 2694,3159 2753,3159 2813,3159 2872,3159 2932,3158"/>
                <TextEquiv>
                    <Unicode>wurde es im Hause noch unruhiger, und plötzlich wulde eine</Unicode>
                </TextEquiv>
            </TextLine>
            <TextLine id="r1l96" custom="readingOrder {index:95;}">
                <Coords points="485,3209 1701,3223 1701,3174 1634,3159 485,3157"/>
                <Baseline points="500,3203 559,3202 618,3202 677,3202 737,3203 796,3203 855,3203 915,3204 974,3204 1033,3205 1093,3205 1152,3206 1211,3206 1270,3206 1330,3206 1389,3206 1448,3206 1508,3206 1567,3206 1626,3205 1686,3204"/>
                <TextEquiv>
                    <Unicode>Kammerspielen, um dort ihren vorgefaßten Beschluß, die Vor¬</Unicode>
                </TextEquiv>
            </TextLine>
            <TextLine id="r1l97" custom="readingOrder {index:96;}">
                <Coords points="1721,3219 2946,3220 2928,3165 1721,3165"/>
                <Baseline points="1736,3205 1795,3206 1855,3206 1915,3207 1974,3207 2034,3207 2094,3207 2153,3207 2213,3207 2273,3206 2333,3206 2392,3206 2452,3206 2512,3206 2571,3206 2631,3206 2691,3206 2750,3206 2810,3207 2870,3207 2930,3208"/>
                <TextEquiv>
                    <Unicode>Stinsbombe geworfen, die einen durchdringenden Geruch</Unicode>
                </TextEquiv>
            </TextLine>
            <TextLine id="r1l98" custom="readingOrder {index:97;}">
                <Coords points="489,3264 652,3285 783,3260 889,3284 931,3263 1086,3272 1086,3232 1040,3211 919,3220 886,3202 828,3227 789,3208 637,3224 489,3209"/>
                <Baseline points="504,3251 532,3252 560,3253 589,3254 617,3254 646,3254 674,3254 702,3254 731,3254 759,3254 788,3253 816,3253 844,3252 873,3252 901,3252 930,3252 958,3252 986,3252 1015,3252 1043,3253 1072,3254"/>
                <TextEquiv>
                    <Unicode>stellung zu stören, auszuführen.</Unicode>
                </TextEquiv>
            </TextLine>
            <TextLine id="r1l99" custom="readingOrder {index:98;}">
                <Coords points="1717,3264 2851,3272 2948,3266 2948,3214 1717,3218"/>
                <Baseline points="1731,3254 1791,3254 1851,3254 1911,3254 1971,3254 2031,3254 2091,3254 2151,3254 2211,3254 2271,3254 2332,3254 2392,3254 2452,3254 2512,3254 2572,3254 2632,3254 2692,3255 2752,3255 2812,3255 2872,3256 2933,3257"/>
                <TextEquiv>
                    <Unicode>verbreitete. Sie war mit Schwefelwasserstoffgas</Unicode>
                </TextEquiv>
            </TextLine>
            <TextLine id="r1l100" custom="readingOrder {index:99;}">
                <Coords points="1717,3312 2896,3316 2945,3313 2945,3261 1717,3264"/>
                <Baseline points="1731,3303 1794,3303 1857,3302 1920,3302 1983,3301 2046,3301 2109,3301 2172,3300 2235,3300 2298,3300 2362,3300 2425,3300 2488,3300 2551,3300 2614,3300 2677,3300 2740,3300 2803,3300 2866,3300 2930,3300"/>
                <TextEquiv>
                    <Unicode>gefüllt. Ein Herr aus dem Publikum bezeichnete dem</Unicode>
                </TextEquiv>
            </TextLine>
            <TextLine id="r1l101" custom="readingOrder {index:100;}">
                <Coords points="1718,3364 2918,3368 2940,3310 1718,3315"/>
                <Baseline points="1732,3347 1791,3348 1851,3348 1910,3348 1970,3348 2030,3348 2089,3348 2149,3348 2208,3348 2268,3348 2328,3347 2387,3347 2447,3347 2506,3347 2566,3347 2626,3348 2685,3348 2745,3349 2804,3349 2864,3350 2924,3351"/>
                <TextEquiv>
                    <Unicode>diensthabenden Polizeikommissär Dr. Müller den Werfer,</Unicode>
                </TextEquiv>
            </TextLine>
            <TextLine id="r1l102" custom="readingOrder {index:101;}">
                <Coords points="505,3381 644,3348 690,3378 1687,3374 1687,3320 1514,3280 1257,3310 505,3281"/>
                <Baseline points="520,3349 577,3349 635,3349 692,3349 750,3349 808,3350 865,3350 923,3350 980,3350 1038,3350 1096,3350 1153,3351 1211,3351 1268,3351 1326,3351 1384,3351 1441,3351 1499,3351 1556,3351 1614,3351 1672,3351"/>
                <TextEquiv>
                    <Unicode>Der Ueberfall auf das Publikum.</Unicode>
                </TextEquiv>
            </TextLine>
            <TextLine id="r1l103" custom="readingOrder {index:102;}">
                <Coords points="1718,3401 2934,3405 2934,3359 2785,3347 1718,3356"/>
                <Baseline points="1734,3394 1793,3395 1852,3396 1911,3396 1970,3396 2029,3397 2088,3397 2148,3396 2207,3396 2266,3396 2325,3396 2384,3395 2443,3395 2502,3395 2562,3395 2621,3395 2680,3395 2739,3396 2798,3396 2857,3397 2917,3398"/>
                <TextEquiv>
                    <Unicode>einen Oberoffizial, und Dr. Müller ließ ihn</Unicode>
                </TextEquiv>
            </TextLine>
            <TextLine id="r1l104" custom="readingOrder {index:103;}">
                <Coords points="550,3429 1648,3424 1620,3364 550,3371"/>
                <Baseline points="567,3411 620,3411 673,3412 726,3412 780,3413 833,3413 886,3413 940,3413 993,3414 1046,3414 1100,3414 1153,3414 1206,3414 1259,3414 1313,3413 1366,3413 1419,3413 1473,3413 1526,3413 1579,3413 1633,3413"/>
                <TextEquiv>
                    <Unicode>Viele Ohnmachtsanfälle während der Panik.</Unicode>
                </TextEquiv>
            </TextLine>
            <TextLine id="r1l105" custom="readingOrder {index:104;}">
                <Coords points="1717,3452 2935,3446 2935,3406 2708,3391 1717,3401"/>
                <Baseline points="1731,3443 1790,3442 1850,3442 1909,3442 1969,3442 2028,3442 2088,3442 2147,3442 2207,3442 2266,3442 2326,3442 2385,3442 2445,3442 2504,3442 2564,3442 2623,3442 2683,3442 2742,3442 2802,3442 2861,3442 2921,3441"/>
                <TextEquiv>
                    <Unicode>ins Inspektionszimmer kommen, um ihn peotokollarisch einzuver¬</Unicode>
                </TextEquiv>
            </TextLine>
            <TextLine id="r1l106" custom="readingOrder {index:105;}">
                <Coords points="604,3481 1710,3482 1710,3419 604,3423"/>
                <Baseline points="620,3468 673,3468 727,3469 781,3469 835,3469 889,3469 942,3470 996,3470 1050,3470 1104,3470 1158,3470 1211,3471 1265,3471 1319,3471 1373,3471 1427,3471 1480,3470 1534,3470 1588,3470 1642,3469 1696,3469"/>
                <TextEquiv>
                    <Unicode>Von anderer Seite wird uns folgendes mitgeteilt: Die</Unicode>
                </TextEquiv>
            </TextLine>
            <TextLine id="r1l107" custom="readingOrder {index:106;}">
                <Coords points="1716,3498 2935,3504 2935,3446 1716,3449"/>
                <Baseline points="1730,3490 1789,3490 1849,3490 1908,3490 1968,3490 2027,3490 2087,3490 2146,3490 2206,3490 2265,3490 2325,3490 2384,3489 2444,3489 2503,3489 2563,3489 2622,3490 2682,3490 2741,3490 2801,3490 2860,3490 2920,3491"/>
                <TextEquiv>
                    <Unicode>nehmen. Indessen wurden, um den üblen Geruch aus dem</Unicode>
                </TextEquiv>
            </TextLine>
            <TextLine id="r1l108" custom="readingOrder {index:107;}">
                <Coords points="489,3532 1711,3529 1711,3475 1611,3469 489,3474"/>
                <Baseline points="503,3519 562,3518 622,3517 681,3516 741,3516 801,3516 860,3516 920,3516 979,3517 1039,3517 1099,3518 1158,3518 1218,3518 1277,3519 1337,3519 1397,3519 1456,3518 1516,3518 1575,3517 1635,3516 1695,3514"/>
                <TextEquiv>
                    <Unicode>Zahl der Ruhestörer in der gestrigen Vorstellung des „Reigen“ wird</Unicode>
                </TextEquiv>
            </TextLine>
            <TextLine id="r1l109" custom="readingOrder {index:108;}">
                <Coords points="1723,3544 2942,3548 2942,3509 2836,3478 2711,3515 2435,3481 1723,3496"/>
                <Baseline points="1737,3536 1796,3536 1855,3537 1915,3537 1974,3537 2034,3537 2093,3537 2152,3537 2212,3537 2271,3537 2331,3537 2390,3537 2449,3537 2509,3537 2568,3537 2628,3537 2687,3537 2746,3537 2806,3537 2865,3537 2925,3538"/>
                <TextEquiv>
                    <Unicode>Theatersaal entweichen zu lassen, die Türen geöffnet. Zu dieser</Unicode>
                </TextEquiv>
            </TextLine>
            <TextLine id="r1l110" custom="readingOrder {index:109;}">
                <Coords points="490,3571 1696,3576 1696,3524 1599,3512 490,3529"/>
                <Baseline points="506,3564 564,3564 623,3564 682,3564 740,3564 799,3564 858,3564 916,3564 975,3565 1034,3565 1093,3565 1151,3566 1210,3566 1269,3566 1327,3566 1386,3566 1445,3566 1503,3565 1562,3565 1621,3564 1680,3563"/>
                <TextEquiv>
                    <Unicode>auf mindestens tausend geschätzt. Es waren größtenteils junge Leute.</Unicode>
                </TextEquiv>
            </TextLine>
            <TextLine id="r1l111" custom="readingOrder {index:110;}">
                <Coords points="1718,3595 2946,3595 2946,3547 2819,3538 1718,3544"/>
                <Baseline points="1733,3584 1792,3584 1852,3584 1912,3584 1972,3584 2032,3584 2092,3584 2151,3584 2211,3584 2271,3584 2331,3584 2391,3584 2451,3584 2511,3584 2570,3584 2630,3584 2690,3584 2750,3584 2810,3584 2870,3584 2930,3585"/>
                <TextEquiv>
                    <Unicode>Zeit hatten sich die Demonstrau en auf der Straße schon vor dem</Unicode>
                </TextEquiv>
            </TextLine>
            <TextLine id="r1l112" custom="readingOrder {index:111;}">
                <Coords points="1616,3622 1640,3625 1649,3616 1655,3616 1661,3622 1670,3616 1682,3616 1691,3622 1707,3622 1707,3571 1676,3571 1670,3577 1667,3574 1661,3577 1655,3571 1616,3571"/>
                <Baseline points="1632,3610 1661,3609 1690,3610"/>
                <TextEquiv>
                    <Unicode>von</Unicode>
                </TextEquiv>
            </TextLine>
            <TextLine id="r1l113" custom="readingOrder {index:112;}">
                <Coords points="498,3626 1577,3629 1623,3571 498,3572"/>
                <Baseline points="512,3612 566,3611 621,3611 676,3611 731,3611 786,3611 841,3612 895,3612 950,3612 1005,3612 1060,3612 1115,3613 1170,3613 1225,3613 1279,3613 1334,3613 1389,3613 1444,3613 1499,3613 1554,3613 1609,3612"/>
                <TextEquiv>
                    <Unicode>von denen sich ein Teil im Heiligenkreuzerhof versammelte,</Unicode>
                </TextEquiv>
            </TextLine>
            <TextLine id="r1l114" custom="readingOrder {index:113;}">
                <Coords points="1721,3639 2943,3653 2943,3592 2852,3583 1721,3579"/>
                <Baseline points="1737,3631 1796,3632 1856,3632 1915,3632 1975,3632 2034,3632 2094,3632 2153,3631 2213,3631 2272,3631 2332,3631 2391,3631 2451,3631 2510,3631 2570,3631 2629,3632 2689,3632 2748,3632 2808,3633 2867,3634 2927,3635"/>
                <TextEquiv>
                    <Unicode>Theatereingang gesammelt, und plötzlich stürmten sie auf</Unicode>
                </TextEquiv>
            </TextLine>
            <TextLine id="r1l115" custom="readingOrder {index:114;}">
                <Coords points="498,3672 1514,3679 1704,3670 1705,3619 498,3620"/>
                <Baseline points="512,3660 570,3659 629,3659 688,3659 747,3659 806,3659 865,3659 923,3660 982,3660 1041,3660 1100,3661 1159,3661 1218,3661 1277,3662 1335,3662 1394,3662 1453,3661 1512,3661 1571,3660 1630,3659 1689,3657"/>
                <TextEquiv>
                    <Unicode>wo sie zum Theater zogen, beim Eingang am Fleischmarkt die</Unicode>
                </TextEquiv>
            </TextLine>
            <TextLine id="r1l116" custom="readingOrder {index:115;}">
                <Coords points="1712,3686 2937,3691 2858,3633 1712,3637"/>
                <Baseline points="1727,3678 1786,3678 1846,3678 1906,3678 1966,3679 2025,3679 2085,3678 2145,3678 2205,3678 2264,3678 2324,3678 2384,3678 2444,3678 2503,3678 2563,3678 2623,3679 2683,3679 2742,3679 2802,3680 2862,3681 2922,3682"/>
                <TextEquiv>
                    <Unicode>den befeuernden Ruf einer Frau in das Theater,</Unicode>
                </TextEquiv>
            </TextLine>
            <TextLine id="r1l117" custom="readingOrder {index:116;}">
                <Coords points="491,3722 1585,3732 1709,3714 1709,3665 491,3674"/>
                <Baseline points="507,3709 566,3708 625,3706 685,3706 744,3706 804,3705 863,3705 922,3706 982,3706 1041,3706 1101,3707 1160,3707 1219,3708 1279,3708 1338,3708 1398,3708 1457,3708 1516,3707 1576,3706 1635,3705 1695,3704"/>
                <TextEquiv>
                    <Unicode>zwei Mann Potizeiwache beiseite drängten, das Gittertor eindrückten</Unicode>
                </TextEquiv>
            </TextLine>
            <TextLine id="r1l118" custom="readingOrder {index:117;}">
                <Coords points="1714,3734 2936,3739 2905,3685 1714,3685"/>
                <Baseline points="1730,3725 1789,3726 1849,3726 1908,3726 1968,3726 2028,3726 2087,3726 2147,3726 2206,3726 2266,3725 2326,3725 2385,3725 2445,3725 2504,3725 2564,3725 2624,3725 2683,3725 2743,3726 2802,3726 2862,3726 2922,3726"/>
                <TextEquiv>
                    <Unicode>überrannten den Kommissär Dr. Müllerund</Unicode>
                </TextEquiv>
            </TextLine>
            <TextLine id="r1l119" custom="readingOrder {index:118;}">
                <Coords points="489,3762 1659,3770 1707,3767 1708,3713 489,3717"/>
                <Baseline points="505,3754 564,3754 623,3754 682,3754 742,3754 801,3754 860,3755 920,3755 979,3755 1038,3756 1098,3756 1157,3756 1216,3756 1275,3757 1335,3757 1394,3756 1453,3756 1513,3756 1572,3755 1631,3754 1691,3753"/>
                <TextEquiv>
                    <Unicode>und ins Theater stürmten. Im Zuschauerraum wurden außer</Unicode>
                </TextEquiv>
            </TextLine>
            <TextLine id="r1l120" custom="readingOrder {index:119;}">
                <Coords points="1724,3782 2915,3787 2942,3730 1724,3740"/>
                <Baseline points="1739,3775 1798,3774 1857,3774 1917,3773 1976,3773 2036,3773 2095,3773 2154,3772 2214,3772 2273,3772 2333,3772 2392,3772 2451,3772 2511,3772 2570,3772 2630,3772 2689,3773 2748,3773 2808,3773 2867,3774 2927,3774"/>
                <TextEquiv>
                    <Unicode>die fünf Sicherheitswachen und dr ngen in die</Unicode>
                </TextEquiv>
            </TextLine>
            <TextLine id="r1l121" custom="readingOrder {index:120;}">
                <Coords points="487,3817 1715,3809 1715,3764 1578,3745 487,3762"/>
                <Baseline points="501,3802 561,3802 621,3801 681,3801 741,3802 801,3802 861,3802 921,3802 981,3803 1041,3803 1101,3804 1161,3804 1221,3804 1281,3804 1341,3804 1401,3804 1461,3804 1521,3803 1581,3802 1641,3801 1701,3800"/>
                <TextEquiv>
                    <Unicode>Stinkbomben auch Teereier ins Publikum</Unicode>
                </TextEquiv>
            </TextLine>
            <TextLine id="r1l122" custom="readingOrder {index:121;}">
                <Coords points="1727,3831 2866,3845 2948,3830 2948,3772 1727,3782"/>
                <Baseline points="1742,3822 1801,3822 1861,3822 1920,3821 1980,3821 2040,3821 2099,3821 2159,3821 2218,3820 2278,3820 2338,3820 2397,3820 2457,3820 2516,3820 2576,3820 2636,3820 2695,3821 2755,3821 2814,3821 2874,3822 2934,3822"/>
                <TextEquiv>
                    <Unicode>Theatersaal. Sie stürmten in Parkett und Logen, warfen</Unicode>
                </TextEquiv>
            </TextLine>
            <TextLine id="r1l123" custom="readingOrder {index:122;}">
                <Coords points="492,3862 1602,3867 1705,3861 1705,3807 492,3810"/>
                <Baseline points="507,3853 566,3852 625,3851 684,3850 743,3849 802,3849 861,3849 920,3849 979,3849 1038,3850 1098,3850 1157,3850 1216,3851 1275,3851 1334,3851 1393,3851 1452,3851 1511,3851 1570,3850 1629,3849 1689,3848"/>
                <TextEquiv>
                    <Unicode>geschleudert, so daß vielen Besuchern die Kleider gänzlich</Unicode>
                </TextEquiv>
            </TextLine>
            <TextLine id="r1l124" custom="readingOrder {index:123;}">
                <Coords points="1719,3876 2941,3881 2941,3830 2802,3823 1719,3828"/>
                <Baseline points="1735,3871 1794,3870 1854,3869 1913,3868 1973,3868 2033,3867 2092,3867 2152,3867 2211,3867 2271,3867 2331,3868 2390,3868 2450,3868 2509,3869 2569,3869 2629,3869 2688,3870 2748,3870 2807,3870 2867,3870 2927,3870"/>
                <TextEquiv>
                    <Unicode>unter Pfuirufen und unter Lärm die Sessel aus den</Unicode>
                </TextEquiv>
            </TextLine>
            <TextLine id="r1l125" custom="readingOrder {index:124;}">
                <Coords points="495,3905 1602,3915 1702,3903 1702,3855 495,3859"/>
                <Baseline points="512,3899 570,3898 629,3897 688,3897 747,3896 805,3896 864,3897 923,3897 982,3897 1040,3898 1099,3898 1158,3899 1217,3899 1275,3900 1334,3900 1393,3900 1452,3899 1510,3899 1569,3898 1628,3896 1687,3895"/>
                <TextEquiv>
                    <Unicode>beschmutzt wurden. Es entstand eine wüste Keilerei, da sich viele</Unicode>
                </TextEquiv>
            </TextLine>
            <TextLine id="r1l126" custom="readingOrder {index:125;}">
                <Coords points="1717,3927 2942,3934 2942,3880 2814,3868 1717,3875"/>
                <Baseline points="1731,3917 1790,3917 1850,3917 1910,3917 1970,3917 2029,3917 2089,3917 2149,3916 2209,3916 2268,3916 2328,3916 2388,3915 2448,3915 2507,3915 2567,3915 2627,3915 2687,3915 2746,3916 2806,3916 2866,3917 2926,3918"/>
                <TextEquiv>
                    <Unicode>Logen ins Parterre, schleuderten mit Teer</Unicode>
                </TextEquiv>
            </TextLine>
            <TextLine id="r1l127" custom="readingOrder {index:126;}">
                <Coords points="478,3953 1703,3979 1682,3900 479,3905"/>
                <Baseline points="495,3949 554,3947 614,3947 674,3946 733,3946 793,3945 853,3946 912,3946 972,3946 1032,3947 1092,3947 1151,3947 1211,3948 1271,3948 1330,3948 1390,3949 1450,3948 1509,3948 1569,3947 1629,3946 1689,3945"/>
                <TextEquiv>
                    <Unicode>Herren gegen die Ruhestörer zur Wehr setzten, um sich</Unicode>
                </TextEquiv>
            </TextLine>
            <TextLine id="r1l128" custom="readingOrder {index:127;}">
                <Coords points="1721,3982 2727,3986 2946,3971 2946,3925 1721,3931"/>
                <Baseline points="1737,3968 1796,3967 1856,3966 1915,3965 1975,3964 2035,3964 2094,3964 2154,3964 2213,3964 2273,3964 2333,3964 2392,3964 2452,3964 2511,3964 2571,3964 2631,3964 2690,3964 2750,3964 2809,3964 2869,3963 2929,3963"/>
                <TextEquiv>
                    <Unicode>gefüllte Eier gegen die Besucher und</Unicode>
                </TextEquiv>
            </TextLine>
            <TextLine id="r1l129" custom="readingOrder {index:128;}">
                <Coords points="483,4031 911,3998 1478,4031 1584,4019 1584,3955 483,3956"/>
                <Baseline points="500,3997 553,3996 606,3996 660,3996 713,3995 767,3995 820,3995 873,3995 927,3995 980,3995 1034,3995 1087,3996 1140,3996 1194,3996 1247,3996 1301,3996 1354,3996 1407,3995 1461,3995 1514,3995 1568,3995"/>
                <TextEquiv>
                    <Unicode>den Ausgang zu erkämpsen. Ihnen wurden</Unicode>
                </TextEquiv>
            </TextLine>
            <TextLine id="r1l130" custom="readingOrder {index:129;}">
                <Coords points="1703,4023 2942,4021 2942,3979 2815,3958 2715,3989 1703,3977"/>
                <Baseline points="1719,4020 1779,4017 1839,4015 1900,4013 1960,4011 2021,4011 2081,4010 2141,4010 2202,4010 2262,4010 2323,4010 2383,4010 2443,4011 2504,4011 2564,4011 2625,4012 2685,4012 2745,4011 2806,4011 2866,4010 2927,4009"/>
                <TextEquiv>
                    <Unicode>[gegen den eisernen Vorhang, der unterdessen</Unicode>
                </TextEquiv>
            </TextLine>
            <TextLine id="r1l131" custom="readingOrder {index:130;}">
                <Coords points="771,4070 874,4055 1186,4079 1280,4061 1326,4086 1404,4074 1405,4013 771,4006"/>
                <Baseline points="786,4052 816,4051 846,4050 876,4050 906,4049 937,4049 967,4049 997,4049 1027,4050 1057,4050 1088,4050 1118,4051 1148,4051 1178,4052 1208,4052 1239,4052 1269,4053 1299,4053 1329,4053 1359,4053 1390,4053"/>
                <TextEquiv>
                    <Unicode>die Kleider herabgerissen,</Unicode>
                </TextEquiv>
            </TextLine>
            <TextLine id="r1l132" custom="readingOrder {index:131;}">
                <Coords points="1708,4066 2939,4067 2939,4022 2842,4016 1708,4023"/>
                <Baseline points="1723,4061 1783,4060 1843,4059 1903,4059 1963,4058 2023,4058 2083,4058 2143,4057 2203,4057 2263,4057 2323,4057 2383,4057 2443,4057 2503,4057 2563,4058 2623,4058 2683,4058 2743,4058 2803,4058 2863,4058 2924,4058"/>
                <TextEquiv>
                    <Unicode>herabgelessen worden war und zwangen durch ihr gewalttätiges</Unicode>
                </TextEquiv>
            </TextLine>
            <TextLine id="r1l133" custom="readingOrder {index:132;}">
                <Coords points="480,4115 2935,4127 2693,4058 480,4039"/>
                <Baseline points="495,4110 616,4110 737,4111 858,4111 979,4111 1101,4111 1222,4110 1343,4110 1464,4110 1585,4109 1707,4109 1828,4108 1949,4108 2070,4108 2191,4107 2313,4107 2434,4107 2555,4106 2676,4106 2797,4106 2919,4106"/>
                <TextEquiv>
                    <Unicode>ebenso auch ihren begleitenden Damen, von denen viele Vorgehen die Besucher des Hauses zur Flucht. Ein Teil floh au</Unicode>
                </TextEquiv>
            </TextLine>
            <TextLine id="r1l134" custom="readingOrder {index:133;}">
                <Coords points="2261,4181 2300,4179 2306,4186 2355,4181 2357,4115 2327,4114 2317,4122 2305,4119 2299,4122 2291,4112 2284,4118 2281,4115 2263,4118"/>
                <Baseline points="2277,4176 2308,4176 2339,4178"/>
                <TextEquiv>
                    <Unicode>W</Unicode>
                </TextEquiv>
            </TextLine>
            <TextLine id="r1l135" custom="readingOrder {index:134;}">
                <Coords points="2685,4214 2849,4219 2882,4210 2943,4220 2944,4130 2926,4132 2905,4117 2799,4127 2747,4111 2711,4126 2686,4123"/>
                <Baseline points="2700,4181 2725,4183 2750,4183 2775,4183 2800,4183 2826,4183 2851,4183 2876,4183 2901,4185 2927,4188"/>
                <TextEquiv>
                    <Unicode> nelche.</Unicode>
                </TextEquiv>
            </TextLine>
            <TextEquiv>
                <Unicode>Neues Wiener Journal
Seite 3
17. Februar 1921
Gesem.
den, Teereiern i
Mit 6i
Wie die gestrige „Reigen“=Vorstellung gesprengt wurde.
Ohnmachtsanfälle erlitten. Einige Zuschauer suchten
Diegestrige= Vorstellung des  Resgen“ ia den Kammer¬
sich von den Logen auf die Bühne zu retten, während
spielen wüurdt durch einen großen Krawall, sowohl von Leuten,
bereits der eiserne Vorhang emporstieg. Eine Dame konnte sich
die sich in der Vorstellung befanden, als auch von einigen hundert
nur mit Mühe noch über den aufsteigenden Vorhang schwingen.
Demonstranten, die sich auf der Straße ansammelten, gestört und
Die Ruhestörer wollten auch in die Bühnengarderobe eindringen,
konnte nicht zu Ende geführt werden.
wurden aber von den Garderobieren und dem Personale sowie
Die Vorstellung begann wie gewöhnlich um 7 Uhr und
schien anfangs ganz ruhig zu verlaufen. Etwa um ¾8 Uhr
von der Feuerwehr,
wurden im Theater von Zuschauern, die sich Karten verschafft
die die Anstürmenden aus den Wasserschläuchen anspritzte, ver¬
hatten, Stinkbomben in den Zuschauerraum
trieben. Ein Garderobier erlitt bef dem Kampf mit den Ein¬
geworfen, die einen unerträglichen Geruch
dringenden Verletzungen. In den Garderoben stellten sich die
verbreiteten. Dies schien das Zeichen für die weiteren Störungen
Ruhestörer auf die Tische und beschimpften die forteilenden Zu¬
der Vorstellung zu sein. Die Direktion veranlaßte sofort eine
schauer. Einige von den Theaterbesuchern wurden gröblich in¬
gründliche Lüftung des Zuschauerraumes, das Publikum war
sultiert und erhielten
jedoch bereits sehr beunruhigt, viele Besucher verließen das
Ohrfeigen und Püffe.
Theater und drüngten sich in die Garderoben.
So wurde Graf Salm, der im Foyer stand und auf
Inzwischen hatten sich beim Eingang in das Theater vom
den Zuruf „Juden hinaus!“ reagierte, von den Exze¬
Fleischmarkt her eine Anzahl von Demonstranten den
denten geschlagen. In dem furchtbaren Gedränge bei
Zutritt ins Theater erzwungen und stürmten mit Pfui¬
den Glastüren ging eine große Glasscheibe in Trümmer. Der
rufen durch die Gänge und Garderoben hinauf in den
Exzeß dauerte länger als eine halbe Stunde. Im ganzen wurden
Zuschauerraum, wo sie sich auf das
acht Verhaftungen vorgenommen. Der Polizeisukkurs
Publikum stürzten und es zum Teil mit
aus der Postgasse kam viel zu spät. Im Hause waren nur
Gewalt hinausdrängten.
sechzehn Polizeiorgane anwesend, die natürlich viel zu schwach
Es entstand eine Panik,
waren, um die große Menge zurückzudrängen.
bei der zahlreiche Personen, darunter auch mehrere Frauen zu
Teil
Die Nachtvorstellung war ebenfalls ausverkauft. Ein
Falle kamen. Die Demonstranten warfen aus den
des Publikums hatte sich bereits in das mittlerweile gelüstete und
Logen, in die sie gedrungen waren, Sessel in den
geceinigte Haus begeben und stand erwartungsvoll im Foyer.
Zuschauerraum. Ein Stuhl flog gegen den inzwischen
Da kam ein Polizeioffizier und überbrachte die Mitteilung, deß
herabgelassenen eisernen Vorhang und
die Nachtvorstellung polizeilich ab gesaige
zerbrach. Viele Besucher der Vorstellung suchten raschestens
sei. Darauf entfernte sich das Publikum.
das Theater zu verlassen und kamen erst später zurück,
Die unerhörten Skaudalszenen in
um sich ihre Garderobe abzuholen. Die im Haue
befindliche Polizeiwache war zu schwach, um die Ruhestöner
polizeilicher Parstellung.
hinauszubeiördern. Es kam in der Garderobe zu Zusammen¬
Die „Helden“ des Abends: Schustergehilfen und
stößen zwischen Demonstranten, den Bediensteten des Theaters
Lehrlinge.
und den Polizeiorganen. Dabei wurden ein Garderobier und eine
Garderobierin verletzt. Schließlich gelang es der Feuer¬
Gestern abend ist durch eine gewalttätige Demon¬
wehr, die die Schlauchspritzen bei den Hydranten in
stration die Aufführung der Bilderserie Schnitzlers „Der Reigen“
Aktion setzte und auf die Ruhestörer richtete, den Krawall zu
an der Residenzbühne vorzeitig abgebrochen worden. Wie an den
beenden. Der inzwischen herbeigeholten Verstärkung der Polizeiwache
früheren Abenden seit dem Kampf gegen die Aufführung des
gelang es, die vor dem Theater demonstrierenden Ruhestörer in
Stückes war auch gesiern in der Rotenturmstraße ein stacker
die Rotenturmstraße abzudrängen.
Korso von Leuten, die gegen die Aufführung demonstrieren
Die Sprengung der gestrigen „Reigen"=Vorstellung war
durch Teilnehmer an einer antisemitischen Frontkämpferversammlung.
Störung wurden die beiden ersten Bilder aufgeführt. Im dritten
die im allen Rathause stattfand, durchgeführt worden. Die
Bilde machte sich schon einige Unruhe geltend. Im vierten Bilde
Versammlungsteilnehmer zogen vom alten Rathaus zu den
wurde es im Hause noch unruhiger, und plötzlich wulde eine
Kammerspielen, um dort ihren vorgefaßten Beschluß, die Vor¬
Stinsbombe geworfen, die einen durchdringenden Geruch
stellung zu stören, auszuführen.
verbreitete. Sie war mit Schwefelwasserstoffgas
gefüllt. Ein Herr aus dem Publikum bezeichnete dem
diensthabenden Polizeikommissär Dr. Müller den Werfer,
Der Ueberfall auf das Publikum.
einen Oberoffizial, und Dr. Müller ließ ihn
Viele Ohnmachtsanfälle während der Panik.
ins Inspektionszimmer kommen, um ihn peotokollarisch einzuver¬
Von anderer Seite wird uns folgendes mitgeteilt: Die
nehmen. Indessen wurden, um den üblen Geruch aus dem
Zahl der Ruhestörer in der gestrigen Vorstellung des „Reigen“ wird
Theatersaal entweichen zu lassen, die Türen geöffnet. Zu dieser
auf mindestens tausend geschätzt. Es waren größtenteils junge Leute.
Zeit hatten sich die Demonstrau en auf der Straße schon vor dem
von
von denen sich ein Teil im Heiligenkreuzerhof versammelte,
Theatereingang gesammelt, und plötzlich stürmten sie auf
wo sie zum Theater zogen, beim Eingang am Fleischmarkt die
den befeuernden Ruf einer Frau in das Theater,
zwei Mann Potizeiwache beiseite drängten, das Gittertor eindrückten
überrannten den Kommissär Dr. Müllerund
und ins Theater stürmten. Im Zuschauerraum wurden außer
die fünf Sicherheitswachen und dr ngen in die
Stinkbomben auch Teereier ins Publikum
Theatersaal. Sie stürmten in Parkett und Logen, warfen
geschleudert, so daß vielen Besuchern die Kleider gänzlich
unter Pfuirufen und unter Lärm die Sessel aus den
beschmutzt wurden. Es entstand eine wüste Keilerei, da sich viele
Logen ins Parterre, schleuderten mit Teer
Herren gegen die Ruhestörer zur Wehr setzten, um sich
gefüllte Eier gegen die Besucher und
den Ausgang zu erkämpsen. Ihnen wurden
[gegen den eisernen Vorhang, der unterdessen
die Kleider herabgerissen,
herabgelessen worden war und zwangen durch ihr gewalttätiges
ebenso auch ihren begleitenden Damen, von denen viele Vorgehen die Besucher des Hauses zur Flucht. Ein Teil floh au
W
 nelche.</Unicode>
            </TextEquiv>
        </TextRegion>
    </Page>
</PcGts>
