<?xml version="1.0" encoding="UTF-8" standalone="yes"?>
<PcGts xmlns="http://schema.primaresearch.org/PAGE/gts/pagecontent/2013-07-15" xmlns:xsi="http://www.w3.org/2001/XMLSchema-instance" xsi:schemaLocation="http://schema.primaresearch.org/PAGE/gts/pagecontent/2013-07-15 http://schema.primaresearch.org/PAGE/gts/pagecontent/2013-07-15/pagecontent.xsd">
    <Metadata>
        <Creator>prov=University of Rostock/Institute of Mathematics/CITlab/Gundram Leifert/gundram.leifert@uni-rostock.de:name=ONB_Newseye_GT_M1+(htr_id=10810)::::v=2.4.3
prov=University of Rostock/Institute of Mathematics/CITlab/Tobias Gruening/tobias.gruening@uni-rostock.de:name=de.uros.citlab.module.baseline2polygon.B2PSeamMultiOriented:v=2.4.3
prov=University of Rostock/Institute of Mathematics/CITlab/Tobias Gruening/tobias.gruening@uni-rostock.de:name=/net_tf/LA73_249_0mod360.pb:de.uros.citlab.segmentation.CITlab_LA_ML:v=2.4.3
Transkribus</Creator>
        <Created>2019-10-07T11:40:20.828+02:00</Created>
        <LastChange>2019-12-04T21:39:45.194+01:00</LastChange>
        <TranskribusMetadata docId="223982" pageId="9504478" pageNr="701" tsid="20415675" status="IN_PROGRESS" userId="40391" imgUrl="https://files.transkribus.eu/Get?id=ZPKEZNVUBHRPDOKQITNDKQWV&amp;fileType=view" xmlUrl="https://files.transkribus.eu/Get?id=GPCLEUMMBBHCIRKGFIHEEZDE" imageId="6194692"/>
    </Metadata>
    <Page imageFilename="223982_0701.jpeg" imageWidth="3392" imageHeight="4320">
        <ReadingOrder>
            <OrderedGroup id="ro_1711448625180" caption="Regions reading order">
                <RegionRefIndexed index="0" regionRef="r1"/>
                <RegionRefIndexed index="1" regionRef="r2"/>
                <RegionRefIndexed index="2" regionRef="r3"/>
                <RegionRefIndexed index="3" regionRef="r4"/>
            </OrderedGroup>
        </ReadingOrder>
        <TextRegion orientation="0.0" id="r1" custom="readingOrder {index:0;}">
            <Coords points="286,92 286,252 411,252 411,92"/>
            <TextLine id="r1l1" custom="readingOrder {index:0;}">
                <Coords points="277,220 311,214 323,221 351,222 375,208 398,216 404,210 417,210 420,171 382,171 347,136 325,141 315,134 303,145 299,140 283,139"/>
                <Baseline points="286,193 311,192 336,192 361,194 386,197 411,202"/>
                <TextEquiv>
                    <Unicode>11.</Unicode>
                </TextEquiv>
            </TextLine>
            <TextEquiv>
                <Unicode>11.</Unicode>
            </TextEquiv>
        </TextRegion>
        <TextRegion orientation="0.0" id="r2" custom="readingOrder {index:1;}">
            <Coords points="434,160 434,3283 1632,3283 1632,160"/>
            <TextLine id="r2l1" custom="readingOrder {index:0;}">
                <Coords points="977,212 1024,198 1049,213 1068,195 1139,191 1187,203 1225,189 1277,210 1316,185 1368,194 1368,130 1220,142 1201,131 1150,150 1081,134 1059,149 976,136"/>
                <Baseline points="983,188 1008,189 1033,189 1058,190 1083,190 1109,190 1134,190 1159,190 1184,190 1209,190 1235,190 1260,189 1285,188 1310,188 1335,187 1361,185"/>
                <TextEquiv>
                    <Unicode>box 18/1</Unicode>
                </TextEquiv>
            </TextLine>
            <TextLine id="r2l2" custom="readingOrder {index:1;}">
                <Coords points="483,233 552,221 616,228 660,218 684,227 774,214 775,154 695,145 638,148 622,160 586,152 538,194 483,193"/>
                <Baseline points="490,206 515,206 540,206 565,206 590,206 615,206 641,206 666,206 691,206 716,206 741,207 767,207"/>
                <TextEquiv>
                    <Unicode>igen</Unicode>
                </TextEquiv>
            </TextLine>
            <TextLine id="r2l3" custom="readingOrder {index:2;}">
                <Coords points="437,1270 745,1255 924,1283 1005,1251 1153,1280 1269,1255 1269,1223 1171,1193 1140,1219 1087,1191 1051,1224 991,1191 833,1237 796,1201 741,1235 685,1197 437,1209"/>
                <Baseline points="444,1257 484,1257 525,1257 566,1257 607,1257 648,1256 689,1256 730,1256 771,1256 812,1256 853,1256 893,1256 934,1256 975,1255 1016,1255 1057,1254 1098,1254 1139,1253 1180,1253 1221,1252 1262,1251"/>
                <TextEquiv>
                    <Unicode>Rlose &amp; Seider</Unicode>
                </TextEquiv>
            </TextLine>
            <TextLine id="r2l4" custom="readingOrder {index:3;}">
                <Coords points="464,1361 750,1339 1127,1359 1223,1345 1223,1296 1138,1277 990,1304 894,1276 464,1300"/>
                <Baseline points="471,1341 508,1340 545,1340 582,1340 619,1340 657,1339 694,1339 731,1339 768,1339 805,1339 843,1339 880,1339 917,1338 954,1338 991,1338 1029,1338 1066,1337 1103,1337 1140,1336 1177,1336 1215,1335"/>
                <TextEquiv>
                    <Unicode>Bureau für Zeitungsausschnitte</Unicode>
                </TextEquiv>
            </TextLine>
            <TextLine id="r2l5" custom="readingOrder {index:4;}">
                <Coords points="477,1428 675,1427 718,1403 920,1433 1003,1408 1223,1429 1223,1359 1092,1344 869,1375 477,1356"/>
                <Baseline points="484,1408 520,1408 557,1407 593,1407 630,1407 667,1407 703,1407 740,1407 776,1407 813,1407 850,1407 886,1408 923,1408 959,1408 996,1407 1033,1407 1069,1406 1106,1406 1142,1405 1179,1403 1216,1402"/>
                <TextEquiv>
                    <Unicode>Berlin HO. 43, Georgenkirchplatz 21</Unicode>
                </TextEquiv>
            </TextLine>
            <TextLine id="r2l6" custom="readingOrder {index:5;}">
                <Coords points="1135,1585 1146,1584 1157,1575 1165,1577 1169,1572 1182,1576 1187,1571 1206,1568 1202,1504 1186,1504 1182,1501 1180,1505 1164,1503 1155,1505 1141,1515 1130,1515"/>
                <Baseline points="1140,1562 1169,1560 1198,1558"/>
                <TextEquiv>
                    <Unicode>37</Unicode>
                </TextEquiv>
            </TextLine>
            <TextLine id="r2l7" custom="readingOrder {index:6;}">
                <Coords points="426,1652 557,1655 640,1626 693,1647 769,1631 887,1647 914,1629 1065,1654 1065,1596 962,1556 796,1572 716,1541 513,1593 426,1582"/>
                <Baseline points="434,1636 465,1635 496,1634 527,1633 558,1633 590,1632 621,1632 652,1631 683,1631 714,1630 746,1630 777,1630 808,1629 839,1629 870,1629 902,1629 933,1629 964,1629 995,1629 1026,1629 1058,1629"/>
                <TextEquiv>
                    <Unicode>T. Orin</Unicode>
                </TextEquiv>
            </TextLine>
            <TextLine id="r2l8" custom="readingOrder {index:7;}">
                <Coords points="434,1766 592,1730 752,1760 787,1738 1068,1746 1096,1734 1096,1673 938,1672 884,1698 671,1672 645,1695 434,1701"/>
                <Baseline points="442,1744 474,1741 506,1738 539,1736 571,1735 603,1734 636,1734 668,1734 700,1734 733,1735 765,1736 797,1737 830,1738 862,1738 894,1739 927,1739 959,1739 991,1738 1024,1737 1056,1736 1089,1733"/>
                <TextEquiv>
                    <Unicode> Memnett</Unicode>
                </TextEquiv>
            </TextLine>
            <TextLine id="r2l9" custom="readingOrder {index:8;}">
                <Coords points="669,1876 681,1868 693,1870 724,1848 764,1864 775,1855 784,1863 792,1862 780,1771 756,1779 737,1775 695,1791 677,1784 658,1789"/>
                <Baseline points="673,1849 700,1841 727,1834 754,1832 782,1838"/>
                <TextEquiv>
                    <Unicode>0</Unicode>
                </TextEquiv>
            </TextLine>
            <TextLine id="r2l10" custom="readingOrder {index:9;}">
                <Coords points="433,1874 449,1865 463,1872 481,1858 504,1867 523,1853 533,1860 541,1853 556,1860 562,1854 604,1855 615,1850 615,1824 578,1809 571,1815 531,1812 513,1797 495,1796 488,1802 481,1794 477,1799 432,1794"/>
                <Baseline points="440,1846 468,1847 496,1847 524,1846 552,1845 580,1845 608,1844"/>
                <TextEquiv>
                    <Unicode>Datum:</Unicode>
                </TextEquiv>
            </TextLine>
            <TextLine id="r2l11" custom="readingOrder {index:10;}">
                <Coords points="535,2014 1614,2025 1614,1960 536,1971"/>
                <Baseline points="543,2007 596,2007 649,2007 702,2007 755,2008 809,2008 862,2008 915,2008 968,2008 1021,2008 1075,2008 1128,2008 1181,2009 1234,2009 1287,2009 1341,2009 1394,2009 1447,2009 1500,2009 1553,2009 1607,2009"/>
                <TextEquiv>
                    <Unicode>Gestern fand im Kleinen Schauspielhaus die Erst¬</Unicode>
                </TextEquiv>
            </TextLine>
            <TextLine id="r2l12" custom="readingOrder {index:11;}">
                <Coords points="457,2096 1618,2099 1601,2052 457,2055"/>
                <Baseline points="464,2087 521,2087 578,2087 636,2086 693,2086 750,2086 808,2085 865,2085 922,2085 980,2085 1037,2085 1094,2085 1152,2085 1209,2085 1266,2085 1324,2085 1381,2086 1438,2086 1496,2087 1553,2087 1611,2088"/>
                <TextEquiv>
                    <Unicode>nissen. Zuerst sprach die Direktorig Frau Gertrud Eysoldt einen</Unicode>
                </TextEquiv>
            </TextLine>
            <TextLine id="r2l13" custom="readingOrder {index:12;}">
                <Coords points="457,2132 1615,2128 1615,2096 1548,2093 457,2094"/>
                <Baseline points="464,2126 521,2126 578,2126 635,2126 692,2125 750,2125 807,2125 864,2124 921,2124 978,2124 1036,2124 1093,2124 1150,2124 1207,2124 1264,2124 1322,2124 1379,2125 1436,2125 1493,2125 1550,2126 1608,2126"/>
                <TextEquiv>
                    <Unicode>„Prolog“, dessen Inhalt sie aus den verschiedensten Gründen (wegen</Unicode>
                </TextEquiv>
            </TextLine>
            <TextLine id="r2l14" custom="readingOrder {index:13;}">
                <Coords points="1047,2177 1612,2172 1612,2137 1492,2129 1441,2151 1370,2130 1177,2143 1048,2129"/>
                <Baseline points="1055,2162 1082,2162 1110,2163 1137,2163 1165,2164 1192,2164 1220,2164 1247,2164 1275,2164 1302,2164 1330,2164 1357,2164 1385,2164 1412,2164 1440,2164 1467,2164 1495,2164 1522,2165 1550,2165 1577,2165 1605,2166"/>
                <TextEquiv>
                    <Unicode>— so) in gut zur Schau getragene</Unicode>
                </TextEquiv>
            </TextLine>
            <TextLine id="r2l15" custom="readingOrder {index:14;}">
                <Coords points="452,2167 1049,2175 1049,2131 999,2123 872,2145 792,2128 452,2136"/>
                <Baseline points="460,2164 489,2164 518,2164 547,2164 576,2164 605,2164 634,2164 663,2164 692,2164 721,2164 750,2164 779,2164 808,2164 837,2164 866,2164 895,2164 924,2163 953,2163 982,2162 1011,2162 1041,2161"/>
                <TextEquiv>
                    <Unicode>ihrer Kunstauffassung und auch¬</Unicode>
                </TextEquiv>
            </TextLine>
            <TextLine id="r2l16" custom="readingOrder {index:15;}">
                <Coords points="452,2210 1617,2213 1584,2170 452,2169"/>
                <Baseline points="460,2205 517,2205 575,2204 632,2204 690,2203 747,2203 805,2203 862,2202 920,2202 977,2202 1035,2202 1092,2202 1150,2202 1207,2202 1265,2202 1322,2202 1380,2203 1437,2203 1495,2203 1552,2204 1610,2204"/>
                <TextEquiv>
                    <Unicode>Erregung und Entrüstung versetzte: Die Hochschule für Musik habe</Unicode>
                </TextEquiv>
            </TextLine>
            <TextLine id="r2l17" custom="readingOrder {index:16;}">
                <Coords points="461,2256 1615,2254 1614,2213 1408,2204 461,2210"/>
                <Baseline points="468,2243 525,2243 582,2243 639,2243 696,2242 753,2242 810,2242 867,2242 924,2241 981,2241 1038,2241 1095,2241 1152,2241 1209,2241 1266,2241 1323,2241 1380,2241 1437,2241 1494,2241 1551,2242 1608,2242"/>
                <TextEquiv>
                    <Unicode>sich nämlich als Hauswirt in letzter Stunde auf einen Paragraphen</Unicode>
                </TextEquiv>
            </TextLine>
            <TextLine id="r2l18" custom="readingOrder {index:17;}">
                <Coords points="459,2296 1612,2296 1567,2240 459,2252"/>
                <Baseline points="466,2282 525,2282 585,2281 645,2281 705,2281 765,2281 825,2280 885,2280 945,2280 1005,2280 1065,2280 1125,2280 1185,2280 1245,2280 1305,2280 1365,2280 1425,2281 1485,2281 1545,2281 1605,2281"/>
                <TextEquiv>
                    <Unicode>des Mietsvertrages berufen, der die Aufführung unzüchtiger Stücke</Unicode>
                </TextEquiv>
            </TextLine>
            <TextLine id="r2l19" custom="readingOrder {index:18;}">
                <Coords points="462,2329 1613,2333 1613,2295 1494,2282 462,2294"/>
                <Baseline points="469,2321 525,2321 582,2320 639,2320 696,2319 753,2319 810,2319 866,2319 923,2319 980,2319 1037,2319 1094,2319 1151,2319 1208,2319 1264,2319 1321,2319 1378,2319 1435,2319 1492,2319 1549,2318 1606,2318"/>
                <TextEquiv>
                    <Unicode>verbietet. Drei Stunden vor der Aufführung sei vom Kultus¬</Unicode>
                </TextEquiv>
            </TextLine>
            <TextLine id="r2l20" custom="readingOrder {index:19;}">
                <Coords points="448,2363 1614,2367 1614,2333 1473,2318 448,2330"/>
                <Baseline points="455,2361 512,2360 570,2359 627,2359 685,2358 742,2358 800,2358 857,2357 915,2357 972,2357 1030,2357 1088,2357 1145,2357 1203,2357 1260,2357 1318,2357 1375,2357 1433,2357 1490,2357 1548,2357 1606,2357"/>
                <TextEquiv>
                    <Unicode>ministerium eine Verfügung ergangen, die bei ein Strafandro¬</Unicode>
                </TextEquiv>
            </TextLine>
            <TextLine id="r2l21" custom="readingOrder {index:20;}">
                <Coords points="451,2403 1609,2402 1596,2361 451,2365"/>
                <Baseline points="458,2400 515,2399 572,2398 629,2398 686,2397 744,2397 801,2396 858,2396 915,2396 972,2396 1030,2395 1087,2395 1144,2395 1201,2395 1258,2395 1316,2395 1373,2395 1430,2395 1487,2395 1544,2395 1602,2395"/>
                <TextEquiv>
                    <Unicode>hung von 6 Wochen Haft für die Direktion Sladeck=Eysoldt die Auf¬</Unicode>
                </TextEquiv>
            </TextLine>
            <TextLine id="r2l22" custom="readingOrder {index:21;}">
                <Coords points="470,2443 1512,2448 1614,2441 1614,2401 470,2403"/>
                <Baseline points="477,2437 533,2437 590,2436 646,2436 703,2436 759,2435 816,2435 872,2435 929,2435 985,2434 1042,2434 1098,2434 1155,2434 1211,2434 1268,2434 1324,2434 1381,2434 1437,2434 1494,2434 1550,2433 1607,2433"/>
                <TextEquiv>
                    <Unicode>ührung verboten habe. Aber trotz alledem und dennoch werde die</Unicode>
                </TextEquiv>
            </TextLine>
            <TextLine id="r2l23" custom="readingOrder {index:22;}">
                <Coords points="457,2489 1511,2488 1602,2484 1602,2442 457,2445"/>
                <Baseline points="464,2476 520,2475 577,2475 633,2474 690,2474 746,2474 803,2474 859,2473 916,2473 972,2473 1029,2473 1086,2473 1142,2473 1199,2473 1255,2473 1312,2473 1368,2473 1425,2473 1481,2473 1538,2473 1595,2473"/>
                <TextEquiv>
                    <Unicode>Aufführung stattfinden! (Schon wegen ihrer Kunstauffassung und</Unicode>
                </TextEquiv>
            </TextLine>
            <TextLine id="r2l24" custom="readingOrder {index:23;}">
                <Coords points="459,2521 1585,2524 1610,2480 459,2488"/>
                <Baseline points="466,2516 522,2515 579,2514 636,2514 693,2513 750,2513 807,2513 863,2512 920,2512 977,2512 1034,2512 1091,2512 1148,2512 1205,2512 1261,2512 1318,2512 1375,2512 1432,2512 1489,2512 1546,2512 1603,2511"/>
                <TextEquiv>
                    <Unicode>auch — so). Und es wurde also gespielt. Wenn man auch grund¬</Unicode>
                </TextEquiv>
            </TextLine>
            <TextLine id="r2l25" custom="readingOrder {index:24;}">
                <Coords points="464,2561 1536,2568 1604,2563 1604,2518 464,2522"/>
                <Baseline points="472,2554 528,2553 584,2553 640,2553 696,2552 753,2552 809,2551 865,2551 921,2550 977,2550 1034,2549 1090,2549 1146,2548 1202,2548 1258,2548 1315,2548 1371,2548 1427,2549 1483,2549 1539,2550 1596,2551"/>
                <TextEquiv>
                    <Unicode>äßlich gegen jede Zensur ist, so ist das Verbot von Schnitzlers</Unicode>
                </TextEquiv>
            </TextLine>
            <TextLine id="r2l26" custom="readingOrder {index:25;}">
                <Coords points="465,2603 1610,2591 1508,2555 464,2558"/>
                <Baseline points="472,2594 528,2592 585,2592 641,2591 698,2590 754,2590 811,2589 867,2589 924,2589 980,2588 1037,2588 1093,2588 1150,2588 1206,2588 1263,2588 1319,2588 1376,2588 1432,2588 1489,2588 1545,2588 1602,2588"/>
                <TextEquiv>
                    <Unicode>Reigen doch ein Ausnahmefall, der am besten dadurch gerecht¬</Unicode>
                </TextEquiv>
            </TextLine>
            <TextLine id="r2l27" custom="readingOrder {index:26;}">
                <Coords points="458,2636 1582,2639 1602,2593 458,2600"/>
                <Baseline points="465,2633 521,2632 577,2631 634,2630 690,2630 747,2629 803,2629 860,2628 916,2628 973,2628 1029,2628 1085,2628 1142,2627 1198,2627 1255,2627 1311,2627 1368,2627 1424,2627 1481,2627 1537,2626 1594,2626"/>
                <TextEquiv>
                    <Unicode>fertigt wird, daß der Verfasser selbst 25 Jahre lang gegen die Auf¬</Unicode>
                </TextEquiv>
            </TextLine>
            <TextLine id="r2l28" custom="readingOrder {index:27;}">
                <Coords points="464,2679 1591,2681 1601,2634 463,2637"/>
                <Baseline points="471,2671 527,2670 583,2669 639,2668 695,2668 751,2668 807,2667 864,2667 920,2667 976,2666 1032,2666 1088,2666 1144,2666 1200,2666 1257,2666 1313,2666 1369,2666 1425,2666 1481,2666 1537,2666 1594,2666"/>
                <TextEquiv>
                    <Unicode>ührung des Stückes gewesen ist. Schnitzler mußte doch schließlich</Unicode>
                </TextEquiv>
            </TextLine>
            <TextLine id="r2l29" custom="readingOrder {index:28;}">
                <Coords points="462,2717 1304,2696 1529,2724 1603,2713 1603,2676 462,2680"/>
                <Baseline points="469,2709 525,2709 581,2708 637,2708 694,2707 750,2707 806,2706 863,2706 919,2706 975,2705 1032,2705 1088,2705 1144,2705 1200,2705 1257,2705 1313,2705 1369,2705 1426,2705 1482,2705 1538,2705 1595,2705"/>
                <TextEquiv>
                    <Unicode>am besten wissen, ob sein Werk für die Bühne geeignet ist oder</Unicode>
                </TextEquiv>
            </TextLine>
            <TextLine id="r2l30" custom="readingOrder {index:29;}">
                <Coords points="452,2760 1575,2756 1597,2710 452,2719"/>
                <Baseline points="459,2748 515,2747 572,2747 628,2746 685,2746 741,2746 798,2745 854,2745 911,2744 967,2744 1024,2744 1081,2743 1137,2743 1194,2743 1250,2743 1307,2743 1363,2743 1420,2743 1476,2743 1533,2744 1590,2744"/>
                <TextEquiv>
                    <Unicode>nicht! Es lag also durchaus gar keine Veranlassung vor, den</Unicode>
                </TextEquiv>
            </TextLine>
            <TextLine id="r2l31" custom="readingOrder {index:30;}">
                <Coords points="452,2795 1527,2796 1601,2793 1601,2755 452,2761"/>
                <Baseline points="459,2787 515,2787 572,2786 629,2785 686,2785 742,2784 799,2784 856,2783 913,2783 969,2783 1026,2782 1083,2782 1140,2782 1196,2782 1253,2782 1310,2782 1367,2782 1423,2782 1480,2782 1537,2782 1594,2782"/>
                <TextEquiv>
                    <Unicode>„Reigen“ auf die Bretter zu bringen. Die Aufführung hat zudem</Unicode>
                </TextEquiv>
            </TextLine>
            <TextLine id="r2l32" custom="readingOrder {index:31;}">
                <Coords points="448,2832 1562,2834 1603,2795 447,2794"/>
                <Baseline points="455,2825 512,2825 569,2824 626,2824 683,2824 740,2823 797,2823 854,2822 911,2822 968,2822 1025,2822 1082,2821 1139,2821 1196,2821 1253,2821 1310,2820 1367,2820 1424,2820 1481,2820 1538,2820 1596,2820"/>
                <TextEquiv>
                    <Unicode>bewiesen, daß auf der Bühne der Frau Eysoldt alles Funkelnde</Unicode>
                </TextEquiv>
            </TextLine>
            <TextLine id="r2l33" custom="readingOrder {index:32;}">
                <Coords points="457,2869 1600,2868 1600,2835 1541,2825 457,2832"/>
                <Baseline points="464,2865 520,2864 576,2863 633,2863 689,2862 746,2862 802,2861 859,2861 915,2861 972,2860 1028,2860 1084,2860 1141,2860 1197,2860 1254,2860 1310,2860 1367,2860 1423,2859 1480,2859 1536,2859 1593,2859"/>
                <TextEquiv>
                    <Unicode>der Schnitzler'schen Dialogie zu trübem Zwielicht herahgeschau¬</Unicode>
                </TextEquiv>
            </TextLine>
            <TextLine id="r2l34" custom="readingOrder {index:33;}">
                <Coords points="450,2916 1608,2910 1576,2865 450,2867"/>
                <Baseline points="457,2904 514,2903 571,2902 628,2901 685,2901 742,2900 799,2900 857,2899 914,2899 971,2899 1028,2899 1085,2898 1142,2898 1199,2898 1257,2898 1314,2898 1371,2898 1428,2898 1485,2898 1542,2898 1600,2898"/>
                <TextEquiv>
                    <Unicode>spielert wurde. Aus diesen Gründen erübrigt es sich, des Näheren</Unicode>
                </TextEquiv>
            </TextLine>
            <TextLine id="r2l35" custom="readingOrder {index:34;}">
                <Coords points="451,2946 1505,2952 1600,2943 1600,2910 451,2916"/>
                <Baseline points="458,2942 514,2941 571,2940 628,2939 685,2939 741,2938 798,2938 855,2938 912,2938 968,2937 1025,2937 1082,2937 1139,2937 1195,2937 1252,2937 1309,2937 1366,2937 1422,2937 1479,2938 1536,2938 1593,2937"/>
                <TextEquiv>
                    <Unicode>auf die Aufführung einzugehen. Trotzdem ich kein Freund von</Unicode>
                </TextEquiv>
            </TextLine>
            <TextLine id="r2l36" custom="readingOrder {index:35;}">
                <Coords points="458,2991 1596,2980 1596,2945 1529,2932 458,2945"/>
                <Baseline points="466,2980 522,2979 578,2979 634,2979 690,2979 746,2978 802,2978 859,2978 915,2978 971,2978 1027,2978 1083,2977 1139,2977 1195,2977 1252,2977 1308,2977 1364,2977 1420,2976 1476,2976 1532,2976 1589,2975"/>
                <TextEquiv>
                    <Unicode>Conrad Hänisch und seinen Erlassen bin, stehe ich in diesem Falle</Unicode>
                </TextEquiv>
            </TextLine>
            <TextLine id="r2l37" custom="readingOrder {index:36;}">
                <Coords points="459,3026 1586,3024 1618,2982 458,2991"/>
                <Baseline points="466,3020 523,3019 580,3018 637,3018 695,3017 752,3017 809,3017 866,3017 924,3017 981,3017 1038,3017 1095,3017 1153,3016 1210,3016 1267,3016 1324,3015 1382,3015 1439,3014 1496,3013 1553,3011 1611,3010"/>
                <TextEquiv>
                    <Unicode>nicht an, leinem Verbot beizustimmen. Ja ich gehe sogar #ech</Unicode>
                </TextEquiv>
            </TextLine>
            <TextLine id="r2l38" custom="readingOrder {index:37;}">
                <Coords points="468,3118 1638,3118 1638,3082 1556,3070 469,3089"/>
                <Baseline points="476,3115 533,3114 591,3114 649,3113 707,3112 764,3112 822,3111 880,3111 938,3110 995,3110 1053,3110 1111,3110 1169,3110 1226,3110 1284,3110 1342,3111 1400,3112 1457,3113 1515,3114 1573,3116 1631,3118"/>
                <TextEquiv>
                    <Unicode>weiter und verlange (wegen meiner Kunstauffassung), daß der</Unicode>
                </TextEquiv>
            </TextLine>
            <TextLine id="r2l39" custom="readingOrder {index:38;}">
                <Coords points="481,3163 1550,3172 1639,3162 1639,3119 481,3122"/>
                <Baseline points="488,3155 545,3154 602,3153 659,3153 716,3152 774,3152 831,3151 888,3151 945,3151 1002,3151 1060,3152 1117,3152 1174,3152 1231,3153 1288,3153 1346,3153 1403,3154 1460,3154 1517,3155 1574,3155 1632,3155"/>
                <TextEquiv>
                    <Unicode>Herr Kultusminister sich auch nicht scheut, die Strafandrohung in</Unicode>
                </TextEquiv>
            </TextLine>
            <TextLine id="r2l40" custom="readingOrder {index:39;}">
                <Coords points="475,3204 547,3222 625,3196 692,3218 825,3208 824,3156 814,3154 768,3166 723,3155 682,3169 638,3155 612,3168 563,3153 530,3170 474,3161"/>
                <Baseline points="483,3195 508,3195 534,3195 560,3195 585,3194 611,3194 637,3193 662,3193 688,3192 714,3191 739,3190 765,3189 791,3189 817,3188"/>
                <TextEquiv>
                    <Unicode>die Tat umzusetzen!</Unicode>
                </TextEquiv>
            </TextLine>
            <TextLine id="r2l41" custom="readingOrder {index:40;}">
                <Coords points="794,3285 849,3293 962,3276 1019,3290 1065,3276 1098,3286 1098,3248 960,3250 925,3239 793,3248"/>
                <Baseline points="801,3271 827,3271 853,3271 880,3270 906,3270 932,3269 959,3269 985,3268 1011,3268 1038,3268 1064,3268 1091,3268"/>
                <TextEquiv>
                    <Unicode>Setal#r-</Unicode>
                </TextEquiv>
            </TextLine>
            <TextEquiv>
                <Unicode>box 18/1
igen
Rlose &amp; Seider
Bureau für Zeitungsausschnitte
Berlin HO. 43, Georgenkirchplatz 21
37
T. Orin
 Memnett
0
Datum:
Gestern fand im Kleinen Schauspielhaus die Erst¬
nissen. Zuerst sprach die Direktorig Frau Gertrud Eysoldt einen
„Prolog“, dessen Inhalt sie aus den verschiedensten Gründen (wegen
— so) in gut zur Schau getragene
ihrer Kunstauffassung und auch¬
Erregung und Entrüstung versetzte: Die Hochschule für Musik habe
sich nämlich als Hauswirt in letzter Stunde auf einen Paragraphen
des Mietsvertrages berufen, der die Aufführung unzüchtiger Stücke
verbietet. Drei Stunden vor der Aufführung sei vom Kultus¬
ministerium eine Verfügung ergangen, die bei ein Strafandro¬
hung von 6 Wochen Haft für die Direktion Sladeck=Eysoldt die Auf¬
ührung verboten habe. Aber trotz alledem und dennoch werde die
Aufführung stattfinden! (Schon wegen ihrer Kunstauffassung und
auch — so). Und es wurde also gespielt. Wenn man auch grund¬
äßlich gegen jede Zensur ist, so ist das Verbot von Schnitzlers
Reigen doch ein Ausnahmefall, der am besten dadurch gerecht¬
fertigt wird, daß der Verfasser selbst 25 Jahre lang gegen die Auf¬
ührung des Stückes gewesen ist. Schnitzler mußte doch schließlich
am besten wissen, ob sein Werk für die Bühne geeignet ist oder
nicht! Es lag also durchaus gar keine Veranlassung vor, den
„Reigen“ auf die Bretter zu bringen. Die Aufführung hat zudem
bewiesen, daß auf der Bühne der Frau Eysoldt alles Funkelnde
der Schnitzler'schen Dialogie zu trübem Zwielicht herahgeschau¬
spielert wurde. Aus diesen Gründen erübrigt es sich, des Näheren
auf die Aufführung einzugehen. Trotzdem ich kein Freund von
Conrad Hänisch und seinen Erlassen bin, stehe ich in diesem Falle
nicht an, leinem Verbot beizustimmen. Ja ich gehe sogar #ech
weiter und verlange (wegen meiner Kunstauffassung), daß der
Herr Kultusminister sich auch nicht scheut, die Strafandrohung in
die Tat umzusetzen!
Setal#r-</Unicode>
            </TextEquiv>
        </TextRegion>
        <TextRegion orientation="0.0" id="r3" custom="readingOrder {index:2;}">
            <Coords points="1806,374 1806,3725 2998,3725 2998,374"/>
            <TextLine id="r3l1" custom="readingOrder {index:0;}">
                <Coords points="1892,417 2695,460 2698,398 2652,414 2624,383 2562,376 2459,421 2413,386 2281,405 2249,369 2210,399 2141,353 2024,348 1983,376 1943,340 1896,357"/>
                <Baseline points="1900,400 1939,403 1978,405 2018,407 2057,410 2097,412 2136,414 2175,417 2215,419 2254,421 2294,424 2333,426 2372,428 2412,430 2451,432 2491,434 2530,437 2569,439 2609,441 2648,443 2688,445"/>
                <TextEquiv>
                    <Unicode>Klose &amp; Enidel</Unicode>
                </TextEquiv>
            </TextLine>
            <TextLine id="r3l2" custom="readingOrder {index:1;}">
                <Coords points="1921,489 2102,498 2132,525 2322,513 2369,539 2418,521 2603,548 2659,537 2662,492 2565,460 2500,480 2188,439 2014,461 1924,440"/>
                <Baseline points="1928,485 1964,487 2000,489 2036,491 2073,494 2109,496 2145,498 2181,500 2218,502 2254,504 2290,507 2326,509 2363,511 2399,513 2435,515 2471,517 2508,519 2544,521 2580,523 2616,525 2653,528"/>
                <TextEquiv>
                    <Unicode>Bureau für Zeitungsausschnitte</Unicode>
                </TextEquiv>
            </TextLine>
            <TextLine id="r3l3" custom="readingOrder {index:2;}">
                <Coords points="1918,575 1980,560 2171,596 2242,573 2528,607 2666,602 2669,554 2418,521 2366,543 2316,519 2160,533 2040,498 1972,525 1923,493"/>
                <Baseline points="1926,552 1962,554 1999,556 2035,559 2072,561 2109,563 2145,566 2182,568 2219,570 2255,572 2292,575 2329,577 2365,580 2402,582 2439,585 2475,586 2512,588 2549,590 2585,592 2622,594 2659,595"/>
                <TextEquiv>
                    <Unicode>Berlin Ho. 43, Georgenkirchplatz 21</Unicode>
                </TextEquiv>
            </TextLine>
            <TextLine id="r3l4" custom="readingOrder {index:3;}">
                <Coords points="2584,734 2596,734 2602,743 2612,744 2624,662 2617,661 2612,665 2610,663 2594,662"/>
                <Baseline points="2594,718 2609,720"/>
                <TextEquiv>
                    <Unicode>0</Unicode>
                </TextEquiv>
            </TextLine>
            <TextLine id="r3l5" custom="readingOrder {index:4;}">
                <Coords points="1861,787 2668,825 2702,820 2705,769 1864,726"/>
                <Baseline points="1869,773 1910,774 1951,777 1992,779 2034,781 2075,783 2116,785 2158,787 2199,788 2240,791 2282,793 2323,795 2364,797 2405,799 2447,801 2488,803 2529,805 2571,808 2612,810 2653,813 2695,816"/>
                <TextEquiv>
                    <Unicode>Zeitung: Hamburger Nachrichten</Unicode>
                </TextEquiv>
            </TextLine>
            <TextLine id="r3l6" custom="readingOrder {index:5;}">
                <Coords points="1853,907 1870,913 1875,910 1883,916 1888,912 1900,916 1917,908 1925,917 1934,913 1946,922 1955,922 1960,859 1947,855 1924,857 1907,853 1902,847 1888,850 1877,845 1869,850 1858,849"/>
                <Baseline points="1862,889 1891,890 1920,891 1950,897"/>
                <TextEquiv>
                    <Unicode>Ort:</Unicode>
                </TextEquiv>
            </TextLine>
            <TextLine id="r3l7" custom="readingOrder {index:6;}">
                <Coords points="2298,934 2382,940 2425,922 2589,952 2623,945 2628,871 2543,884 2498,883 2469,863 2405,880 2337,855 2303,864"/>
                <Baseline points="2307,910 2332,912 2358,913 2384,915 2410,917 2436,918 2462,920 2487,922 2513,924 2539,926 2565,928 2591,930 2617,932"/>
                <TextEquiv>
                    <Unicode>Hamburg</Unicode>
                </TextEquiv>
            </TextLine>
            <TextLine id="r3l8" custom="readingOrder {index:7;}">
                <Coords points="1846,1011 1862,1015 1899,1003 1934,1013 1956,1005 2006,1013 2007,968 1984,969 1962,959 1942,964 1924,952 1903,962 1885,949 1880,953 1873,945 1850,943"/>
                <Baseline points="1855,996 1884,995 1913,996 1942,999 1971,1001 2000,1001"/>
                <TextEquiv>
                    <Unicode>Datum:</Unicode>
                </TextEquiv>
            </TextLine>
            <TextLine id="r3l9" custom="readingOrder {index:8;}">
                <Coords points="2358,1043 2381,1039 2392,1051 2401,1054 2413,1053 2424,1046 2434,1054 2446,1056 2448,986 2423,984 2419,979 2413,984 2389,968 2384,973 2376,969 2368,977 2360,975"/>
                <Baseline points="2366,1025 2403,1027 2440,1027"/>
                <TextEquiv>
                    <Unicode>—0</Unicode>
                </TextEquiv>
            </TextLine>
            <TextLine id="r3l10" custom="readingOrder {index:9;}">
                <Coords points="2127,1053 2143,1048 2153,1056 2163,1057 2172,1050 2182,1050 2200,1060 2210,1060 2204,958 2151,950 2137,964 2134,961 2122,968"/>
                <Baseline points="2133,1035 2167,1033 2201,1031"/>
                <TextEquiv>
                    <Unicode>24</Unicode>
                </TextEquiv>
            </TextLine>
            <TextLine id="r3l11" custom="readingOrder {index:10;}">
                <Coords points="1884,1106 2993,1133 2968,1067 1886,1053"/>
                <Baseline points="1892,1106 1946,1107 2001,1107 2055,1109 2110,1110 2165,1111 2219,1112 2274,1114 2329,1115 2383,1117 2438,1118 2493,1119 2547,1121 2602,1123 2657,1124 2711,1125 2766,1126 2821,1127 2875,1128 2930,1129 2985,1129"/>
                <TextEquiv>
                    <Unicode>P. F. Schnitzlers „Reigen“. Aus Berlin wird uns draht¬</Unicode>
                </TextEquiv>
            </TextLine>
            <TextLine id="r3l12" custom="readingOrder {index:11;}">
                <Coords points="1816,1149 2756,1193 2980,1175 2981,1139 1817,1107"/>
                <Baseline points="1824,1141 1881,1143 1938,1145 1996,1147 2053,1148 2111,1150 2168,1151 2226,1153 2283,1154 2341,1156 2398,1157 2455,1158 2513,1160 2570,1161 2628,1162 2685,1163 2743,1165 2800,1167 2858,1168 2915,1169 2973,1172"/>
                <TextEquiv>
                    <Unicode>lich Kemeldet: Trotz oder gär wegen seiner notorischen Anstößigkeit</Unicode>
                </TextEquiv>
            </TextLine>
            <TextLine id="r3l13" custom="readingOrder {index:12;}">
                <Coords points="1827,1193 2960,1223 2986,1180 1828,1150"/>
                <Baseline points="1834,1183 1891,1184 1948,1185 2005,1187 2062,1188 2119,1190 2176,1191 2234,1192 2291,1194 2348,1195 2405,1197 2462,1198 2519,1199 2576,1201 2634,1202 2691,1203 2748,1205 2805,1206 2862,1207 2919,1208 2977,1210"/>
                <TextEquiv>
                    <Unicode>hat, man im nachrevolutionären Berlin Schnitzlers Szenenreihe</Unicode>
                </TextEquiv>
            </TextLine>
            <TextLine id="r3l14" custom="readingOrder {index:13;}">
                <Coords points="1820,1232 2919,1266 2981,1221 1821,1189"/>
                <Baseline points="1827,1222 1884,1223 1941,1225 1998,1226 2056,1228 2113,1229 2170,1231 2228,1232 2285,1234 2342,1235 2400,1237 2457,1238 2514,1240 2571,1241 2629,1243 2686,1244 2743,1245 2801,1247 2858,1248 2915,1249 2973,1251"/>
                <TextEquiv>
                    <Unicode>dertoch auf die Bühne gebracht. Aber dieser geistreiche Esprit</Unicode>
                </TextEquiv>
            </TextLine>
            <TextLine id="r3l15" custom="readingOrder {index:14;}">
                <Coords points="1820,1273 2986,1306 2988,1259 1821,1232"/>
                <Baseline points="1828,1261 1885,1263 1943,1264 2000,1266 2058,1268 2116,1269 2173,1271 2231,1273 2288,1274 2346,1275 2404,1277 2461,1278 2519,1280 2576,1281 2634,1283 2692,1284 2749,1285 2807,1287 2864,1288 2922,1289 2980,1290"/>
                <TextEquiv>
                    <Unicode>vost 1900 ist heute schon „Alt=Wiener Porzellan. Es handelt sich</Unicode>
                </TextEquiv>
            </TextLine>
            <TextLine id="r3l16" custom="readingOrder {index:15;}">
                <Coords points="1817,1307 2982,1344 2983,1305 2928,1291 1818,1271"/>
                <Baseline points="1825,1302 1882,1304 1940,1305 1997,1306 2055,1308 2112,1309 2170,1311 2227,1312 2285,1314 2342,1315 2400,1316 2457,1318 2515,1320 2572,1321 2630,1322 2687,1324 2745,1326 2802,1327 2860,1329 2917,1330 2975,1332"/>
                <TextEquiv>
                    <Unicode>um die Weitergabe eines — Danaergeschenks aus dem Krug der</Unicode>
                </TextEquiv>
            </TextLine>
            <TextLine id="r3l17" custom="readingOrder {index:16;}">
                <Coords points="1816,1348 2813,1384 2986,1380 2987,1341 1817,1307"/>
                <Baseline points="1823,1342 1880,1343 1938,1345 1996,1347 2054,1349 2112,1350 2169,1351 2227,1353 2285,1354 2343,1355 2401,1357 2458,1358 2516,1359 2574,1361 2632,1362 2690,1364 2747,1365 2805,1367 2863,1369 2921,1370 2979,1372"/>
                <TextEquiv>
                    <Unicode>Pandora crotica. Dabei läuft Schnitzler ähnlich wie Voltaire in</Unicode>
                </TextEquiv>
            </TextLine>
            <TextLine id="r3l18" custom="readingOrder {index:17;}">
                <Coords points="1813,1391 2927,1425 2981,1416 2982,1379 1814,1345"/>
                <Baseline points="1820,1382 1877,1384 1935,1386 1992,1388 2050,1389 2108,1391 2165,1392 2223,1393 2281,1395 2338,1396 2396,1397 2454,1399 2511,1400 2569,1401 2627,1403 2684,1404 2742,1405 2800,1407 2857,1408 2915,1410 2973,1412"/>
                <TextEquiv>
                    <Unicode>seiner „Candide“ die ganze soziale Stufenleiter durch, um schließ¬</Unicode>
                </TextEquiv>
            </TextLine>
            <TextLine id="r3l19" custom="readingOrder {index:18;}">
                <Coords points="1817,1427 2908,1466 2977,1460 2979,1412 1818,1392"/>
                <Baseline points="1825,1422 1882,1423 1939,1425 1996,1427 2054,1428 2111,1430 2168,1431 2225,1433 2283,1434 2340,1436 2397,1437 2454,1438 2512,1440 2569,1441 2626,1442 2683,1444 2741,1445 2798,1447 2855,1448 2912,1449 2970,1450"/>
                <TextEquiv>
                    <Unicode>lich wieder unten anzulangen. Unter den Darstellerinnen war</Unicode>
                </TextEquiv>
            </TextLine>
            <TextLine id="r3l20" custom="readingOrder {index:19;}">
                <Coords points="1809,1473 2891,1501 2983,1494 2984,1459 1810,1427"/>
                <Baseline points="1817,1460 1878,1462 1939,1464 2000,1466 2061,1468 2122,1470 2183,1472 2244,1473 2305,1475 2366,1476 2427,1478 2488,1479 2549,1480 2610,1482 2671,1483 2732,1485 2793,1486 2854,1487 2915,1489 2976,1491"/>
                <TextEquiv>
                    <Unicode>Poldi=Müller das reizendste Weana Madel, Fräulein Dergan und</Unicode>
                </TextEquiv>
            </TextLine>
            <TextLine id="r3l21" custom="readingOrder {index:20;}">
                <Coords points="1816,1510 2944,1545 2978,1497 1817,1467"/>
                <Baseline points="1824,1503 1881,1504 1938,1505 1995,1507 2053,1508 2110,1510 2167,1511 2225,1513 2282,1514 2339,1516 2397,1517 2454,1519 2511,1521 2568,1522 2626,1523 2683,1525 2740,1526 2798,1527 2855,1528 2912,1529 2970,1531"/>
                <TextEquiv>
                    <Unicode>Fräulein Mohr beide nett und liebenswürdig. Als Prolog und</Unicode>
                </TextEquiv>
            </TextLine>
            <TextLine id="r3l22" custom="readingOrder {index:21;}">
                <Coords points="1814,1554 2814,1585 2979,1576 2980,1541 1815,1510"/>
                <Baseline points="1822,1543 1879,1545 1937,1546 1994,1548 2052,1549 2109,1551 2167,1553 2224,1554 2282,1555 2339,1556 2397,1558 2454,1559 2512,1560 2569,1561 2627,1563 2684,1564 2742,1565 2799,1567 2857,1568 2914,1570 2972,1571"/>
                <TextEquiv>
                    <Unicode>Epilog trat Frau Direktor Eysoldt auf und wandte sich klagend</Unicode>
                </TextEquiv>
            </TextLine>
            <TextLine id="r3l23" custom="readingOrder {index:22;}">
                <Coords points="1809,1593 2983,1620 2978,1572 1810,1555"/>
                <Baseline points="1816,1585 1874,1586 1932,1587 1990,1588 2048,1589 2106,1591 2164,1592 2222,1593 2280,1594 2338,1596 2396,1597 2454,1599 2512,1600 2570,1602 2628,1603 2686,1604 2744,1606 2802,1607 2860,1609 2918,1610 2976,1612"/>
                <TextEquiv>
                    <Unicode>gegen die Härten der Polizei, die das Stück bei sechs Wochen Haft</Unicode>
                </TextEquiv>
            </TextLine>
            <TextLine id="r3l24" custom="readingOrder {index:23;}">
                <Coords points="1802,1634 2775,1676 2900,1662 2901,1634 1803,1590"/>
                <Baseline points="1810,1626 1864,1627 1918,1628 1972,1629 2026,1630 2081,1632 2135,1633 2189,1634 2243,1635 2297,1637 2352,1638 2406,1639 2460,1640 2514,1642 2568,1644 2623,1645 2677,1647 2731,1648 2785,1650 2839,1652 2894,1654"/>
                <TextEquiv>
                    <Unicode>verboten hat. Das Publikum klatschte artig und resigniert.</Unicode>
                </TextEquiv>
            </TextLine>
            <TextLine id="r3l25" custom="readingOrder {index:24;}">
                <Coords points="1799,1698 1824,1701 1832,1696 1845,1706 1863,1702 1889,1705 1890,1640 1874,1642 1858,1638 1830,1648 1813,1634 1800,1634"/>
                <Baseline points="1806,1680 1831,1677 1856,1678 1882,1680"/>
                <TextEquiv>
                    <Unicode>1</Unicode>
                </TextEquiv>
            </TextLine>
            <TextLine id="r3l26" custom="readingOrder {index:25;}">
                <Coords points="1904,1922 2096,1947 2222,1920 2338,1958 2692,1973 2731,1961 2738,1845 2615,1838 2537,1872 2425,1826 2129,1850 1910,1796"/>
                <Baseline points="1911,1912 1951,1913 1992,1915 2033,1917 2073,1920 2114,1922 2155,1924 2195,1926 2236,1928 2277,1931 2318,1933 2358,1935 2399,1937 2440,1940 2480,1942 2521,1944 2562,1947 2602,1948 2643,1950 2684,1952 2725,1954"/>
                <TextEquiv>
                    <Unicode>Klose &amp; Seidel</Unicode>
                </TextEquiv>
            </TextLine>
            <TextLine id="r3l27" custom="readingOrder {index:26;}">
                <Coords points="1918,2010 2507,2055 2693,2037 2695,1989 2668,1979 2341,1985 2229,1952 2080,1968 1922,1942"/>
                <Baseline points="1926,1996 1965,1998 2005,2000 2045,2002 2085,2004 2125,2006 2165,2008 2205,2010 2245,2013 2285,2016 2325,2017 2365,2020 2405,2022 2445,2024 2485,2027 2525,2029 2565,2031 2605,2032 2645,2034 2685,2035"/>
                <TextEquiv>
                    <Unicode>Bureau für Zeitungsausschnifte</Unicode>
                </TextEquiv>
            </TextLine>
            <TextLine id="r3l28" custom="readingOrder {index:27;}">
                <Coords points="1928,2069 2667,2120 2699,2110 2702,2064 1977,2032 1932,2005"/>
                <Baseline points="1936,2063 1973,2065 2011,2067 2049,2070 2087,2071 2125,2074 2162,2076 2200,2077 2238,2080 2276,2081 2314,2083 2351,2085 2389,2087 2427,2089 2465,2091 2503,2092 2540,2094 2578,2096 2616,2097 2654,2099 2692,2101"/>
                <TextEquiv>
                    <Unicode>Berlin NO. 43, Georgenkirchplatz 21</Unicode>
                </TextEquiv>
            </TextLine>
            <TextLine id="r3l29" custom="readingOrder {index:28;}">
                <Coords points="1885,2288 1906,2299 1934,2290 1942,2300 2006,2296 2029,2313 2059,2296 2135,2308 2137,2276 2110,2268 2100,2275 2081,2261 2062,2270 2049,2256 2032,2260 2000,2249 1982,2257 1953,2233 1888,2222"/>
                <Baseline points="1892,2283 1918,2285 1944,2286 1970,2287 1996,2288 2023,2290 2049,2292 2075,2293 2101,2295 2128,2297"/>
                <TextEquiv>
                    <Unicode>Zeitung:</Unicode>
                </TextEquiv>
            </TextLine>
            <TextLine id="r3l30" custom="readingOrder {index:29;}">
                <Coords points="2166,2277 2306,2319 2404,2308 2657,2343 2704,2337 2712,2270 2553,2280 2461,2260 2436,2235 2344,2244 2319,2221 2257,2213 2224,2234 2172,2227"/>
                <Baseline points="2174,2276 2200,2277 2226,2277 2252,2280 2278,2282 2305,2285 2331,2289 2357,2292 2383,2296 2409,2300 2436,2304 2462,2308 2488,2312 2514,2315 2540,2319 2567,2322 2593,2324 2619,2326 2645,2327 2671,2328 2698,2328"/>
                <TextEquiv>
                    <Unicode> Westh. Seitg,</Unicode>
                </TextEquiv>
            </TextLine>
            <TextLine id="r3l31" custom="readingOrder {index:30;}">
                <Coords points="2344,2411 2452,2389 2489,2405 2533,2391 2597,2393 2594,2323 2553,2321 2522,2335 2449,2342 2424,2327 2340,2329"/>
                <Baseline points="2350,2392 2376,2391 2403,2389 2429,2388 2456,2386 2482,2385 2509,2383 2535,2382 2562,2382 2589,2382"/>
                <TextEquiv>
                    <Unicode>Essen</Unicode>
                </TextEquiv>
            </TextLine>
            <TextLine id="r3l32" custom="readingOrder {index:31;}">
                <Coords points="1885,2415 1917,2415 1921,2411 1936,2421 1982,2405 1982,2342 1961,2341 1952,2345 1948,2341 1940,2348 1913,2341 1885,2344"/>
                <Baseline points="1893,2402 1920,2402 1947,2402 1975,2402"/>
                <TextEquiv>
                    <Unicode>Ort:</Unicode>
                </TextEquiv>
            </TextLine>
            <TextLine id="r3l33" custom="readingOrder {index:32;}">
                <Coords points="2562,2452 2575,2451 2590,2460 2600,2455 2604,2459 2623,2454 2636,2442 2645,2448 2657,2444 2668,2452 2680,2453 2681,2404 2672,2404 2659,2392 2634,2415 2628,2413 2618,2420 2608,2410 2592,2422 2563,2416"/>
                <Baseline points="2569,2440 2595,2440 2621,2440 2647,2441 2673,2442"/>
                <TextEquiv>
                    <Unicode>95</Unicode>
                </TextEquiv>
            </TextLine>
            <TextLine id="r3l34" custom="readingOrder {index:33;}">
                <Coords points="1873,2512 1921,2520 1947,2517 1955,2525 1990,2530 2047,2514 2049,2476 2000,2478 1979,2459 1948,2464 1941,2456 1902,2457 1895,2449 1891,2454 1876,2450"/>
                <Baseline points="1880,2507 1906,2508 1933,2509 1960,2510 1986,2512 2013,2513 2040,2515"/>
                <TextEquiv>
                    <Unicode>Datum:</Unicode>
                </TextEquiv>
            </TextLine>
            <TextLine id="r3l35" custom="readingOrder {index:34;}">
                <Coords points="2499,2546 2512,2547 2513,2545 2526,2544 2537,2552 2545,2551 2536,2482 2524,2485 2515,2494 2511,2491 2506,2493 2503,2498 2492,2497"/>
                <Baseline points="2505,2541 2536,2537"/>
                <TextEquiv>
                    <Unicode>10</Unicode>
                </TextEquiv>
            </TextLine>
            <TextLine id="r3l36" custom="readingOrder {index:35;}">
                <Coords points="2191,2592 2265,2577 2307,2597 2343,2583 2391,2596 2420,2572 2490,2579 2516,2566 2515,2541 2465,2539 2417,2554 2373,2544 2289,2549 2279,2539 2227,2554 2212,2541 2190,2543"/>
                <Baseline points="2198,2568 2223,2568 2249,2568 2275,2568 2301,2568 2327,2569 2353,2569 2378,2569 2404,2569 2430,2568 2456,2567 2482,2565 2508,2562"/>
                <TextEquiv>
                    <Unicode>IDLL.10</Unicode>
                </TextEquiv>
            </TextLine>
            <TextLine id="r3l37" custom="readingOrder {index:36;}">
                <Coords points="1896,2725 2993,2748 2994,2680 2957,2675 1897,2677"/>
                <Baseline points="1904,2716 1958,2716 2012,2717 2066,2718 2120,2719 2174,2720 2228,2721 2282,2722 2336,2723 2390,2724 2445,2725 2499,2726 2553,2728 2607,2729 2661,2731 2715,2732 2769,2733 2823,2735 2877,2737 2931,2738 2986,2739"/>
                <TextEquiv>
                    <Unicode>9 Schnitters „Mrigen auf der Bühne. Berlin, 24. Dez.</Unicode>
                </TextEquiv>
            </TextLine>
            <TextLine id="r3l38" custom="readingOrder {index:37;}">
                <Coords points="1840,2763 3001,2793 3002,2751 1841,2712"/>
                <Baseline points="1847,2752 1904,2754 1961,2755 2019,2756 2076,2757 2133,2759 2191,2760 2248,2761 2305,2762 2363,2763 2420,2764 2477,2765 2535,2766 2592,2768 2649,2769 2707,2770 2764,2772 2821,2773 2879,2775 2936,2777 2994,2779"/>
                <TextEquiv>
                    <Unicode>„Eig. Draht# ArtharSchnitzlers „Reigen“ dessen Aufführung</Unicode>
                </TextEquiv>
            </TextLine>
            <TextLine id="r3l39" custom="readingOrder {index:38;}">
                <Coords points="1845,2802 2996,2829 2980,2788 2780,2771 1846,2759"/>
                <Baseline points="1853,2794 1909,2794 1966,2795 2023,2796 2080,2797 2137,2798 2193,2799 2250,2800 2307,2801 2364,2802 2421,2803 2477,2805 2534,2806 2591,2807 2648,2809 2705,2810 2761,2811 2818,2813 2875,2814 2932,2816 2989,2818"/>
                <TextEquiv>
                    <Unicode>im Kleina Schauspielhaus gestern unter Androhung son</Unicode>
                </TextEquiv>
            </TextLine>
            <TextLine id="r3l40" custom="readingOrder {index:39;}">
                <Coords points="1852,2840 3006,2870 2966,2824 1853,2800"/>
                <Baseline points="1859,2830 1918,2832 1978,2834 2038,2835 2098,2837 2158,2839 2218,2839 2278,2841 2338,2842 2398,2843 2458,2844 2518,2845 2578,2846 2638,2847 2698,2848 2758,2849 2818,2851 2878,2853 2938,2855 2998,2857"/>
                <TextEquiv>
                    <Unicode>6 Wochen Haft für die Direktorin verboten wurde, ging</Unicode>
                </TextEquiv>
            </TextLine>
            <TextLine id="r3l41" custom="readingOrder {index:40;}">
                <Coords points="1840,2876 2949,2913 2992,2870 1840,2844"/>
                <Baseline points="1847,2871 1903,2872 1960,2873 2017,2874 2074,2876 2131,2877 2188,2878 2244,2879 2301,2880 2358,2881 2415,2882 2472,2883 2529,2885 2586,2886 2642,2887 2699,2888 2756,2889 2813,2890 2870,2891 2927,2893 2984,2894"/>
                <TextEquiv>
                    <Unicode>trotzdem in Szene. eingerahmt von einem Vor= und Nachwort,</Unicode>
                </TextEquiv>
            </TextLine>
            <TextLine id="r3l42" custom="readingOrder {index:41;}">
                <Coords points="1844,2918 2999,2942 2972,2899 1845,2876"/>
                <Baseline points="1851,2910 1908,2911 1965,2912 2022,2913 2079,2914 2136,2916 2193,2917 2250,2918 2307,2919 2364,2920 2421,2922 2478,2923 2535,2924 2592,2925 2649,2926 2706,2927 2763,2928 2820,2929 2877,2930 2934,2931 2991,2932"/>
                <TextEquiv>
                    <Unicode>der sich lebhaft gegen das Kultusministerium wendenden Direk¬</Unicode>
                </TextEquiv>
            </TextLine>
            <TextLine id="r3l43" custom="readingOrder {index:42;}">
                <Coords points="1850,2957 2880,2987 3002,2979 3003,2950 1851,2923"/>
                <Baseline points="1857,2949 1913,2950 1970,2951 2027,2952 2084,2953 2141,2955 2198,2956 2255,2957 2312,2958 2369,2960 2426,2961 2482,2963 2539,2964 2596,2965 2653,2966 2710,2967 2767,2968 2824,2969 2881,2969 2938,2970 2995,2970"/>
                <TextEquiv>
                    <Unicode>torin Gertrud Eysoldt. Die Aufnahme war im allgemeinen bei¬</Unicode>
                </TextEquiv>
            </TextLine>
            <TextLine id="r3l44" custom="readingOrder {index:43;}">
                <Coords points="1865,2993 2991,3021 2977,2977 1866,2954"/>
                <Baseline points="1872,2987 1927,2989 1983,2990 2038,2992 2094,2994 2150,2995 2205,2996 2261,2998 2316,2999 2372,3000 2428,3001 2483,3002 2539,3004 2594,3004 2650,3006 2706,3006 2761,3007 2817,3009 2872,3009 2928,3010 2984,3011"/>
                <TextEquiv>
                    <Unicode>ällig, da das Canze sozujagen dezent gespielt wurde. Die</Unicode>
                </TextEquiv>
            </TextLine>
            <TextLine id="r3l45" custom="readingOrder {index:44;}">
                <Coords points="1844,3037 2992,3053 2923,3012 1845,2998"/>
                <Baseline points="1851,3025 1907,3027 1964,3028 2021,3030 2077,3031 2134,3033 2191,3034 2247,3036 2304,3037 2361,3038 2418,3039 2474,3041 2531,3042 2588,3043 2644,3044 2701,3045 2758,3046 2814,3047 2871,3048 2928,3048 2985,3049"/>
                <TextEquiv>
                    <Unicode>Pointen dieser 10 Dialoge, die seit langem in Buchsorm vor¬</Unicode>
                </TextEquiv>
            </TextLine>
            <TextLine id="r3l46" custom="readingOrder {index:45;}">
                <Coords points="1855,3074 2965,3104 2993,3060 1856,3037"/>
                <Baseline points="1863,3067 1919,3068 1975,3069 2031,3070 2087,3071 2143,3072 2199,3073 2255,3074 2311,3075 2367,3077 2424,3078 2480,3079 2536,3080 2592,3081 2648,3082 2704,3084 2760,3085 2816,3086 2872,3087 2928,3088 2985,3090"/>
                <TextEquiv>
                    <Unicode>liegen und um die verschiedenen Stände der Wiener Gesellschaft</Unicode>
                </TextEquiv>
            </TextLine>
            <TextLine id="r3l47" custom="readingOrder {index:46;}">
                <Coords points="1851,3112 2987,3140 2988,3098 2924,3092 1852,3073"/>
                <Baseline points="1858,3104 1914,3106 1970,3107 2026,3109 2082,3110 2138,3112 2194,3113 2250,3114 2306,3115 2362,3116 2419,3117 2475,3118 2531,3120 2587,3120 2643,3121 2699,3123 2755,3124 2811,3125 2867,3126 2923,3128 2980,3129"/>
                <TextEquiv>
                    <Unicode>eine Liebeskette schlingt, die von der Dirne ausgeht und bei der</Unicode>
                </TextEquiv>
            </TextLine>
            <TextLine id="r3l48" custom="readingOrder {index:47;}">
                <Coords points="1857,3158 3002,3174 3002,3139 2866,3128 1858,3113"/>
                <Baseline points="1864,3145 1920,3146 1977,3148 2033,3149 2090,3150 2146,3151 2203,3152 2259,3153 2316,3154 2372,3155 2429,3156 2485,3157 2542,3158 2598,3159 2655,3160 2711,3161 2768,3162 2824,3164 2881,3165 2937,3167 2994,3168"/>
                <TextEquiv>
                    <Unicode>Dirne endet, sind ja nicht so sehr spitzige Punkte als im Schweigen</Unicode>
                </TextEquiv>
            </TextLine>
            <TextLine id="r3l49" custom="readingOrder {index:48;}">
                <Coords points="1848,3190 2905,3226 2989,3219 2990,3175 1848,3153"/>
                <Baseline points="1855,3184 1911,3185 1967,3186 2024,3187 2080,3189 2136,3190 2193,3191 2249,3192 2305,3193 2362,3194 2418,3195 2474,3195 2531,3196 2587,3198 2643,3199 2700,3200 2756,3201 2812,3202 2869,3204 2925,3205 2982,3207"/>
                <TextEquiv>
                    <Unicode>melsagende Gedankenstriche, und das wefentlichste Bühnenrequisit</Unicode>
                </TextEquiv>
            </TextLine>
            <TextLine id="r3l50" custom="readingOrder {index:49;}">
                <Coords points="1852,3231 2962,3261 2985,3219 1853,3186"/>
                <Baseline points="1859,3224 1914,3225 1970,3226 2026,3227 2082,3228 2138,3229 2194,3230 2250,3231 2306,3232 2362,3233 2418,3234 2473,3235 2529,3236 2585,3237 2641,3238 2697,3239 2753,3240 2809,3241 2865,3242 2921,3243 2977,3244"/>
                <TextEquiv>
                    <Unicode>in der geheimnisvoll verschleiernde und dadurch das Letzte ent¬</Unicode>
                </TextEquiv>
            </TextLine>
            <TextLine id="r3l51" custom="readingOrder {index:50;}">
                <Coords points="1841,3274 2992,3300 2990,3249 1842,3232"/>
                <Baseline points="1849,3261 1905,3263 1962,3265 2019,3266 2076,3267 2133,3268 2189,3270 2246,3271 2303,3272 2360,3273 2417,3274 2473,3274 2530,3275 2587,3276 2644,3277 2701,3278 2757,3279 2814,3280 2871,3282 2928,3284 2985,3285"/>
                <TextEquiv>
                    <Unicode>büllende Vorhang. Das Hauptsächliche dieser Stizzen des</Unicode>
                </TextEquiv>
            </TextLine>
            <TextLine id="r3l52" custom="readingOrder {index:51;}">
                <Coords points="1856,3307 2986,3329 2916,3284 1856,3269"/>
                <Baseline points="1863,3300 1918,3302 1974,3304 2030,3305 2086,3306 2142,3307 2197,3309 2253,3309 2309,3310 2365,3311 2421,3312 2476,3312 2532,3313 2588,3314 2644,3315 2700,3316 2755,3317 2811,3319 2867,3320 2923,3322 2979,3324"/>
                <TextEquiv>
                    <Unicode>natoldichters ist die tändelnde bei allem Esprit etwas müde</Unicode>
                </TextEquiv>
            </TextLine>
            <TextLine id="r3l53" custom="readingOrder {index:52;}">
                <Coords points="1854,3344 2995,3368 2995,3336 2872,3320 1855,3306"/>
                <Baseline points="1861,3340 1917,3341 1973,3343 2029,3345 2086,3346 2142,3347 2198,3347 2255,3348 2311,3349 2367,3350 2424,3351 2480,3351 2536,3352 2592,3353 2649,3354 2705,3356 2761,3357 2818,3359 2874,3361 2930,3363 2987,3366"/>
                <TextEquiv>
                    <Unicode>Grazie, die der modernen Wortkunst einen schillernden Reiz gibt.</Unicode>
                </TextEquiv>
            </TextLine>
            <TextLine id="r3l54" custom="readingOrder {index:53;}">
                <Coords points="1850,3386 2919,3414 2991,3411 2992,3370 1850,3344"/>
                <Baseline points="1857,3380 1913,3382 1969,3383 2026,3384 2082,3385 2139,3386 2195,3387 2251,3388 2308,3388 2364,3389 2421,3390 2477,3391 2533,3392 2590,3393 2646,3394 2703,3395 2759,3396 2815,3398 2872,3399 2928,3401 2985,3403"/>
                <TextEquiv>
                    <Unicode>Dies aber aus dem Buch heraus auf eine öffentliche</Unicode>
                </TextEquiv>
            </TextLine>
            <TextLine id="r3l55" custom="readingOrder {index:54;}">
                <Coords points="1842,3424 2912,3460 2989,3411 1842,3382"/>
                <Baseline points="1849,3417 1905,3419 1962,3421 2018,3422 2075,3424 2132,3425 2188,3426 2245,3427 2301,3428 2358,3429 2415,3429 2471,3430 2528,3431 2584,3432 2641,3433 2698,3434 2754,3435 2811,3436 2867,3438 2924,3439 2981,3441"/>
                <TextEquiv>
                    <Unicode>Bühne zu bringen, muß auf jeden Fall eine Vergröberung be¬</Unicode>
                </TextEquiv>
            </TextLine>
            <TextLine id="r3l56" custom="readingOrder {index:55;}">
                <Coords points="1840,3460 2922,3494 2980,3486 2981,3443 1840,3430"/>
                <Baseline points="1847,3458 1903,3459 1959,3461 2015,3462 2072,3463 2128,3464 2184,3465 2241,3466 2297,3467 2353,3467 2410,3468 2466,3469 2522,3470 2578,3471 2635,3472 2691,3472 2747,3474 2804,3475 2860,3477 2916,3478 2973,3480"/>
                <TextEquiv>
                    <Unicode>deuten, die auch die Freunde Schnitzlers ablehnen müßten, wie</Unicode>
                </TextEquiv>
            </TextLine>
            <TextLine id="r3l57" custom="readingOrder {index:56;}">
                <Coords points="1840,3503 2989,3528 2979,3486 1840,3474"/>
                <Baseline points="1847,3498 1903,3499 1960,3500 2017,3501 2073,3502 2130,3502 2187,3503 2243,3504 2300,3505 2357,3506 2414,3507 2470,3508 2527,3509 2584,3510 2640,3512 2697,3512 2754,3513 2810,3514 2867,3515 2924,3516 2981,3517"/>
                <TextEquiv>
                    <Unicode>er selber sich jahrelang dagegen verwehrt hat. Darüber hinaus</Unicode>
                </TextEquiv>
            </TextLine>
            <TextLine id="r3l58" custom="readingOrder {index:57;}">
                <Coords points="1840,3542 2997,3567 2997,3533 2847,3515 1841,3504"/>
                <Baseline points="1847,3537 1904,3537 1961,3539 2018,3540 2075,3540 2132,3542 2189,3543 2246,3544 2303,3544 2360,3546 2418,3547 2475,3548 2532,3549 2589,3550 2646,3551 2703,3552 2760,3553 2817,3554 2874,3555 2931,3556 2989,3558"/>
                <TextEquiv>
                    <Unicode>muß man nachdrücklich fragen, ob denn diese gewiß geschickte, aber</Unicode>
                </TextEquiv>
            </TextLine>
            <TextLine id="r3l59" custom="readingOrder {index:58;}">
                <Coords points="1847,3583 2981,3604 2981,3565 2893,3559 1848,3544"/>
                <Baseline points="1855,3576 1910,3577 1966,3578 2022,3579 2078,3580 2134,3581 2190,3582 2246,3583 2302,3584 2358,3585 2414,3586 2469,3587 2525,3588 2581,3589 2637,3590 2693,3591 2749,3592 2805,3593 2861,3594 2917,3594 2973,3595"/>
                <TextEquiv>
                    <Unicode>in ihrer spielerischen Leichtfertigkeit sehr bedenkliche Wieder¬</Unicode>
                </TextEquiv>
            </TextLine>
            <TextLine id="r3l60" custom="readingOrder {index:59;}">
                <Coords points="1845,3624 2975,3649 2992,3611 1846,3579"/>
                <Baseline points="1853,3616 1909,3617 1966,3617 2022,3618 2079,3619 2135,3620 2192,3621 2248,3622 2305,3623 2361,3623 2418,3625 2475,3625 2531,3626 2588,3628 2644,3629 2701,3630 2757,3631 2814,3633 2870,3634 2927,3636 2984,3637"/>
                <TextEquiv>
                    <Unicode>spiegelung einer innerlich faulen Gesellschaft überhaupt so wichtig</Unicode>
                </TextEquiv>
            </TextLine>
            <TextLine id="r3l61" custom="readingOrder {index:60;}">
                <Coords points="1840,3660 2985,3685 2985,3647 2941,3642 1841,3623"/>
                <Baseline points="1847,3655 1903,3656 1960,3657 2016,3658 2073,3659 2129,3660 2186,3660 2242,3661 2299,3662 2355,3663 2412,3664 2469,3665 2525,3666 2582,3667 2638,3668 2695,3669 2751,3670 2808,3671 2864,3672 2921,3673 2978,3675"/>
                <TextEquiv>
                    <Unicode>ist, daß man sie einem großen Publikum vorsetzen mußte — und</Unicode>
                </TextEquiv>
            </TextLine>
            <TextLine id="r3l62" custom="readingOrder {index:61;}">
                <Coords points="1843,3716 1949,3725 2032,3703 2065,3721 2118,3705 2216,3729 2238,3708 2347,3729 2411,3712 2411,3677 2382,3668 1844,3667"/>
                <Baseline points="1851,3693 1878,3694 1906,3695 1933,3696 1961,3697 1989,3698 2016,3698 2044,3698 2071,3699 2099,3699 2127,3699 2154,3699 2182,3699 2209,3699 2237,3699 2265,3700 2292,3700 2320,3701 2347,3702 2375,3702 2403,3704"/>
                <TextEquiv>
                    <Unicode>ausgerechnet als Weihnachtsgabe.</Unicode>
                </TextEquiv>
            </TextLine>
            <TextLine id="r3l63" custom="readingOrder {index:62;}">
                <Coords points="2564,3735 2615,3723 2776,3735 2856,3721 2900,3735 2954,3725 2954,3687 2892,3672 2812,3687 2795,3675 2673,3675 2638,3692 2612,3674 2566,3676"/>
                <Baseline points="2572,3707 2598,3708 2625,3709 2652,3710 2678,3710 2705,3711 2732,3712 2759,3713 2785,3713 2812,3713 2839,3714 2865,3714 2892,3715 2919,3715 2946,3715"/>
                <TextEquiv>
                    <Unicode>Dr. Erich Krafft.</Unicode>
                </TextEquiv>
            </TextLine>
            <TextEquiv>
                <Unicode>Klose &amp; Enidel
Bureau für Zeitungsausschnitte
Berlin Ho. 43, Georgenkirchplatz 21
0
Zeitung: Hamburger Nachrichten
Ort:
Hamburg
Datum:
—0
24
P. F. Schnitzlers „Reigen“. Aus Berlin wird uns draht¬
lich Kemeldet: Trotz oder gär wegen seiner notorischen Anstößigkeit
hat, man im nachrevolutionären Berlin Schnitzlers Szenenreihe
dertoch auf die Bühne gebracht. Aber dieser geistreiche Esprit
vost 1900 ist heute schon „Alt=Wiener Porzellan. Es handelt sich
um die Weitergabe eines — Danaergeschenks aus dem Krug der
Pandora crotica. Dabei läuft Schnitzler ähnlich wie Voltaire in
seiner „Candide“ die ganze soziale Stufenleiter durch, um schließ¬
lich wieder unten anzulangen. Unter den Darstellerinnen war
Poldi=Müller das reizendste Weana Madel, Fräulein Dergan und
Fräulein Mohr beide nett und liebenswürdig. Als Prolog und
Epilog trat Frau Direktor Eysoldt auf und wandte sich klagend
gegen die Härten der Polizei, die das Stück bei sechs Wochen Haft
verboten hat. Das Publikum klatschte artig und resigniert.
1
Klose &amp; Seidel
Bureau für Zeitungsausschnifte
Berlin NO. 43, Georgenkirchplatz 21
Zeitung:
 Westh. Seitg,
Essen
Ort:
95
Datum:
10
IDLL.10
9 Schnitters „Mrigen auf der Bühne. Berlin, 24. Dez.
„Eig. Draht# ArtharSchnitzlers „Reigen“ dessen Aufführung
im Kleina Schauspielhaus gestern unter Androhung son
6 Wochen Haft für die Direktorin verboten wurde, ging
trotzdem in Szene. eingerahmt von einem Vor= und Nachwort,
der sich lebhaft gegen das Kultusministerium wendenden Direk¬
torin Gertrud Eysoldt. Die Aufnahme war im allgemeinen bei¬
ällig, da das Canze sozujagen dezent gespielt wurde. Die
Pointen dieser 10 Dialoge, die seit langem in Buchsorm vor¬
liegen und um die verschiedenen Stände der Wiener Gesellschaft
eine Liebeskette schlingt, die von der Dirne ausgeht und bei der
Dirne endet, sind ja nicht so sehr spitzige Punkte als im Schweigen
melsagende Gedankenstriche, und das wefentlichste Bühnenrequisit
in der geheimnisvoll verschleiernde und dadurch das Letzte ent¬
büllende Vorhang. Das Hauptsächliche dieser Stizzen des
natoldichters ist die tändelnde bei allem Esprit etwas müde
Grazie, die der modernen Wortkunst einen schillernden Reiz gibt.
Dies aber aus dem Buch heraus auf eine öffentliche
Bühne zu bringen, muß auf jeden Fall eine Vergröberung be¬
deuten, die auch die Freunde Schnitzlers ablehnen müßten, wie
er selber sich jahrelang dagegen verwehrt hat. Darüber hinaus
muß man nachdrücklich fragen, ob denn diese gewiß geschickte, aber
in ihrer spielerischen Leichtfertigkeit sehr bedenkliche Wieder¬
spiegelung einer innerlich faulen Gesellschaft überhaupt so wichtig
ist, daß man sie einem großen Publikum vorsetzen mußte — und
ausgerechnet als Weihnachtsgabe.
Dr. Erich Krafft.</Unicode>
            </TextEquiv>
        </TextRegion>
        <TextRegion orientation="0.0" id="r4" custom="readingOrder {index:3;}">
            <Coords points="2999,1202 2999,1675 3048,1675 3048,1202"/>
            <TextLine id="r4l1" custom="readingOrder {index:0;}">
                <Coords points="3014,1237 3021,1236 3022,1234 3031,1235 3039,1226 3042,1226 3048,1217 3055,1216 3052,1193 3044,1194 3036,1200 3025,1191 3021,1192 3016,1188 3007,1190"/>
                <Baseline points="3020,1226 3048,1222"/>
                <TextEquiv>
                    <Unicode>in</Unicode>
                </TextEquiv>
            </TextLine>
            <TextLine id="r4l2" custom="readingOrder {index:1;}">
                <Coords points="3007,1271 3012,1273 3019,1271 3021,1273 3024,1272 3029,1278 3031,1277 3032,1279 3039,1280 3049,1238 3043,1237 3041,1234 3036,1235 3034,1231 3023,1235 3016,1233"/>
                <Baseline points="3016,1264 3034,1268"/>
                <TextEquiv>
                    <Unicode>E</Unicode>
                </TextEquiv>
            </TextLine>
            <TextLine id="r4l3" custom="readingOrder {index:2;}">
                <Coords points="3008,1314 3021,1314 3028,1310 3029,1312 3040,1314 3042,1316 3050,1316 3053,1275 3045,1275 3043,1273 3041,1275 3034,1274 3029,1277 3024,1272 3022,1274 3021,1272 3011,1272"/>
                <Baseline points="3016,1308 3044,1309"/>
                <TextEquiv>
                    <Unicode>fe.</Unicode>
                </TextEquiv>
            </TextLine>
            <TextLine id="r4l4" custom="readingOrder {index:3;}">
                <Coords points="3004,1353 3019,1358 3026,1354 3032,1359 3035,1357 3040,1361 3045,1361 3049,1316 3042,1316 3033,1312 3027,1312 3026,1310 3017,1315 3014,1313 3007,1313"/>
                <Baseline points="3011,1346 3039,1348"/>
                <TextEquiv>
                    <Unicode>B</Unicode>
                </TextEquiv>
            </TextLine>
            <TextLine id="r4l5" custom="readingOrder {index:4;}">
                <Coords points="3014,1433 3021,1434 3022,1436 3032,1428 3035,1432 3043,1433 3050,1394 3044,1394 3041,1392 3038,1393 3037,1391 3030,1394 3028,1392 3021,1391"/>
                <Baseline points="3022,1430 3036,1432"/>
                <TextEquiv>
                    <Unicode></Unicode>
                </TextEquiv>
            </TextLine>
            <TextLine id="r4l6" custom="readingOrder {index:5;}">
                <Coords points="3000,1466 3019,1471 3034,1463 3042,1464 3046,1430 3034,1432 3032,1430 3024,1435 3021,1433 3003,1433"/>
                <Baseline points="3008,1463 3035,1466"/>
                <TextEquiv>
                    <Unicode>d</Unicode>
                </TextEquiv>
            </TextLine>
            <TextLine id="r4l7" custom="readingOrder {index:6;}">
                <Coords points="3011,1513 3022,1512 3024,1509 3030,1511 3034,1509 3040,1509 3036,1467 3023,1468 3020,1471 3017,1469 3007,1470"/>
                <Baseline points="3018,1506 3032,1505"/>
                <TextEquiv>
                    <Unicode>d</Unicode>
                </TextEquiv>
            </TextLine>
            <TextLine id="r4l8" custom="readingOrder {index:7;}">
                <Coords points="3005,1631 3012,1632 3019,1629 3028,1622 3036,1623 3042,1584 3035,1583 3030,1587 3024,1586 3021,1588 3012,1587"/>
                <Baseline points="3014,1624 3028,1626"/>
                <TextEquiv>
                    <Unicode>E</Unicode>
                </TextEquiv>
            </TextLine>
            <TextLine id="r4l9" custom="readingOrder {index:8;}">
                <Coords points="2991,1673 3003,1672 3009,1668 3021,1680 3027,1676 3034,1676 3037,1621 3028,1622 3010,1639 3009,1637 2993,1636"/>
                <Baseline points="2999,1664 3028,1665"/>
                <TextEquiv>
                    <Unicode>n</Unicode>
                </TextEquiv>
            </TextLine>
            <TextEquiv>
                <Unicode>in
E
fe.
B

d
d
E
n</Unicode>
            </TextEquiv>
        </TextRegion>
    </Page>
</PcGts>
