3392 4352
998 36 2025 112 -eron
942 96 1670 149 einen Zwichenruf in tschechischer Sprache)
1670 105 1734 135 —
1787 92 2034 152 wenn sie auf
939 141 2028 189 meinen Namen anspielen, so will ich konstatieren, daß ich
946 174 2033 221 meinen Namen geändert habe —, wir Deutschen
937 216 2028 256 an der Tonau wollen in unserem sittlichen Reinlichteissgejähl
946 253 2042 298 nicht hinter dem übrigen deutschen Volk zurückstehen. (Lebhafter
945 286 2031 346 Beifall bei den Christlichsozialen; andauernde Zwischenrufe bei
944 326 1351 385 den Sozialdemolraten.)
1355 363 1637 441 Seitz (Soz.):
1050 413 1781 470 Die höchst bedauernswerten Szenen,
1784 411 2028 482 die sich hier
940 475 2029 521 ereignet haben, sind, wie ich glaube, auf einen schweren
944 511 2034 551 politischen Fehler der christlichsozialen Partei und der Mehrheit
944 548 2028 590 in die em Hause überhaupt zurückzuführen. Wir leben in
933 584 2029 635 Oesterreich in einer so schweren Zeit, daß die, die die Geschicke
943 627 2027 671 des Staates an erster Stelle zu lenken haben. ihr Amt nicht ausüben
933 662 2030 706 können, wenn sie sich nicht selbst als die Träger einer
935 699 2026 750 schweren Verantwortlichkeit fühlen und wenn sie nicht
961 736 2033 790 elbst aus dem Volke stammen und vom Volke berusen sind.
939 781 2028 840 (Beifall bei den Sozialdemokraten.) Oesterreich ist viel zu
949 815 1423 873 chwach, um eine Regierung
1124 857 1851 922 von Angestellten oder gar Söldlingen
935 910 2028 967 zu ertragen. (Lebhafte Zwichenrufe bei den Cheistsichsozialen
944 953 2027 996 Rufe: Unerhört! Sie sprechen von Söldlingen?) Das ist der
939 985 2024 1034 eigentliche Fehler. Wenn die Mehrheit des Hauses den Mut
940 1033 2025 1081 gehabt und in sich die Kraft gefühlt hätte, selbst zu regieren,
936 1070 2033 1112 und wenn sich die Herren daher selbst auf diese Bänle gesetzt
945 1108 2026 1158 hätten, so hätten sie gewiß das notwendige Verständnis und
933 1142 2024 1184 den notwendigen politischen Taft gehabt, der in der Eni¬
944 1178 2029 1238 cheidung dieser Frage notwendig ist. Das kann man natürlich
942 1222 1309 1276 einem jungen Mann,
1161 1251 1783 1319 einem jungen strebsamen Mann,
939 1310 2022 1364 der einige Jahie in Präsidialbütos gedient hat und dann
935 1358 2021 1410 plötzlich auf einen solchen Posten berufen wurde (Zwischenruse
935 1395 2025 1440 bei den Christlich ozialen; Rufe: Richt beleidigen!), das kann
931 1431 2021 1477 man einem solchen jungen Mann nicht zumuten. Wenn sich
935 1472 2025 1515 Herr Dr. Glanz erkühn haben soll (lebhafte Zustimmung bei
941 1508 2025 1559 den Sozialdemokraten), gleicham hier zu sagen, er werde sich
937 1546 2028 1593 die Gesetze der Anständigkeit nicht vom Hause vorschreiben
934 1586 2022 1631 lassen oder wenn er gesagt haben soll, er überlasse das Urteil,
937 1627 2026 1680 das von einer grogen Partei des Hauses beanstandet wurde,
938 1662 1493 1721 jedem anständigen Menschen, so
1089 1702 1887 1765 ist das eine Redeweise, die ungehörig ist.
1054 1756 2023 1810 Einen großen Teil der Ausführungen des Ministers hat
936 1795 2018 1847 die Darstellung seiner ästhetischen Auffassungen über irgend ein
939 1834 2019 1877 Schauspiel eingenommen, das jetzt in Wien aufgeführt wird.
928 1873 2021 1918 Die ästhetischen Auffassungen des Dr. Glanz interessieren uns
932 1915 2019 1957 gar nicht. Ich bin versichert, daß bei den verschiedenen politischen
929 1953 2023 1994 Parteien und in den verschiedenen Bevölkerungskreisen die
938 1992 2008 2044 Auffassung über die literarische Bedeuung des „Reigen
936 2028 2019 2074 als Buch und über seine künstlerische Bedeutung als Drama
930 2068 2026 2109 sehr verschieden sein wird. Wir wissen zum Beispiel, daß in
935 2106 2029 2154 Deut chland eine sehr große Disku sion über diesen Gegenstand
942 2147 2026 2192 taitgesunden hat, wir wissen, daß in Deutschland die Zu¬
928 2185 2016 2229 lässigkeit der Aufführung des „Reigen“ schließlich ausgespruchen
935 2221 2018 2274 wurde. Selbst der Minister hat ja eingestanden, daß die Ge¬
938 2258 2020 2301 staitung der Aufführung auf Grund des Be¬
952 2298 2025 2349 chlusses des Zensurbeirates. alse der amtlich
939 2330 2020 2390 berufenen Stelle, erfolgt ist. Der Landeshauptmann von Wien
939 2374 2021 2419 hat sich bei seinee Entscheidung einfach auf die von der zu¬
937 2410 2016 2458 tändigen Stelle bekundete Aufführung gestützt. Ich wünsche
938 2456 2017 2500 nicht einmal anzudeuten, wie ich über die Aufführung denke.
940 2491 2027 2547 Ins sind schon die politischen und umsomehr erst die
929 2527 2028 2579 ästhetischen Ansichten des Dr. Glanz gleichgültig. Wir
927 2568 2024 2616 kümmern uns auch nicht darum, welches Publikum das
938 2603 2023 2659 Stück anhört. Daß es keine Arbeiter sind, kann ich bestimmt
941 2648 2023 2697 agen. Sie haben nicht die Mittel, so hohe Preise zu zahlen.
928 2685 2017 2734 Es sind dort also doch eher die bürgerlichen Kreise
927 2725 2022 2773 zu finden. (Rufe bei den Christlich ozialen: Juden! Nur
925 2758 2017 2806 Juden!) Ich bin ein alter Wiener und kenne die Wiener
937 2801 2029 2847 Christlich oziasen genau. Ich möchte nicht kontrollieren, wie viele
927 2838 2026 2877 von Ihren beiten Freunden lüsternen Blickes und mit gespanntem
933 2873 2026 2921 Ohr die Aufführung verfolgen. (Heiterkeit.) Aber das alles ist
926 2917 2020 2952 uns gleichgültig. Wenn hier immer von der bedrohten Sittlich¬
936 2949 2018 2994 keit gesprochen wird, die Sittlichkeit der Wiener Arbeiter wird
934 2989 2025 3045 durch die Aufführung des „Reigen“ nicht verletzt (Zustimmung
927 3030 2014 3083 bei den Sozialdemokraten), weil die Arbeiter nicht hingehen. Und
940 3069 2014 3119 ver sonst immer für seine Sutlichkeit fürchtet, hat ja die
937 3105 2016 3150 Freiheit, an dem Theater vorsberzugehen.
937 3143 1367 3208 UIm was es sich handelt,
1255 3183 1703 3243 ist die politische Frage,
935 3226 2022 3287 die Frage der Verfassungsmäßigkeit dieses Erlasses des
934 3274 2024 3318 Dr. Glanz. Es ist eine alte Taitik der christlichsozialen Partei
926 3317 2013 3367 und daber auch des Herrn Glanz, in kleinen untergeordneten
933 3351 2019 3402 Fragen oder zum mindesten in solchen, die mernorisch nicht wichtig
944 3392 2023 3436 ind, zunächst kleine verjassungswidrige Vorentscheidungen zu
937 3433 2021 3481 treffen, um sich dann bei wichtigen Anlässen auf ein Präjudiz
929 3467 2026 3518 beruten zu können. Wir wissen, daß Sie die Absicht haben, in
937 3509 2020 3552 den Ländern, in denen Sie die Majorität haben, den Landes¬
937 3545 2013 3599 hauptmann zu einem selbstherrlichen Gebieter zu machen, der
932 3584 2015 3644 vom Staate vollkommen unabhängig ist, gleichzeitig aber dort,
930 3629 1844 3683 wo ein Sozialdemotrat als Landeshauptmann wirkt,
1023 3665 1926 3718 ihm gegenüber die sogenannte Staatsantorität,
922 3716 2024 3771 das heißt hier die Autoriät eines christlichsozialen
933 3757 2013 3801 Söldlings geitend zu machen. Dieser Politik werden
920 3801 2024 3863 wir den entschiedensten Widerstand entgegensetzen. Wenn #s
2074 62 3176 123 O A K W S k. Er geh and Arnr in Peifron.
2075 111 3162 151 endlich die Gendaimen, auch die christlichsozialen Gendarmen in
2076 145 3175 184 Steiermark, sagen, der Mann ist ja nicht mehr unser Vor¬
2071 183 3171 227 gesetzter, er ist pensioniert, und ihm den Gehorsam
2084 218 3171 262 eiweigern. Und heute, da wir unmittelbur vor der
2081 251 3170 307 Gefahr stehen, daß alles, was in Steiermark gesetzmäßig be¬
2083 291 3164 346 wvaffnet ist, sich gegen die Regierung auflehnt und in den
2089 328 3163 388 Streik tritt, erklärt der Minister des Innern, er merde eine
2079 370 3167 425 „objektive Entscheidung“ in die Wege leiten. Er wird die Ent¬
2083 411 3168 466 cheidung wahrscheinlich an dem Tage treffen, bevor das
2083 445 3172 499 Ultimalum, das ihm die Beamten gestellt haben, abläuft.
2082 483 3163 542 Glauben Sie, daß ein Mann, der so handelt, fähig und
2071 520 2274 567 berusen
2291 526 3170 579 ist, auf diesem Posten zu sitzen?
2086 561 3175 611 Lebhafte Zustimmung bei den Sozialdemokraten.) Erkennen
2081 592 3167 654 Sie, Herr Dr. Glanz, denn nicht, daß Sie vielleicht viele Fähig¬
2072 635 3167 686 keiten haben, aber daß Ihnen die zur Leitung des Ministeriums
2084 679 3164 729 des Innein in so ernster Zeit mangeli? Sie sind vielleicht
2076 716 3163 768 ein ausgezeichneter Lneralurkenner und Aesthet, Sie mögen sich
2080 758 3160 805 berufen fühlen, Werturteile abzugeben über Schnitzler, Hofmanns¬
2081 791 3165 837 hal und den christ ichen Kernstuck, vielleicht könnten Sie auch schöne
2076 828 2768 876 Feuilleions über Theaterstücke schreiben
2768 830 3161 881 — und Sie haben
2071 867 3173 914 uns ja auch eine Probe dieser Kunst heute gegeben (lebhafte
2076 904 2244 951 Hei erkeit)
2245 911 2304 951 ——
2320 908 3165 957 aber das sollten Sie erkennen, daß Sie auf dem
2081 950 3171 999 Posten eines Bundesministers unmöglich sind. Auch die
2074 987 3167 1036 christlichsoziale Mehrheit hat alle Ursache, ernsthaft zu prüfen,
2079 1025 3173 1079 ob es zweckmäßig sei, einen großen Teil der Bevölkerung
2075 1056 2369 1115 Deutschösterreichs
2075 1104 3175 1166 durch die Zumutung des Herrn Glang zu provozieren.
2185 1148 3162 1207 Ich kann nur noch einmal sagen, ich bin der Ueber¬
2079 1193 3168 1251 zeugung, daß ein chrinlichsozialer ativer Politiker, der selbst
2074 1233 3165 1282 im Volle stände und aus dem Volke gewählt wäre an der
2082 1273 3178 1321 Stelle, die heute Herr Glanz einnimmi, Ent cheidungen in diesen
2082 1312 3177 1362 Fragen sich weit gründlicher überlegen und anders tressen
2077 1344 3174 1394 würde als Heir Glanz. Es ist ein schwerer Fehler, zu dem
2076 1385 3174 1429 vielen Unglück, das wir in Oesterreich haben, auch noch das
2078 1426 3169 1470 hinzuzufügen, daß man die Bevölkerung mit unsähigen
2071 1465 3174 1514 Beamten plagt. Was nun Wien beirifft, so wird
2068 1504 3026 1556 der Landeshauptmann und Bürgermeister von
3077 1506 3176 1552 Wien
2580 1538 2780 1592 gebührende
2065 1540 2140 1588 dem
2850 1538 3011 1590 Amwort
2418 1541 2495 1590 die
2077 1568 3165 1626 jeben. Ich glaube kaum, daß er seine Zuschrift zur
2078 1622 3177 1665 Kenninis nimmt. Wir kennen den Landeshauptmann von
2075 1658 3178 1708 Wien als einen sehr ruhigen, beionnenen Mann. Wenn Herr
2078 1698 3165 1750 Dr. Glanz diesen Verfassungskampf nun unternimmi,
2074 1736 3169 1783 dann werden wir ihn ausfechten. Wir werden daran
2066 1775 3163 1822 denken, was dei Stadt Wien ih größeren und wichtigeren
2068 1813 3170 1860 Fragen drohen könnte, wenn wir einmal gestatteten, daß ein
2066 1852 3160 1895 wichtiges Prinzip durchbrochen wird. Wir werden es nicht
2066 1891 3167 1937 dulden, daß die Arbeiterschaft in den übrigen Ländern einem
2081 1929 3167 1978 elbstherrlichen Landeshauptmann ausgeliefert ist, die Arbeiter¬
2070 1962 3159 2009 chaft von Wien aber einem selbstherrlichen christlich ozialen
2072 2007 3159 2063 Bundesminister. (Stürmischer Beifall bei den Sszialbemokraten.)
2116 2055 3125 2137 Ein Ordnungsruf und kein Ordnungsruf.
2185 2125 3170 2176 Präsident Dinghofer: Abgeordneter Seitz hat den
2065 2164 3164 2214 Minister für Inneres as einen unsähigen Beamten
2072 2209 3162 2253 bezeichnet. Ich halte das für eine Ungehörigkeit, für ein
2068 2246 3173 2290 Ueberschreiten der parlamentarischen Ausdrucksweise und rufe
2066 2287 3176 2338 den Abgeordneten Seitz deshalb zur Ordnung. (Lebhafter
2072 2321 3169 2388 Beifall bei den Christlichsozialen; lebhafter Widerspruch bei
2060 2357 2486 2415 den Sozialdemokraten.)
2179 2387 3172 2463 Dr. Bauer: Der Minister für Inneres hat in seiner
2071 2445 3167 2499 Rede eine Aeußerung gebraucht, die ich genau gehört habe.
2066 2484 3160 2530 Er sagte mit einer deutlichen und unzweidentigen
2064 2525 3166 2579 Spitze gegenüber der Kritik, die von unserer Partei an ihm
2063 2565 3176 2619 geübt worden ist. „Er überlasse das Urteil darüber allen an¬
2075 2600 3162 2650 tändigen Menschen.“ Diese Aeußerung wurde in einem Tone
2074 2641 3170 2683 und in einer Weise vorgebracht, die über ihren Sinn keinen
2067 2679 3163 2730 Zweifel übrig ließ. Der Präsident hat es nicht für notwendig
2088 2719 3161 2764 achtet, diese Beleidigung, die dei Minister einer großen Partei
2066 2752 3158 2802 des Hauses zugefügt hat, zu rügen. Auf Grund des § 76 der
2067 2793 3170 2841 Geschäftsordnung verlange ich, daß der Minister des Innern
2071 2839 3172 2898 zur Ordnung gerusen werde. (Lebhaster Beifall
2071 2865 2545 2925 bei den Sozialdemokraten.)
2171 2906 3173 2958 Präsident Dr. Dinghofer: Ich war während der Rede
2064 2957 3166 3008 des Ministers des Innern nicht anwesend und kann daher
2064 2999 3175 3050 auch ein persönliches Urteil darüber nicht abgeben. Soviel ich
2062 3032 3162 3084 aber aus den Ausführungen des Abgeordneten Dr. Bauer ent¬
2062 3072 3172 3124 nehme, muß ich entscheiden, daß ich nicht in
2070 3111 3169 3159 der Lage bin, dem Herrn Minister wegen
2068 3149 3166 3199 dieser Aeußerung einen Ordnungsruf zu
2064 3184 2295 3240 erteilen.
2172 3197 3177 3286 Seitz: Ich finde es höchst sonderbar, daß der Präsident,
2067 3253 3170 3318 der saeben einen Ordnungsruf für einen Ausdruck erteilt hat,
2072 3303 3173 3351 den man vielleicht als eine Wertung von Fähigkeiten bezeichnen
2065 3340 3164 3392 kann, den Ordnungsruf gegenüber einem Ausdruck verweigert,
2064 3378 3176 3429 durch den die moralischen Qualitäten anderer in Frage gezogen
2065 3418 2794 3463 werden. Ich halte eine solche Entscheidung
2799 3418 3168 3474 für ganz un¬
2067 3456 3163 3512 zulässig. Man kann ein ganz anständiger Mensch sein,
2061 3499 3175 3553 ohne gerade die Fähigkeiten für irgend ein Umt zu besitzen,
2073 3534 3175 3590 ind es ist daher noch lange keine so schwere Beleidigung,
2067 3571 3165 3628 jemanden der Unfähigkeit zu ziehen, als wenn man sich in der
2063 3613 3165 3674 Argumentation gegen jemanden auf dee Zustimmung aller
2071 3653 3174 3721 anständigen Menschen beruft und ihn #o der Unanständig¬
2177 3703 3167 3782 Präsident Dr. Dinghofer: Ich habe keine Veranlassung,
2073 3761 3177 3816 eine andere Entscheidung zu neffen und beribe bei meiner ersten
2067 3802 2734 3873 Entscheidung. (Lebhafte Zwischenrufe.)
