3392 4224
256 112 768 210 11. Reigen
586 2413 640 2468 #.
946 113 1366 202 box 17/1
1108 752 1869 847 Ein unsittliches Buch?
897 845 2202 912 Es gehört mit zu den Unbegreiflichkeiten der Literatur, dass
779 912 2200 967 ein Buch wie Arthur Schnitzler’s sReigene nicht schon
774 947 2199 1012 früher geschrieben wurde. So naheliegend, fast selbstverständlich
781 1013 2202 1068 scheint seine ldee. Aber das Merkwürdige an dem Ei des
775 1062 2195 1128 Columbus ist es eben, dass ein Columbus kommen muss,
779 1107 1211 1167 um es aufzustellen.
904 1144 2202 1208 Schnitzler hat den Geschlechtsact der Literatur erobert.
784 1200 2194 1259 Dazu gehört weniger Kühnheit als es scheint und mehr Ge¬
791 1249 2202 1310 schmack. Dem landläufigen heuchlerischen „ldealismust, der in
795 1302 2208 1361 der Geschlechtsvereinigung etwas Unanständiges sieht, von dem
786 1355 2191 1410 man in gguter Gesellschafte — und die Kunst ist doch nur das
790 1405 2208 1462 geistige Dessert der guten Gesellschaft — nicht sprechen darf,
792 1443 2207 1502 stellt er die Realität des Tatsächlichen entgegen. Indem er der
798 1496 2196 1559 Sinnlichkei, ihr Recht gibt, erscheinen vor seinem Künstlerauge
787 1551 2196 1610 neue Komödien, die noch niemand zu sehen wagte. Es wären
796 1590 2204 1647 wohl aus ihr auch Tragödien zu schreiben und einzelne tiefe
796 1641 2202 1698 Stellen in den Scenen zeigen, dass sich der Dichter dessen wohl
788 1697 2201 1757 bewusst war. Vielleicht bescheert er uns diese Gabe noch. Enist¬
799 1736 2209 1796 weilen begnügt er sich, mit leichten und boshaften Strichen die
799 1786 2211 1843 Verirrungen und Verzückungen der Geilheit aufzuzeichnen. Wie
798 1837 2208 1894 Marionetten ziehen seine Menschlein vorüber, gelenkt an den
792 1888 1313 1947 Drähten ihrer Begierde.
912 1939 2211 1992 Die erstaunliche Feinheit dieser Actstudien ersieht man am
789 1987 2203 2043 besten aus der psychologischen Gewandheit, mit der uns der
795 2033 2210 2090 Arzt Schnitzler alle Verbildungen und dünnsten Verästelungen
794 2081 2202 2138 der Leidenschaften zeigt. Denn kein Gefühl ist ja rein, es ist
798 2135 2196 2189 immer mit anderen verwachsen, wird durch sie verändert, diffe¬
792 2188 2212 2246 renziert. Die reine Sinnlichkeit, nur völlig gesunden Leuten eigen,
791 2235 2216 2291 ist in unserer lasterhaften Zivilisation so selten geworden wie
797 2284 2199 2344 die Gesundheit. So sehen wir auch an den Figuren des -Rei¬
796 2323 2215 2392 genst, wie sich mit ihrer Begierde Eitelkeit mengt. Der junge
804 2372 2215 2437 Mann will eine anständige Frau als Geliebte haben und, fast
805 2429 2202 2484 ohne Wunsch, nur um sich seine Weltmannqualitäten zu be¬
794 2484 2208 2536 stätigen, kommt er zu seinem Verhältnis. Für diese kühlen Naturen
801 2518 2212 2590 entscheidet weniger die Begierde als das Verlangen ihr Leben
808 2575 2201 2629 auszufüllen, Romane zu erleben. Die -Schauspielerine will ver¬
802 2626 2201 2680 blüffen, der „Dichtere um seinerfselbst willen geliebt sein. Wie
799 2666 2210 2726 sie aber der eigenen Eitelkeit nicht entfliehen können und sich
796 2715 2203 2786 in ihren Schlingen abzappeln, das ist nun ein höchst ergötzlicher
801 2764 2209 2828 Anblick. Von dem Höchsten des Lebens, der Liebe, fallen
797 2814 2208 2875 Schleier auf Schleier; nur ein höchst unrespektables, armseliges
798 2867 1883 2928 Etwas bleibt zurück. Das Ende eines Götzen.
925 2898 2210 2969 Und neben diesen Einzelkomödien spielt sich die grosse,
800 2963 2210 3027 allgemeine ab: der Kampf der Geschlechter. Auch er, der sonst
803 3018 2207 3070 so viel Tränen und Schmutz mit sich bringt, ist hier nur von
803 3048 2218 3126 seiner heiteren Seite gesehen. Eine Selbstbeschränkung, welche
809 3106 2215 3168 die feinsten Wirkungen zur Folge hat. Welch’ köstliches Duell
802 3153 2217 3217 zwischen Mann und Weib! Wie wird seine ungeschickt täppische
810 3203 2207 3266 Selbstsucht von der Frau mit leichten Listen und Lügen über¬
804 3263 2206 3315 tölpelt und schliesslich doch zu den beiden erwünschten Zielen
804 3300 2217 3368 geleitet. Und zu denken, dass hinter allen diesen Raffinements
810 3362 2216 3419 immer die unbeirrbare Natur steht, das grosse Ziel der Gattung
