3336 4352
79 3949 399 4053 mland.
121 4100 154 4145 #
260 117 771 227 11. Reigen
955 115 1375 209 box 17/6
1008 874 1593 950 Wiener Morgenzeilung
765 989 1899 1036 Wiener Bevölkerung in scharfem Gegensatz stehen. Nun hagelte¬
777 1026 1075 1088 e Zwischenrufe.
875 1040 1877 1106 Abgeordneter Seitz rief: Woher wissen Sie das?
880 1087 1883 1149 Abgeordneter Witzany: Die christlich sozialen
769 1143 1884 1199 Abgeordneten haben sich die Füße abgelaufen,
784 1183 1503 1239 damit sie Karten bekommen!
879 1202 1880 1263 Abgeordneter Seitz: Sie haben bis jetzt nur über
767 1250 1876 1308 ästhetische Meinungen geredet, aber kein einziges Argument
780 1295 987 1357 vorgebracht.
873 1320 1430 1408 Abgeordneter Dr. Mataja:
966 1378 1698 1456 Der Herr Präsident als Krawallmacher!
879 1416 1873 1488 Abgeordneter Dr. Bauer: Ein solcher Schreker, wie
767 1486 1639 1532 der Herr Mataja, wagt es, hier so zu sprechen.
873 1506 1874 1565 Dr. Glanz: Es war nur meine Absicht, vorerst dem
781 1550 1878 1613 zur Beurteilung des Falles zunächst berufenen Herrn Bürger¬
776 1595 1874 1648 meister von Wien Gelegenheit zu geben, zu dieser neuen,
781 1628 1886 1683 durch den Eindruck der Aufführung gegebenen Sachlage
793 1667 1877 1725 Stellung zu nehmen. Der Herr Bürgermeister teilte mir
784 1712 1877 1765 jedoch hierauf mit, daß er nicht in der Lage sei, von
777 1747 1731 1813 seiner ersten Endscheidung abzugehen.
879 1798 1758 1864 Abgeordneter Pick: Das muß Ihneu genügen!
884 1842 1144 1916 Dr. Glanz:
1023 1891 1660 1950 Die deutsche Kultur in Oesterreich
779 1937 1883 1999 wird gewiß keinen Schaden leiden, wenn die Schausteslung
799 1988 1884 2035 olcher Vorgänge auf offener Bühne unterbleibt. (Stürmi¬
1746 2013 1890 2065 den
1629 2018 1745 2066 bei
799 2019 1624 2081 cher Beifall und Händeklatschen
782 2057 1884 2111 Christlichsoztalen. — Heftige Gegenrufe bei den Sozial¬
789 2105 1205 2155 demokraten. — Lärm.)
884 2147 1406 2207 Abgeordneter Dr. Bauer:
938 2177 1732 2249 Es handelt sich am eine Verfassungsfrage.
793 2239 1892 2301 Das, was Sie sagen, hat mit der Verfassung nichts zu tun.
800 2290 1263 2349 Fortgesetzte Zwischenrufe.
894 2308 1888 2379 Abgeordneter Witternigg: Das ist Liguori=Moral.
798 2359 1896 2437 Heftige Gegenruse bei den Christlichsozialen. — Andauernder
784 2407 913 2465 Lärm.)
888 2415 1893 2485 Auf die gegen mich persönlich gerichteten Bemerkungen
790 2480 1897 2532 will ich nicht näher eingehen. Ich glaube, das Urteil
1505 2510 1889 2573 edem anständig
791 2521 1490 2566 über mein Wirken getrost
783 2555 1853 2619 denkenden Meuschen überlassen zu können.
1131 2607 1565 2667 Der Rabau geht los.
895 2645 1889 2733 Diese Worte, die von den Christlichsozialen mit Applaus¬
790 2700 1895 2751 salven ausgenommen wurden, entfesselten bei den Sozial¬
1560 2738 1892 2794 Die Abgeordneten
799 2741 1488 2789 demokraten stürmische Entrüstungsruse.
800 2784 1891 2845 Zelenka, Witternigg und Widholz schlugen mit den
794 2823 1331 2880 Fäusten auf die Ministerbank.
887 2853 1903 2915 Der Präsident erteilte mitten im Lärm eine Anzahl
1665 2904 1898 2958 bgrardneter.
795 2900 1612 2967 Ordnungsruse. Ein Trupp christlichsozialer
807 2941 1896 3002 voran die Herren Pischitz und Luttenberger, stieß
807 2976 1891 3033 im Keil gegen die sozialdemokrätischen Schreier unter den
807 3018 1903 3073 Rufen: „Juden! Saujuben! Jndenbagage!“ vor.
795 3055 1900 3112 Es kam zu einer wüsten Keilerei, in deren Verlauf der
795 3101 1890 3147 Sozialdemokrat Seper einen Hieb vor den Kopf erhielt,
811 3132 1895 3188 o daß er zurücktaumelte. Di Ordner und einige besonnene
809 3174 1897 3226 Abgeordnete machten andi#g dem widerlichsten Teil der
803 3210 1898 3267 Rauserei ein Ende, indem sie sich zwischen die puffenden,
802 3249 1698 3313 stoßenden und schreienden Volksvertreter stellten.
903 3283 1900 3350 Der Lärm überdauerte aber auch noch die Ausführungen
795 3338 1900 3395 des Christlichsozialen Volber, der namens seiner Partei
804 3382 1904 3438 erklärte, die Regierung habe ihre Pflicht getan und seine
798 3430 1196 3499 Partei verteidige das,
900 3435 1910 3514 Abgeordneter Weber rief ihm höhnend das Wort
802 3494 1907 3556 Bsetecka zu. (So hieß der Herr Volker, bevor er sich
795 3538 1142 3606 Foomanisieren lieh.
892 3557 1904 3628 Polker replizierte: Wenn Sie auf meinen Namen
805 3608 1907 3671 anspielen, so will ich konstatieren, daß ich meinen Namen
799 3642 1903 3711 geändert habe. Wir Deutsche an der Donau wollen in
800 3686 1906 3752 unserem sittlichen Reinlichkeitsgesühl nicht hinter dem übrigen
797 3736 1336 3808 deutschen Vorke zurückbleiben.
908 3749 1904 3827 Abgeordneter Seiy: Wenn die Mehrheit des Hauses
801 3808 1906 3872 den Mut gehaht und in sich die Kraft gesühlt hätte, selbst
874 3846 1912 3915 regieren, so hätte sie gewiß das notwendige Verständnis
806 3872 871 3906 4#
811 3889 1906 3944 den notwendigen #o##tischen Takt gehabt, der in der
812 3927 1914 3992 Entscheidung dieser Frage notwendig ist. Das kann man
811 3970 1907 4023 natürlich einem jungen, strebsamen Mange, der einige Jahre
806 4001 1905 4064 in Präsidialbureaus gedient hat und dann plötzlich auf einen
799 4044 1649 4115 solchen Posten berusen wurde, nicht zumuten.
910 4083 1913 4147 Wir kümmern uns nicht darum, welches Publikum das
2823 865 2990 936 Seite 3
2025 866 2429 935 12. Februar 1921
2218 961 2734 1042 Wiener Landtag.
2022 1008 3043 1088 Der Landtag von Wien beschloß gestern nach einem
1936 1081 3041 1142 Referat des Berichterstatters Breitner ein Gesetz,
1935 1131 3038 1196 betreffeno die Einhebung einer Abgabe von Kraftwagen
1941 1187 2112 1251 in Wien.
2020 1211 3051 1299 In der Debatte bekannte sich Dr. Bruno Pollak
1937 1273 3040 1342 wohl als Anhänger der Automobilsteuer, nur bedauerte
1929 1321 3045 1394 er, daß die Stadt Wien als erste Stadt zu dieser Maß¬
1934 1368 3033 1432 regel greife und dadurch den Ländern mit schlechtem
1931 1423 2320 1495 Beispiel vorangehe.
2028 1459 3042 1534 Die Länder gehen nun ihrerseits daran, solche
1937 1521 3047 1582 Landesgesetze zu beschließen, wodurch jeder Verkehr
1937 1568 3041 1627 unterbrochen wird. Denn der Automobilbesitzer wird
1936 1612 3049 1679 dann in jedem Lande einer anderen Abgabe unterliegen.
1934 1664 3047 1728 Das Land Niederösterreich hat bereits eine solche Steuer
1942 1713 3042 1777 beschlossen. Jeder Automobilist, der die Grenzen Wiens
1936 1762 3045 1823 überschreitet, wird sohin gleichsam eine neue Mautgebühr
1934 1808 3048 1880 bezahlen müssen. Gegen eine staatliche Automobilsteuer
1934 1853 3040 1926 mit entsprechender Beteiligung der Stadt Wien sei nichts
1932 1905 3044 1969 einzuwenden, er müsse sich aber gegen die hier geühte
1937 1954 3052 2016 Kankönliwirtschaft aussprechen, durch die nicht nur die
1933 2014 3040 2069 gesamte Automobilindustrie, sondern auch die Arbeiter¬
1935 2056 2553 2121 schaft schwer geschädigt werde.
2032 2092 3046 2167 Bei der Beratung über die Gesetzesvorlage, be¬
1937 2156 3050 2215 treffend die Einhebung einer Kanzleitaxe für Ausstellung
1938 2196 3047 2266 von Interimspässen, kam es zwischen Dr. Plaschkes
1939 2251 3053 2315 und dem Christlichsozialen Rummelhardt zu einem
1944 2298 3050 2363 Zusammenstoß, weil letztn die vorgeschlagene Taxe von
1947 2345 3058 2412 50 Kronen auf 500 Kronen erhöht wissen wollte und
1943 2392 3055 2467 dabei Ausfälle auf die Ostjuden unternahm, welche
1939 2447 2860 2523 Dr. Blaichses in schärsster Weise zurückwies.
