3484 4384
332 180 834 276 11. Reigen
1016 167 1449 259 box 18/3
1750 115 2597 170 ArFü Sülise e lterutrengr
1964 164 2491 227 23, Rue du Rhöne- GENEVE
1753 226 2706 296 Adr. telg: Coupures-Genere - Tél. Stand 40.0.
1774 325 2680 385 Bureau international de coupures de journaur
1868 376 2590 432 Traductions de et en toutes langues.
1757 500 2692 568 Correspondants dans-toutes les grandes villes.
1750 619 2177 686 Eatrait du Journdt:
2452 684 2602 769 HIEEND
1749 714 1946 787 Adresse:
2121 759 2321 857 „OLC
2279 729 2712 867 „ 6. A00. 1645
1740 811 1881 878 Date:
2001 829 2086 904 #ir
2750 873 2801 942 2
2622 904 2680 976 O.
2051 996 2818 1129 (Ezempi da Vienna Budapeste Prage
2122 1107 2803 1174 PRAGA, 26. — In Czecoslovacchia 6
2095 1154 2795 1207 stato proibitg il lürido Javoro di Ar¬
2102 1197 2812 1254 turo Sehnilzier & Der lteigen s, che
2097 1233 2807 1295 gia fu respiilto dat pubblico viennese
2098 1281 2803 1333 da quello di Budhgest, Aerddle scehe
2100 1316 2807 1367 di protesta divennr anb gävi che
2101 1358 2800 1410 la pollzia dovette fär cissutg je spetta.
2100 1395 2814 1451 colo per motivo di bor(line pubblico e
2108 1441 2502 1500 di sicurezza personale.
2141 1484 2812 1539 II teatro di cura di Teplitz ebbe la
2099 1523 2796 1579 infelice idca di dart und Feila di que¬
2110 1574 2806 1615 sto lavoro duranfe la presente sta¬
2097 1597 2797 1657 gione balneare. In seguito alle proteste
2101 1643 2800 1699 di una parte degli spettatori, si ebbe
2110 1685 2794 1735 undaccied diseussione in seno all'am¬
2103 1730 2809 1778 ministrazione comunale di Teplitz, colla
2103 1761 2801 1817 conseguenza che lo accesso al teatro
2100 1803 2803 1861 venne limitäto alle sole persöne che flr¬
2104 1850 2805 1900 mnassero und reversale, con promessa
2099 1892 2800 1938 i astenersi dal disturbare la rappre¬
2108 1928 2809 1994 sentazione. Frattanto perd Tautoritàl po.
2102 1973 2805 2019 lilica di prima istanza vietó la rup.
2438 2004 2803 2061 Come era avvéhuto
2109 2005 2435 2059 presentazione, —
2101 2041 2812 2103 a Vienna e n Budapest — per ragion!
2107 2090 2433 2148 d’ordine pubblico.
2149 2134 2808 2187 La direzione del teatro presenló ri¬
2093 2172 2809 2226 corse Contr i divieto all'autorita poli¬
2102 2209 2812 2264 ticn provinciale di Praga. Questa perd
2100 2251 2811 2298 ha ora respinto il ricorso, dichiarando
2110 2292 2807 2345 che la rappresentazione del zReigen¬
2104 2333 2804 2387 quind'innanzi restava vietata perstutto
2106 2377 2809 2442 il territorio della Repubblica czecoslo.
2111 2417 2209 2465 vacen.
2136 2427 2804 2511 E' iI caso di trarre un profondo re¬
2100 2492 2811 2546 spiroe di ringraziare il Signore che
2093 2531 2812 2586 ha illuminato 1 nostri uoliint Gie go.
2104 2579 2807 2626 verno a dare questa potente mazzata
2110 2617 2807 2682 nd una delle feste dell’idha policefala
2106 2655 2419 2725 della pornografla.
2133 2732 2802 2794 Ci congratuliamo col popolo czeco¬
2109 2778 2807 2828 sloracco per questo successo, tanto piüt
2099 2818 2804 2869 notevole in quanto che i dirigenti della
2109 2854 2801 2908 pubblica cosd in quet paese non sono
2113 2903 2813 2965 certo sospetti di eccestra sensibilita in
2102 2938 2381 3000 questa matenig.
2149 2967 2799 3027 E siamo d’altra parte spiacentissimi
2102 3025 2809 3072 che nella nostra Italia, cattolied; ricca
2106 3064 2806 3116 di buone leggi e di regolamenti, che
2111 3104 2812 3153 dorrebbero escludere d priori certo ge.
2105 3133 2812 3195 nere d’arte scenica, il turpe Reigen (gid
2105 3185 2811 3228 tradotto in Girotondo) faccia capolino
2112 3223 2805 3282 tutti gli anni sui manifesti dei nöstri
2101 3264 2805 3319 teatri, senza che né il pubblico, ne la
2105 3304 2798 3357 pölizia trorino motivo di reagire, esen¬
2107 3334 2808 3398 zache intervengano con efficacia gli
2103 3381 2811 3437 enti chigmati a vigilare sulla pubblica
2107 3422 2260 3475 moralitd.
2148 3452 2799 3526 Ma ### rilerare tutto eid per certi no.
2109 3509 2806 3564 stri colleghi é di pessimo gusto, #te¬
2102 3543 2808 3598 (oso.& sopratutto antipatriottico. Silen
2113 3581 2802 3632 #o dunque seiamo-#-t#ro#ta Täti¬
2101 3619 2817 3675 en. Poneree II ranto di sablimare i
2095 3664 2816 3736 Paese sino uile stelle.. del palcoscenico.
