3436 4320
333 244 409 323 11
1017 239 1436 342 box 18/2
497 248 836 347 Reigen
484 643 1026 733 bewegung. Gegenwurtig ge
645 762 2744 928 Zeugenaussagen im „Reigen“=Prozeß.
1693 925 2887 995 kaufen würde, so stände er stets mit einem Fuß im Gefängnis. Er
827 910 1336 1038 Eine Erklärung
1693 978 2883 1034 gehöre keinem Jünglingsverein oder deutschvölkischem Verein an,
1696 1023 2877 1067 aber trotzdem müsse er sagen, ein solches Stück erzeuge eine
1696 1049 2875 1106 moralische Vergiftung. Diese unglaubliche Anhäufung
511 997 1651 1118 des Präsidenten des Bühnenvereins.
1696 1094 2878 1142 von Bettstellen, dieses Bettstellen=Karussel auf der Bühne, sei von
532 1103 1672 1178 Nach eintägiger Ruhepause wurde heute vormittag vor der
1693 1132 2880 1186 zahlreichen älteren Leuten aus dem Volke als eine Schweinerei und
481 1156 1665 1208 Strafkammer des Landgerichts III die Verhandlung im „Reigen“¬
1702 1174 2241 1227 Gemeinheit bezeichnet worden.
485 1206 1659 1262 Prozeß fortgesetzt. Der Andrang ist auch heute wieder sehr stark,
1744 1206 2885 1276 Die Zeugin, Fabrikdirektorswitwe May bekundet, daß sie seit
487 1246 1656 1296 so daß nur ein Teil des Publikums zu dem sehr kleinen Zuhörer¬
1703 1245 2890 1295 dreißig Jahren in der sozialen Frauenbewegung stehe. Sie sei
484 1289 1018 1344 raum zugelassen werden kann.
1693 1293 2888 1337 Schriftführerin im Jüdischen Frauenverein und gehöre ferner dem
1694 1325 2886 1374 Verein zur Wahrung von Anstand und guter Sitte und dem Verein
532 1313 1667 1386 Bevor in die Vernehmung der Zeugen eingetreten wird, gibt
1702 1371 2879 1410 für Volkswohlfahrt an. Sie habe das Stück schon vor zehn
479 1361 1663 1416 Rechtsanwalt Wolfgang Heine folgende Erklärung ab: In der
480 1409 1667 1453 „Täglichen Rundschau“ befindet sich in dem Bericht über die neu¬
1695 1429 2887 1492 Stück aufgeführt werden sollte. Sie schätze Frau Eysoldt fünstlerisch
481 1442 1658 1494 liche Vernehmung des Barons v. Putlitz die Angabe, daß der Zeuge
1705 1483 2873 1527 sehr und könnte es verstehen, wenn das Stück als ein Experiment für
476 1483 1660 1527 erklärt hätte, Frau Eysoldt habe keine künstlerischen Tendenzen
1692 1518 2876 1568 geistig gebildete Leute gegeben würde, das heißt für einen Kreis vo.
473 1519 1663 1568 verfolgt, sondern nur geschäftliche Interessen. Das steht in der
1693 1557 2883 1598 Menschen, die diesem Experiment das erforderliche Verständnis ent¬
477 1552 1667 1609 Zeitung, die in den Kreisen gelesen wird, von denen das Kesseltreiben
1705 1593 2876 1647 gegenbringen können. Daß aber ein derartiges Stück für das
487 1594 1658 1643 gegen den „Reigen“ ausgegangen ist. Ich muß hier konstatieren,
1692 1618 2117 1685 Theaterpublikum, das
2109 1630 2881 1687 heutzutage das zahlungsfähigste ist
480 1631 1665 1694 daß das eine glatte Fälschung ist, denn gerade das Gegenteil
1690 1669 1866 1713 und in
1877 1669 2883 1731 der Lage ist, häufiger ein Theater zu besuchen,
477 1673 1407 1722 hat der Zeuge und Sachverständige v. Putlitz gesagt.
1693 1692 2489 1769 gespielt werde, halte sie für äußerst verderblich.
526 1689 1664 1757 Landgerichtsdirektor Brennhausen: Wir wollen hier nicht
482 1740 1666 1790 auf das eingehen, was in den Zeitungen über diesen Prozeß steht.
477 1784 1664 1839 Ich persönlich habe mich jeder Lektüre der Zeitungen enthalten, um
471 1817 1228 1872 mich in keiner Weise beeinflussen zu lassen.
1758 1796 2834 1882 Sprunghaftes Steigen der Indexziffer.
521 1849 1659 1909 Rechtsanw. Wolfgang Heine: Ich bitte aber Exzellenz v. Putlitz
1993 1869 2568 1952 Emporschnellen aller Preise.
476 1896 1362 1940 nochmals über diesen Punkt zu vernehmen, um
1348 1898 1652 1950 zu zeigen, daß
472 1931 1664 1976 hier mit bewußter Entstellung, Verdrehung und Lüge gearbeitet
2166 1924 2829 1999 Berlin, 12. November. (W. T. B.)
470 1962 578 2029 wird.
1736 1980 2868 2042 Die Großhandelsindexziffer des Statistischen Reichs¬
539 1994 1656 2056 Zeuge v. Putlitz, Präsident des Deutschen Bühnenvereins,
1680 2032 2872 2091 amts ist unter dem Einfluß der katastrophalen Mark¬
469 2046 1661 2093 bestätigt nochmals, daß er unter allen Umständen anehmen müsse,
478 2086 1660 2127 daß Frau Eysoldt in erster Linie künstlerische Interessen
1684 2079 2871 2138 entwertung von 2067 im Durchschnitt des Monats Sep¬
477 2121 1661 2165 und erst in zweiter Linie geschäftliche Interessen verfolgt habe.
1692 2128 2882 2188 tember auf 2460 im Durchschnitt des Monats Oktober
470 2160 1654 2213 Er halte Frau Eysoldt überhaupt nicht für fähig, unkünstlerische
1692 2175 2876 2231 emporgeschnellt. Die Preissteigerung ist allgemein;
479 2196 905 2243 Interessen zu verfolgen.
1686 2222 2881 2280 und zwar stiegen Getreide und Kartoffeln von 2016 auf 2380, Fleisch,
530 2218 1652 2283 Als Zeuge bekundet Kuratus Heinrich Wienken: Er habe sich
475 2266 1651 2312 den „Reigen“ angesehen. Er habe schon viel gesehen, aber seine Er¬
1684 2265 2876 2320 Fische, Fette von 1943 auf 2325; Kolonialwaren von 2817 auf 3099;
469 2307 1661 2351 wartungen bezüglich der Unzüchtigkeit des Stückes seien
1692 2309 2874 2368 landwirtschaftliche Erzeugnisse und Lebensmittel zusammen von 2020
472 2346 1659 2390 noch weit übertroffen. Er habe so großes Aergernis an den
1689 2356 2871 2409 auf 2417; ferner Häute und Leder von 3727 auf 4539; Textilien von
477 2382 1651 2431 Schweinereien genommen, daß er mit dahin gewirkt habe, daß
1687 2405 2881 2462 3070 auf 4176; Metalle von 2036 auf 2965; Kahle und Eisen von 1830
463 2418 1653 2461 die aus den zugunsten der Kinderhilfe an den Theatern acht Tage
1694 2449 2868 2509 auf 1885; Industriestoffe zusammen von 2155 auf 2539; die vor¬
482 2459 1646 2505 lang gemachten Aufschläge zu den Preisen von den „Reigen“=Auf¬
477 2495 1656 2552 führungen nicht angenommen werden sollen. Er halte das Werk
1689 2494 2865 2548 wiegend im Inlande erzeugten Waren Getreide, Kar¬
476 2534 1658 2578 für direkt unzüchtig in allen seinen Szenen. Den Be¬
1690 2544 2874 2599 toffeln, Fleisch, Fisch, Fette, Kohle, Eisen von 1952 auf 2235; die
473 2571 1660 2615 gründungen seiner Ansicht wird von der Verteidigung und dem
1683 2593 2870 2651 vorwiegend aus dem Auslande eingeführten Waren von 2643
471 2604 1660 2658 Angeklagten Sladek — letzterer unter Betonung seines streng
1684 2630 2876 2695 auf 3585. Der Dollar stieg im Durchschnitt des Monats Oktober
471 2635 1645 2687 katholischen Glaubens — energisch widersprochen. Längere Ausein¬
477 2685 1664 2729 andersetzungen veranlaßt die Bemerkung des Sachverständigen
1690 2687 2882 2739 gegenüber September in Berlin um 42,9 v. H. Ihm folgten un¬
475 2717 1659 2764 Brunner, der behauptet, daß von dem Kleinen Schauspielhaus
1691 2732 2865 2782 mittelbar die Einfuhrwaren mit einer Preissteigerung um
462 2759 1654 2801 die Abgabe des Zuschlages zugunsten der Kinderhilfe zu besonderer
1689 2766 2878 2833 35,6 v. H., während sich das Preisniveau der Inlandswaren gleich¬
470 2795 1652 2847 Reklame benutzt worden sei. Auch diese Behauptung wird vom
1686 2819 2129 2893 zeitig um 14,5 v. H. hob.
476 2834 1655 2879 Angeklagten Sladek direkt als unwahr bezeichnet; Professor
466 2869 1661 2911 Brunner verteidigt sich gegen diesen Vorwurf und Rechtsanwalt
471 2897 1650 2947 Heine betont, daß die Feststellung dieser vollständig unrichtigen
1689 2895 2874 2987 Die Abrüstungskundgebung im Zirkus Busch.
477 2946 1656 2998 Behauptung wichtig sei für die Beurteilung der Glaubwürdigkeit
1742 2963 2859 3028 Die morgen, pünktlich 10½ Uhr vormittags, im Zirkus Busch
464 2982 892 3039 dieses Sachverständigen.
1694 3010 2500 3059 stattfindende Abrüstungskundgebung bringt
2492 3013 2858 3070 zum Hauptthema
525 2996 1648 3067 Angeklagter Sladek betont nochmals dem Kuratus Wienken
1685 3053 2867 3101 „Amsterdam — Washington, Deutschland und die
475 3038 1656 3098 gegenüber, daß alle Theater auf Grund der Anregung des
1689 3078 2868 3138 Abrüstungskonferenz“ Referate von Wilhelm Reimann
478 3085 1644 3147 Präsidenten Ebert sich dazu verstanden haben, eine Woche lang
1686 3128 2857 3172 (Gewerkschaftskommission), Dr. Hans Simons jun., Hauptmann
472 3131 1661 3173 Zuschläge zu den Theaterpreisen zugunsten der Kinderhilfe an den
1690 3155 2859 3210 a. D. Willy Meyer, Frau Antonie Pfuelf, M. d. R., Professor
473 3161 1652 3211 Reichsausschuß abzuführen. Dies wurde ebenso win von den übrigen
1695 3204 2871 3248 Paul Oestreich und Helmut v. Gerlach. Wilhelm Dieterle
479 3202 1653 3252 Direktionen auch von dem Kleinen Schauspielhause ausgeführt. Das
1693 3239 2867 3286 rezitiert „Die heilige Allianz der Völker“ von Beranger
480 3243 1649 3290 von den Reigenvorstellungen abgelieferte Geld sei bis heute
1693 3278 2864 3330 und Eulenbergs „Zelt der Zukunft“. Armin T. Wegner hält den
473 3272 1660 3341 nicht zurückgegeben worden; es müsse also doch seinem
1682 3315 2858 3361 Toten des Krieges eine Gedenkrede. Der Zutritt ist frei. Einlaß¬
476 3321 1010 3381 Zwecke zugeführt worden sein.
520 3354 1650 3404 Kuratus Wienken erwidert, daß der Reichsausschuß seinerzeit
1684 3340 2705 3398 karten sind von 9½ Uhr an im Zirkusgebäude zu haben.
476 3377 1650 3434 beschlossen habe, die aus den „Reigen"=Vorstellungen fließenden
1742 3384 2854 3444 Der Aktionsausschuß „Nie wieder Krieg“ setzt sich jetzt wie folgt
1678 3422 2868 3491 zusammen: Karl Vetter (Berlin), Professor René Lauret
481 3429 1647 3479 Gelder nicht in den Fonds für die Kinderhilfe fließen zu lassen; diese
1691 3465 2318 3523 (Paris), John Fletcher (London).
477 3459 1651 3524 sind dem Polizeipräsidium zu Zwecken der inneren Mission über¬
481 3503 743 3557 wiesen worden.
525 3521 1650 3588 Der Zeuge Buchhändler Lüttke erklärt als „Mann aus
1725 3536 2860 3601 Morgen voraussichtliches Wetter für Berlin und Umgegend.
469 3577 1653 3629 dem Volke“ daß er, nachdem er das Stück gesehen hatte, gesagt
1679 3588 2860 3633 Zunächst größtenteils trübes etwas nebeliges Frostweiter mit weiteren
481 3618 1652 3658 jabe, das Stück gehöre nicht auf die Bühne und nicht in die
1690 3622 2857 3682 Schneefällen und mäßigen südöstlichen Winden. Nachher zeitweise auf¬
463 3654 1639 3722 Oeffentlichkeit. Wenn er als Buchhändler etwas Derartiges ver¬
1681 3658 1817 3712 klarend.
