3532 4256
343 152 430 234 11
1038 151 1449 233 box 18/3
1851 315 2051 380 Zeitung:
1870 378 1969 449 Ort:
1861 448 2038 527 Datum:
2070 692 2523 782 Residenztheater
1884 764 2706 853 „Reigen“ von Arthur Schnitzler.
1842 829 2817 880 Der „Reigen“, eine Reihe von Dialogen, ist als
1775 870 2820 928 Bühnenwerk mehr als umstritten. Die gegensätzlichen
1782 917 2821 964 Momente sind weniger literarischer als rassenpoliti¬
1785 956 2807 1009 scher Art. Jeder Freund echter, wahrer Kunst wird
1794 996 2820 1046 tets zur Bekämpfung des Schmutzes in Wort und Bild
1782 1036 2818 1083 bereit sein. Es darf aber nicht dahin führen, daß Prü¬
1777 1076 2818 1130 derie und falsch verstandene Moral die Triebfeder sind,
1791 1123 2819 1170 im mit Hilfe dieses Deckmantels rassenpolitische Gegen¬
1780 1159 2814 1206 sätze austoben zu lassen. Der Naturalismus jener
1783 1201 2812 1247 Zeit meidet den Schein, er verbannt die Gloriole, er
1773 1242 2820 1296 sieht die Dinge, wie sie sind, und zeigt die Menschen, wie
1792 1274 2822 1327 sie tatsächlich leben, fühlen und denken. In diesen
1788 1327 2827 1371 nichts verrushenden und verheimlichenden Naturalis¬
1787 1355 2818 1406 nus hat der erfolgreichste Wiener Dramatiker der
1787 1390 2827 1447 Gegenwart, der Arzt Arthur Schnitzler, „die weiche Be¬
1788 1433 2814 1494 haglichkeit des alten Wiens und die Frivolität der
1776 1487 2820 1528 modernen Großstadt, beide innig vereint", hinein¬
1782 1519 2818 1571 gewoben. Im „Reigen“, einer Reihe Dialoge von zehn
1795 1556 2818 1605 Bildern, hat Schnitzler, der als Arzt ein genauer und
1785 1598 2817 1649 scharf beobachtender Menschenkenner ist, das Sexual¬
1790 1637 2812 1686 prohlem in einer Wirklichkeitsform behandelt und ge¬
1792 1670 2807 1730 childert, die an sich höchst gewagt erscheint, aber doch
1782 1723 2810 1777 jns Bereich echter Kunst hinaufgehoben ist. Der „Rei¬
1774 1756 2816 1815 gen“ muß, wenn er als Kunstwerk nicht herabgewürdigt
1788 1793 2818 1849 werden soll, rein als Literatur gewerter
1790 1835 2817 1889 verden. Schnitzler hat in diesen psychologisch auf das
1790 1883 2817 1932 Feinste gezeichneten Bildern eine Steigerung vollzogen.
1788 1911 2818 1966 deren schmalste Grenzlinie, in der Wiedergabe auf
1789 1949 2804 2002 der Bühne überschritten, zum Gemeinen führen muß
1780 1998 2810 2043 Der „Reigen“ ist eigentlich nur für ernste und denkende
1783 2029 2807 2084 Menschen geschaffen. Wehe, wenn bei seiner Wieder¬
1788 2076 2755 2130 gabe die Sensation den Ausschlag gibt, dann ist eben
1776 2106 2808 2171 der Schritt zum Gemeinen vollzogen. Schnitzler hält
1780 2149 2810 2210 mit seinem „Reigen“, der sonst so moralisch tuenden
1780 2198 2821 2245 Wiener Welt um die Jahrhundertwende, die Empfind¬
1785 2233 2805 2290 samkeit und Leichtlebigkeit nur zu sehr miteinander
1790 2264 2821 2323 vermischen, einen scharfen Spiegel vor. Die gemüt¬
1789 2305 2810 2367 liche Leichtfertigkeit und die „Liebe“ haben im Leben
1776 2344 2810 2404 der Wiener und Wienerinnen, denen stets ein starker
1777 2395 2813 2437 Schuß gesteigerter Sinnenfreude innewohnt, immer eine
1786 2425 2806 2481 hervortretende Rolle gespielt. Und dieses Wiener
1782 2462 2805 2520 Liebesleben, gleichviel ob illegetim oder legitim, hat
1780 2499 2819 2559 Schnitzler mit einer geradezu hervorragenden Meister¬
1795 2555 2818 2605 chaft der Psychologie im „Reigen“ gezeichnet. Die ver¬
1796 2579 2821 2642 chiedenartigsten Liebesgeschichtchen, in derberen und
1788 2619 2820 2679 feineren Formen, aber alle in der gesteigertsten Sinn¬
1784 2660 2820 2726 lichkeit gipfslnd, bringt Schnitzler unter Wahrung der
1780 2704 2626 2768 Dezenz in seinem „Reigen“ zur Schilderung.
1837 2748 2806 2810 Die „Reigen“=Aufführung in Gera, die schon seit
1777 2791 2818 2849 einigen Tagen ein lebhaftes Für und Wider ausgelöst
1782 2832 2813 2888 hatte, wurde infolge einer Abwehraktion, die ihre Wel¬
1776 2867 2805 2929 len bis in die letzte Sitzung des Gemeinderats hinein¬
1784 2916 2805 2977 schlug, und dadurch den Charakter einer unfreiwillig
1774 2950 2815 3007 wirkenden Reklame erhielt, letzten Endes zur Sensa¬
1789 2990 2805 3047 tion gestempelt. Es war daher kein Wunder, daß das
1778 3029 2803 3090 Residenztheater am Freitag abend ein ausverkauftes
1774 3071 2803 3126 Haus sah. Die erwarteten und allem Anschein nach
1780 3107 2810 3173 vorbereiteten Störungen blieben im großen und ganzen
1774 3148 2815 3208 aus, da den „Saboteuren“ die rücksichtslose Anwendung
1779 3188 2813 3246 des Hausfriedensbruch=Paragraphen des Strafgesetz¬
1788 3220 2801 3286 buches angedroht worden war. Einige Anläufe von
1779 3273 2802 3323 Störungen wurden von der Mehrheit der Anwesenden
1787 3307 2815 3373 sofort unterdrückt, so daß die Aufführung ohne beson¬
1781 3347 2533 3411 dere Zwischenfälle vor sich gehen konnte.
1839 3387 2794 3453 Wie schon eingangs hervorgehoben, ist der „Reigen
1788 3430 2799 3494 lediglich literarisch zu werten. Die Bühnenwirkung
1780 3471 2801 3537 hängt, wenn sie nicht auf die Stufe des Gemeinen her¬
1792 3521 2806 3575 absinken soll, einzig und allein von der Kunst der Dar¬
1779 3552 2801 3616 stellung ab. Die sprachlich feingeschliffenen Dialoge
1783 3591 2811 3651 Schnitzlers erfordern darum den höchsten Grad schau¬
1778 3630 2807 3704 spielerischer Kunst. Insgesamt betrachtet, blieb die Erst¬
1782 3671 2804 3733 aufführung des „Reigen“ in Gera diese Forderung viel¬
1780 3706 2812 3773 fach schuldig. Einzelleistungen waren wohl als buhnen¬
1780 3750 2801 3815 künstlerisch wertvoll anzusehen, aber der Gesamteindruck
1782 3790 2809 3855 ist doch dazu angetan, um festzustellen, daß der „Rei¬
1776 3829 2804 3905 gen“ für die Wiedergabe auf der Bühne uns allgemein
1780 3870 2798 3940 nicht als geeignet erscheint. Seine Aufführung ist
1782 3919 2800 3973 höchstens zu rechtfertigen, wenn sie vor einem ausge¬
1777 3950 2805 4009 sprochen literarisch interessierten und gebildeten Publi¬
1787 3997 2803 4059 kum erfolgt. Ob diese Bürgschaft bei der gestrigen Erst¬
1781 4025 2805 4097 aufführung gegeben war, wollen wir nicht ohne weiteres
1787 4070 2797 4133 unterschreiben. Gegenüber dem Urtext waren einig
1780 4109 2807 4172 unwesentliche Streichungen vorgenommen, die teil¬
2377 4154 2498 4189 Kec
