3444 4320
988 129 1387 215 box 18/1
502 143 578 205 e
289 138 482 222 11.
481 156 787 243 igen
390 623 1196 789 Klose & Seidel
411 773 1194 889 Bureau für Zeitungsausschnitte
413 836 1202 936 Berlin NO. 43, Georgenkirchplatz 21
432 975 1221 1112 Jautscher Reichsanzeig.
407 1093 615 1172 Zeitung:
823 1139 1226 1291 Berlin“
409 1203 514 1283 Ort:
400 1290 702 1403 Datum: —
700 1293 1041 1421 S-PERI
745 1485 1173 1564 Theater und Musik.
645 1550 1242 1617 Kleines Schauspielhaus.
440 1597 1532 1660 Die Direktion des Kleinen Schauspielhauses führte gestern, trotz
364 1626 1538 1700 einer kurz vorher eingetroffenen einstweiligen gerichtlichen Verfügung,
376 1687 1532 1737 welche die Vorstellung verbot, ArtunSchnitzlers-Dialogfolg
372 1727 1544 1768 „Reigen auf. Für den Beurteiler steht der gerichtliche Streit
372 1764 1534 1811 nicht zur Erörterung, nicht einmal die längst entschiedene Frage nach
364 1799 1539 1851 dem literarischen Wert des als Buch schon seit mehr als einem Jahr¬
377 1842 1539 1884 zehnt bekannten und als getreues Spiegelbild gewisser Zeiterscheinungen
364 1877 1548 1934 anerkannten Schnitzlerschen Werks, sondern nur die, ob es, obwohl
365 1917 1547 1964 nicht für das Theater bestimmt, auf der Bühne bestehen kann, ob nicht
377 1949 1545 2007 vielmehr, das helle Rampenlicht vergröbernd darauf wirkt. Diesen
371 1996 1541 2044 letzteren Eindruck hinterließ die von Hubert Reusch mit geschickter Hand
365 2039 1540 2083 geleitete Aufführung keineswegs. Sie war offensichtlich bestrebt, nur
366 2074 1541 2120 das Menschliche, das Psychologische dieser in Maupassantscher Art ge¬
379 2115 1538 2155 ehenen erotischen Szenen stark hervorzukehren, alles andere aber
370 2151 1542 2200 zurücktreten zu lassen. Insofern stand diese Aufführung in bewußtem
371 2194 1539 2234 und erfreulichem Gegensatz zu manchen in Berlin vielgespielten fran¬
374 2228 1545 2278 zösischen Schwänken, bei denen das Umgekehrte der Fall, d. h. die
376 2268 1545 2320 Laszivität die Hauptsache war. Leise Tanzmusik verband die einzelnen
364 2307 1536 2355 Szenen, in denen der Schnitzlersche Liebesreigen, der sich, unten beginnend,
371 2347 1542 2392 durch alle Gesellschaftsschichten schlingt, in zehn Verwandlungen ohne
372 2385 1544 2427 Unterbrechung vorüberzog. Gemeinsames und Unterschiedliches im
375 2424 1544 2465 Liebesgebaren der verschiedenen Stände machte sich dabei in guter
372 2462 1541 2507 Beobachtung und satirischer Beleuchtung bemerkbar. Die Darsteller
374 2502 1536 2550 hatten hauptsächlich die Aufgabe, den Dialog richtig abzuwägen, vor
371 2538 1536 2585 allem nirgends stark aufzutragen und doch Charakteristisches hervor¬
362 2583 1532 2625 zuheben. Diese Anforderung wurde, dank der guten Abstimmung des
373 2620 1542 2669 Ganzen, durch den Spielleiter, durchweg mit gutem Geschmack erfüllt.
375 2658 1535 2705 Mit besonderer Anerkennung sind die Damen Bäck, Müller, Dergan,
372 2700 1532 2743 die Herren Götz, Schwanneke und Forster=Larrinaga zu nennen. Der
356 2733 1541 2784 Beifall, der ihnen und dem Werk gespendet wurde, blieb unbestritten.
479 2980 1483 3068 Schnitzlers „Reigen“ in Berlin verboten.
654 3045 1303 3125 Aufführung trotz des Verbotes.
528 3109 1475 3180 Berlin, 24. Dezember. (Privattelegramm.) Wie No
492 3161 1475 3212 „Morgenpost“ meldet, hat die Direktion des Kleinen
486 3201 1471 3247 Schauspielhauses gestern erst um 5 Uhr nachmittags von
492 3244 1474 3289 der einstweilige Verfügung des Landgerichtes III Kenntnis
492 3283 1473 3328 erhalten, wonach die Aufführung von Schnitzlers
495 3318 1461 3361 Reigen“ verboten wurde. Vor Beginn der Auf¬
485 3357 1469 3406 führung trat die Direktorin des Theaters Frau Gertrude
480 3391 1473 3440 Eysoldt an die Rampe und teilte dem Publikum mit
478 3430 1469 3485 erregter Stimme mit, welche eigentümliche Haltung das
485 3475 1461 3516 Direktorium der Hochschule für Musik eingenommen habe
491 3514 1460 3558 ndem es die Aufführung des „Reigen“ in einem Hause
477 3552 1469 3604 verbiete, in welchem Monate hindurch „Die Büchse der
478 3588 1461 3627 Pandora“ gesp elt worden sei. Im Falle der Ueber¬
481 3627 1461 3674 tretung des Verbotes drohe die einstweilige Verfügung,
487 3668 1463 3715 nicht, wie sonst üblich, mit riner Geldstrafe, sondern mit
478 3705 1473 3748 einer Haft von sechs Wochen. Doch sehe die Direktion
477 3747 1478 3805 einer Entscheidung mit Ruhe entgegen, Die Aufführung
485 3780 1314 3839 selbst Verkief ohne Widerspruch und Zwischenfall.
1542 3011 1623 3113 85
1984 161 2794 237 Kiöse & Seider
2002 249 2786 325 Bureau für Zeitungsausschnitte
2008 327 2782 390 Berlin NO. 43, Georgenkirchplatz 21
2193 474 2685 574 aneste Nachrichten
1984 533 2177 617 Zeitunge
1982 646 2590 743 om Dressen.
1977 746 2627 855 Datum: —26—1119
1971 868 2412 939 ereie ere
1988 918 2961 975 = Schnitzlers „Reigen“ verboten und troßdem ge¬
1926 960 2943 1011 spielt. Aus Berlinwird uns gedrahtet: Die Direk
1925 998 2958 1054 tion des Kleinen Schauspielhauses hat'e erst
1930 1043 2950 1090 gestern im 5 Uhr nachmittags von der einstweiligen
1927 1088 2963 1134 Verfützung des Landgerichts III Kenntnis erhalten,
2174 1121 2963 1172 die Aufführung von Schnitzlers
1924 1125 2140 1178 durch  die
1923 1163 2950 1212 „Reigen“ verboten wurde. Vor Beginn der Auf¬
1930 1202 2956 1253 führung trat Gertrud Eysoldt vor und legte mit
1936 1237 2957 1285 erregter Stimme dem Publikum das eigentümliche Ver¬
1939 1277 2953 1334 halten dar, das die Hochschule für Musik als Haus¬
1927 1319 2952 1367 herrin eingeschlagen habe. Sie wies darauf hin, daß
1925 1360 2951 1410 in einem Hause, in welchem Monate hindurch die
1923 1404 2962 1448 „Büchse der Pandora“ gespielt wurde, jetzt plötzlich gegen
1926 1437 2949 1484 das Werl eines Dichters vom Range Arthur Schnitz¬
1926 1480 2955 1528 lers vorgegangen werde. Man habe ihr nicht Geldstrafe,
1935 1518 2949 1567 sondern Haftstrafe von sechs Wochen Dauer angedroht
1929 1557 2957 1604 Sie wage es trotzdem und sehe der Entscheidung
1928 1598 2954 1649 mit Ruhe eutgegen. Die Aufführung selbst verlief ohne
1938 1635 2952 1687 Störung und Widerspruch. — Wie wir weiter erfahren.
1924 1672 2963 1717 wird nunmehr die Hochschule für Musik, auf deren An¬
2896 1716 2971 1761 der
1932 1713 2879 1760 trag die einstweilige Versügung über das Verbot
2899 1754 2960 1803 ist,
1936 1749 2871 1801 Aufführung von Schnitzlers „Reigen“ ergangen
1930 1799 2963 1843 nach dem Eindruck der gestrigen Erstaufführung ihren
2876 1833 2964 1890 Die
1934 1833 2851 1879 Protest gegen die Aufführung zurückziehen.
1924 1877 2873 1919 angedrohte Haftstrafe soll nicht vollstreckt werden,
2035 1911 2226 1959 00 HPAMREN
2867 1960 2941 2045 in
1913 1961 2862 2057 Der Streit um SchnitzlersTeigen
2337 2025 2527 2117 Ferin.
2138 2085 2715 2178 (Teleglame des „Neuen Freien Presse“.)
2536 2076 3174 2200 Berlin, 24. Dezeuber. 1150“
1957 2189 3006 2268 Der gegen die Aufführung von Artur Schnitzlers
1874 2226 2997 2314 „Rzigen“ im Kleinen Schauspielhaus erhobene Einspruch wird
1872 2266 3001 2359 zufückgezogen werden. Der Einspruch ist, wie berichtet,
1876 2320 3009 2391 vonider Hochschule für Musik erhoben worden, in deren Theater¬
1882 2354 3007 2438 saali das Kleine Schauspielhaus seine Vorstellungen veranstaltet.
1876 2399 3007 2478 Der Rechtsbeistand der Hochschule für Musik eralärt, durch die
1886 2442 3005 2520 Art der Aufführung im Kleinen Schauspielhaus habe die
1877 2480 3009 2566 Leitung der Hochschule für Musik den Eindruck gewonnen, daß
1875 2528 3007 2610 tatsächlich die Vorstellung keinen unsittlichen Charakter trage,
1890 2575 3010 2649 und unter diesen Umständen sich zur Zurückziehung ihres Ein¬
1888 2603 3023 2691 spruches entschlossen. Die in dem Einspruch gegen die Direktion
1884 2650 3020 2741 für den Fall des Zuwiderhandelns angedrohte Haftstrafe wird
1879 2709 3027 2773 nicht vollstreckt werden, da ein Antrag von der Hochschule fün
1882 2734 3017 2816 Musik nicht gestellt werden wird. Interessant ist, daß in dieser
1881 2776 3026 2860 ganzen Assäre, die so großes Aufsehen erregt, ein Wiener
1881 2822 3019 2899 Musiker gegen einen Wiener Schriftsteller vorgegangen ist. Den
1884 2862 3026 2951 Protest der Hochschule ist nämlch unterzeichnet von ihrem der¬
1893 2910 3022 2999 zeiligen Direktor, dem Komponisten Franz Schrecker, den
1894 2950 3027 3031 aus Wien zur Leitung der Berliner Musikhochschule berufen
1887 2992 3016 3075 worden ist und der jetzt durch seine amtliche Stellung genötigt
1894 3030 3025 3113 war, als Gegner Artur Schnitzlers aufzutreten. Natürlich
1887 3076 3027 3155 ist der eigentliche Urheber der Aktion nicht der Direktor der
1898 3118 3018 3199 Musikhochschule, der nur seinen Namen dazu hergeben mußte.
1901 3164 3019 3240 Wie verlautet, ist das Vorgehen von einigen Geheimräten des
1892 3208 3018 3285 Kultusministeriums veranlaßt worden. Der Kultusminister selbst,
1891 3246 3014 3330 Herr Hänisch, ist von Berlin abwesend und hat anscheinend
1897 3291 3022 3372 nichts davon gewußt. Die Direktion des Kleinen Schauspielhauses
1897 3332 3019 3412 verweist in der Berliner Presse darauf, daß sie die Vertreter des
1899 3370 3026 3450 Kultusministeriums zu einer Generalprobe eingeladen habe,
1892 3414 3030 3491 Dah ohee biates Ginlahung nicht Folge geleistet worden sei. Die
2703 3769 2922 3844 " Talstag
1943 3819 3081 3913 Direktion des Kleinen Schauspielhauses erklärt, sie habe durch
1948 3874 3072 3950 den Einspruch der Behörde gegen die Aufführung Schaden er¬
1950 3913 3070 3996 litten und behalte sich vor, Schadenersatzansprüche geltend zu
1953 3962 3076 4038 machen. Auch der Verband der Perliner Theaterleiter be¬
1948 4004 2883 4082 absichtigt, sich mit der Angelegenheitszu beschäftigen.
3073 3582 3167 3659 00U
3083 3851 3140 3919 3
3069 3903 3135 3957 7
