3336 4320
250 106 764 221 11. Reigen
954 104 1352 197 box 18/1
1078 830 1485 937 Gutachten
1257 922 2620 1005 des Sachverständigen des „Deutschen Bühnen¬
1267 993 2548 1090 vereins“, Herrn Professor Alfred Klaar.=
1205 1037 2614 1152 Die Frage, ob die Bilderreihe „Reigen“, zehn Dialoge von Arthur
1074 1123 2611 1189 Schnitzler, die gestern, den 23. Dezember 1920, im „Kleinen Schauspiel¬
1068 1158 2611 1253 haus“ vorgeführt wurde, als sittlich anstößig von der Bühne ferngehalten
1070 1225 2603 1299 werden soll, kann ich nur mit „Nein“ beantworten. Jemand, der die
1079 1268 2612 1353 Dichtung Schnitzlers nur aus dem Buche kennen lernt und dessen Ein¬
1078 1316 2604 1390 bildungskraft zur Ausmalung sinnlicher Vorstellungen neigt, kann viel¬
1069 1367 2606 1454 leicht zu der Annahme gelangen, daß die szenische Darstellung der Vor¬
1071 1426 2602 1493 gänge, an die die Dialoge geknüpft sind, sittlich anstößig wirken dürfte.
1075 1471 2602 1545 Der gestrige Eindruck aber hat eine derartige Annahme widerlegt. Die
1070 1512 2601 1613 Aufführung, die sich an die äußere und innere Vorschrift des Dichters hielt,
1069 1569 2602 1656 das Geistige in den Vordergrund rückte und das Rohstoffliche nur als
1067 1621 2594 1697 Anlaß der Charakterstudien andeutete, war frei von allen erotischen Aus¬
1077 1670 2601 1751 schreitungen, die das Schamgefühl reifer Menschen verletzen könnten und
1066 1719 2600 1809 hielt sich, was die intime Annäherung zwischen Mann und Weib anlangt,
1073 1770 2599 1852 in den für viele dramatische Motive unerläßlichen, auf der Bühne längst
1063 1823 2491 1882 eingebürgerten Darstellungsformen, die keinerlei Anstoß erregen.
2485 1839 2603 1903 Was
1069 1870 2595 1947 abet die geistige Wirkung der Dialoge anlangt, so zeigte die Aufführung
1066 1920 2492 2003 auf das deutlichste, daß die Dichtung Schnitzlers von der Tendenz,
2517 1942 2594 1999 das
1064 1970 2462 2049 Laster verführerisch darzustellen, vollkommen freizusprechen ist.
2524 1988 2592 2057 Im
1066 2011 2517 2097 Gegenteil: Die geistreiche Satire zielt darauf ab, den flüchtigen Rausch
2511 2036 2600 2102 der
1059 2065 2508 2139 Genußgier sowie den Selbstbetrug und die Henchelei, die rein sinnliche
2506 2086 2599 2157 Be¬
1068 2129 2594 2197 gehrungen mit falscher Sentimentalität und erlogener Vornehmheit um¬
1060 2170 2511 2240 kleiden, dem Gelächter und der Geringschätzung preiszugeben. Zu
2508 2183 2598 2253 der
1055 2212 2479 2288 komischwirksamen Verspottung gesellschaftlicher Lüge geselli sich in
2508 2235 2607 2301 den
1064 2264 2498 2347 Szenen, die uns durch die verschiedensten Lebenskreise hindurchführen,
2529 2288 2590 2351 ein
1055 2324 2464 2387 wehmütiger Humor, der die Verkennung der Lebenswerte beleuchtet.
2511 2338 2595 2399 Die
1060 2368 2595 2429 Dialoge wirken also durchaus nicht sinnlich aufreizend, vielmehr aufklärend
1056 2413 2588 2499 über die Täuschungen, denen viele Menschen im Bereiche der Erotik aus¬
1063 2473 2598 2547 gesetzt sind und unter denen sie leiden, ohne sich von ihnen Rechenschaft
1052 2521 2601 2606 zu geben. Eine sittlich bedenkliche Wirkung erscheint mir darum nach beiden
1055 2573 1947 2654 gekennzeichneten Seiten hin ausgeschlossen.
1167 2628 1844 2719 Berlin, den 24. Dezember 1920.
1834 2686 2541 2782 gez. Prof. Dr. Alfred Klaar.
1750 2791 1843 2865 OG
1039 2818 1387 2924 Urteil
1251 2930 2591 3015 der 6. Zivilkammer des Landgerichts III zu
1271 2979 2488 3069 Berlin, Schnitzlers „Reigen“ betreffend.
1172 3061 2571 3145 In einem Rechtsstreit, ob die Aufführung von Schnitzlers „Reigen“
1036 3116 2579 3184 in sittlicher Beziehung Anstoß erregt, hat die 6. Zivilkammer des Land¬
1038 3159 2583 3256 gerichts III in Berlin folgendes inzwischen rechtskräftig gewordene Urteil
1049 3206 1360 3292 ergehen lassen:
1043 3296 2567 3379 Sessssssss#sssssssssesssssssssscse
1029 3351 2575 3482 SUCHE IN BUCHE RUHE UND KRAFT
