3392 4416
983 200 1410 317 box 17/6
273 213 804 338 11. Reigen
2713 895 2987 982 Nr. 13
565 899 2340 1018 Bruck a. d. M., Mittwoch, den 16. Februar 1921.
154 928 290 1029 ng.
1364 1158 1727 1257 NA
2554 1336 3014 1449 er
956 1335 1821 1463 KI
479 1346 875 1464 D
547 1476 2352 1640 Politische Zeitschrift für Stadt und Land
685 1631 2213 1729 mit Anterhaltungsbeilage jeden Samstag.
265 1749 962 1837 Sntrnen ene eneten, Anen
1896 1781 3099 1840 Erscheint jeden Mittwoch und Samstag abends,
1025 1781 1889 1859 Schristleitung, Verwaltung u. Versandstelle
131 1797 914 1887 is: Haibjährig ve Kioren Monanich 16 Kronen
1911 1829 3096 1911 Einschaltpreise des Anzeigenteiles: Die sechsmal gespaltene Millimeterzeile 1 Krone
395 1851 796 1908 Einzeine Nummer 2 Kronen.
150 1855 246 1907 ##n)
2111 1866 2895 1904 Unter „Eingesendet“ kostet die Millimeterzeile 4 Kronen.
1015 1835 1861 1938 Bruck a. M. , Gutenberghof“
2107 1876 2913 1967 Eingeleitete Bezugenerhalinite gesten bis zur Abbestellung.
146 1877 733 1947 Das Ausland entsprechender Portoaufschlag.
1798 1963 3095 2020 . Graz: Annonzen= und Zeitungsexpidition Kienreich, Sackstraße 6.—
147 1986 3100 2066 sowie Anzeige-Annahmesiellen für das Obersteirerblutt. Kindberg: Tabet=Haupiverlog. — Leoben: R. Rickl, Tabaktrasik
2811 2030 3092 2088 Spital a. S
1449 2031 2750 2099 Mürzzuschlag: Bei Herin Ludwig Weißmayr, Popierhandlung.
479 2055 1365 2115 Posthoser. — Martozell: M. Zumpfc.
163 2051 408 2113 Undlurg P#
420 2077 3110 2148 Ka Aeberriegier, Eimichlandierm. — Mitterdor; i. M.: Franneders Nachf. H. Lang. — Postsparkossenkonto Nr. 14.681. — Fernruf Nr. 7
163 2102 343 2170 pfen
2022 2192 3105 2276 künftig bei mutwilligen Ausständen, durch die wichtige
897 2200 1987 2300 lassen, ja nicht einmal im gedruckten Buch, denn dort
2017 2269 3103 2343 Interessen einer breiten Allgemeinheit schwer getroffen
905 2284 1984 2349 müssen sie aus — Gedankenstrichen erraten werden.
190 2289 817 2395 ktleichischer Reigen.
2021 2319 3108 2381 werden, den Ausständischen gegenüber die Tätigkeit
908 2323 1988 2383 Da Wien bekanmlich rot ist und der „gotlbegnadete
2025 2375 3104 2430 vollkommen einzustellen. Man kann gar nicht anders,
906 2381 1982 2436 Dichter“ Schnitzler ein Jude, darf das Stück Tag
144 2369 881 2452 te in Wien herrschte in den letzten
2030 2417 3102 2479 als denken, es muß schon sehr arg gekommen sein,
917 2416 1989 2493 für Tag gespielt werden, die Sozialdemokraten (oder
204 2430 879 2500 à große Aufregung. Nicht etwa
2017 2459 3114 2529 daß sich die Aerzteorganisation zu einem solchen Be¬
912 2464 1988 2537 vielmehe ehre beschnittenen und unbeschnittenen Führer)
165 2483 876 2549 Mflarden= (wer rechnet noch mit
2032 2521 3107 2576 schluß genötigt sah. Man denke sich aber in die Lage
905 2537 1984 2589 nehmen aus Rassengründen die Unsittlichkeit als Ver¬
184 2520 876 2600 iges, den der Finanzminister ebenso
2025 2565 3104 2627 der Aeizte. Nur zu oft gegen ein der Leistung und
912 2567 1984 2632 gnügen reicher Schieber und Prasser in b hördlichen
164 2589 871 2644 e Tisch legte, wie je ein Händler
2030 2601 3120 2672 dem Geldunwerte ganz unangemessenes Honorar soll
922 2622 1983 2687 Schutz, trotzdem die Theaterzensur noch immer besteht,
172 2631 876 2696 Merösterreich seine Taufender nach
2018 2659 3116 2725 er helfen, uneigennützig, menschenfreundlich. Man kann
922 2671 1991 2729 ja sogar auf Grund kaiserlicher Verordnungen vom
191 2681 883 2747 nein, solche Kleinigkeiten sind in
2032 2700 3119 2769 ihn nicht telephonisch aurufen, aus Sympathie mit
906 2719 1993 2785 Jahre 1850 gehandhabt wird. Zur Regelung der
157 2712 875 2792 Gtischen Republik kein Grund zur
2031 2754 3102 2818 Postlern, die wegen der Entpragmatisierung feiern,
916 2777 1988 2831 Zensur hatten nämlich die Berufspolitiker binnen zwei
156 2770 881 2839 #deit sich um viel, viel wichtigeres:
2023 2808 3121 2880 streikt der Fernspiecher. Er soll zu Kranken fahren
913 2819 1992 2881 Jahren Republik ebensowenig Zeit wie zur Regelung
162 2827 888 2897 ößstadi=Theaterdirekoren wissen sich
2022 2857 3108 2920 (z. B. der Landarzt), die Bahn streikt, der Kranke
909 2860 1985 2935 des Eherechtes, der Feuerbestattung, des Preßgesetzes
179 2877 887 2939 und ihrem Publikum anzupassen.
2030 2908 3113 2974 braucht ein warmes Zimmer oder der Arzt will seine
907 2915 1997 2987 usw. usw. Man hatie ja viel wichtigeres zu tun, als
148 2909 884 2974 el Schweinernes, und das stark ge¬
2017 2957 3118 3023 an den Atmungsorganen leidenden Patienten nicht im
921 2956 1982 3027 wirklich zeitgemäße Fragen zu lösen. So entbrannte
149 2972 875 3032 eute aber ihre Lüsternheit hinter der
2022 3008 3112 3072 Wartezimmer frieren lassen, er bekommt aus Streik¬
907 3013 1990 3081 nun, als das Bundesministerium des Innein als
151 3030 880 3088 gshungers verbergen wollen, hängt
2029 3060 3100 3119 gründen kein Helzmateniel. Er braucht beruflich elektri¬
910 3060 1986 3129 oberste Instanz doch dem Reigen=Skandal ein Ende
166 3080 892 3136 seiner „pikenten“ Kost ein literarisches
2027 3113 3113 3172 sches Licht — es streikt usw. Alles schon dagewesen.
910 3117 1986 3176 machen wollte und ein Verbot aussprach, ein Kom¬
159 3118 885 3180 WWi wollen nicht sagen, daß Wede¬
2028 3152 3115 3230 Dabei beschränken sich die Aeizie ausdrücklich auf
907 3151 1983 3227 petenzstreit zwischen dem Wiener Bürgermeister als
162 3176 876 3227 nid wie die Vertreter einer Literatur¬
2031 3200 3114 3271 „offensichtlich ohne wirklich unabweisbare Gründe her¬
919 3199 1988 3273 Landeshauptmann von Wien Land und dem Minister
209 3223 873 3278 des Abstieges alle heißen, Zoten
2028 3251 3108 3312 beigeführte, mutwillige Ausstände“, denken olso nur
917 3258 1989 3317 des Innern. Wir brauchen nun nicht mehr gespannt
157 3252 893 3333 Uen schrieben, nicht einmal, daß sie
2027 3303 3095 3355 an eine letzte Notwehr — allein der „Arbeiterwille“
923 3302 1995 3372 sein, ob und wie wir den Milliardenabgang überstehen
150 3317 879 3382 ollten. Aber daß man diese Ver¬
2029 3349 3108 3407 findet darin schon „erbeiterfeindliche Polmik“. Damit
913 3351 1992 3424 oder die ausländische Kredithilse erleben, sondern
154 3367 879 3437 n Schrifuums mit solcher Vorliche
2025 3397 3108 3469 bestärkt er bloß die Ueberzengung der Aerzte von den
916 3403 1984 3466 müssen es auf die Entscheidung des Verwaltungs¬
171 3420 875 3471 um der Zote willen, die darin zu
2021 3443 3115 3509 „angeblich polnisch reifen, in Wahrheit aber gänzlich
919 3454 1987 3522 gerichtshofes sein, ob der Minister oder der Landes¬
158 3463 891 3534 der eine achselzuckend: Dem Reinen
2021 3492 3108 3555 urteilslosen Massen“, die sich immer wieder von „ent¬
909 3500 1988 3566 hauptmann öffentliche Unanständigkeiten dulden oder
140 3510 884 3570 Edert der andere tessend: Dem Un¬
2028 3537 3115 3606 weder beschränkten oder aber gewissenlosen Führern
911 3546 1254 3635 verbieten dürsen.
157 3563 890 3625 rein! Und nun höre mon: In einem
2027 3590 2377 3672 aufreizen lassen“.
1008 3582 1996 3663 Der „Reigen“ geht bis dahin weiter. Nicht bloß
148 3612 877 3681 nfassenden Theaterchen haben es
2116 3613 3108 3698 Diese Erfahrung von Massen und Führern haben
907 3648 1998 3709 der in Wien, dei uns ohne die Skandale in den
164 3660 883 3733 und auch wirksam gebaute Stücke
2023 3674 3117 3751 wir ja bei anderer Gelegenheit gemacht, obendrein
909 3698 1996 3758 Volksvertretungen eigentlich heizlich gleichgiltig sein
169 3710 884 3775 ufführungen gebracht. Nun ist der
2024 3740 3107 3795 wieder einmal in Obersteier, wo wir in Judenburg
921 3747 1996 3815 könnte, aber der österreichische. In ihm ist die Rette
160 3752 893 3829 e „Reigen“ Schnitziers auf Wochen
2023 3768 3113 3843 die sattsam bekannte Auffassung von der Freiheit
919 3790 2002 3860 „Freiheit, die ich meine“ — Streik — Terror und
221 3809 888 3871 bei zwei bis drei Aufführungen
2027 3831 3114 3897 kennen gelerm haben. Was haben seinerzeit die Sozial¬
911 3845 1998 3910 damit ist der Reigen geschlossen. Wir hatten in der
167 3859 892 3925 n nicht eine Folge des literarischen
2027 3882 3114 3941 demoktaten sich um die Koaliionsfreiheit bemüht.
924 3897 1996 3956 vergangenen Woche bloß einen kleinen, wilden im
184 3909 888 3963 nur die Folge davon sein, daß in
2025 3930 3123 4001 Jetzt, da wir sie haben, soll sie nur für eine Partei
914 3940 1986 4004 Grazer Heizhause, aber dafür eine mannhafte Ent¬
176 3959 894 4022 erfinsterung der Bühne Vorgänge
2025 3987 3123 4052 gesten. Sonderbare Fretheitsschwärmer: Für die Partei
925 3987 1986 4062 schließung der steirischen Aerzieschaft zu verzeichnen,
174 4006 882 4073 die sich nicht öffentlich wiedergeben
