3532 4256
24 1167 123 1240 rich
40 1338 110 1395 erst
27 1389 114 1448 inlic
26 1442 86 1490 on
26 1488 72 1538 er
15 1528 112 1595 bera
9 1583 113 1646 Isch
38 1634 119 1693 dur
22 1677 120 1743 vorb
14 1731 116 1784 eibe
16 1775 103 1841 heit
18 1826 100 1885 rsch
422 170 937 285 11. Reigen
1027 1063 1118 1161 388
273 1473 1109 1553 Aufführung des „Reigen“ ist in Berlin
275 1543 1109 1609 scheidung gelangt, und zwar hat
257 1580 1082 1652 mmer des Berliner Landge
263 1627 632 1707 heidung gefällt:
267 1677 1111 1771 eht aus zehn Bildern. In jedem Bilde
268 1756 1104 1818 auf, die je zweimal und jedesmal mit
262 1801 1096 1875 son die geschlechtliche Vereinigung
317 1836 1096 1922 Bilde, wo diese Vereinigung un¬
267 1897 1101 1968 en hat. So tritt jede Person in zwei
266 1943 1089 2018 nauf; nur die Dirne, den Reigen
259 1987 1100 2062 n und letzten Bilde. Das Buch
266 2045 1092 2120 n Geist und von Feinheit
259 2091 1091 2164 edern alle Tiefen der geistigen Ver¬
260 2135 1097 2211 ngsiebens. Teils derb, selbst roh, platt
287 2198 1082 2247 empfindsam, teils launig, neckisch.
260 2244 1077 2296 sgelassen und verführerisch in de
249 2282 1095 2357 immer gleichbleibende Gegenstand
252 2342 1075 2409 denste Abwandlungen. Dieser Gegen¬
259 2382 1085 2451 kt jedes Zwiegesprächs stehende kör¬
273 2440 1087 2506 Weiterhin befindet sich im vierten,
253 2473 1087 2550 hnten Bild der weibliche Teil im
250 2534 1080 2594 echsten Bild ist ein mehr oder weniger
254 2587 1088 2658 beiblichen Teiles zu überwinden. Im
255 2626 1085 2702 dagegen drängt der weibliche Teil,
267 2682 1076 2755 mit ungemein heftiger Leidenschaft¬
243 2726 1077 2805 ird nach der ersten Vereinigung das
241 2783 1083 2844 lust des Mannes ausgiebig erörtert.
251 2822 1068 2893 verkehr des fünften Bildes geht der
254 2874 1077 2939 s anscheinend nur um wenige Stunden
242 2917 1071 2994 ten Bilde der Ehebruch an sich aus¬
242 2965 1079 3042 esen Erwägungen erweckte das
262 3023 1076 3087 daß seine Aufführung das
247 3048 1073 3148 ercheblich verletzen und da¬
247 3116 891 3189 nstoßerregen müsse.
1132 172 1544 272 box 18/2
1631 1065 2822 1185 Zwei von dem Gericht besichtigte Aufführungen
1511 1150 2932 1240 erzielten folgenden Eindruck: Alles, was frech, schlüpfrig
1522 1201 2926 1290 oder zotig wirken könnte, wird vermieden. Selbst die Außerungen
1512 1257 2937 1334 gewöhnlicher Geilheit im ersten Bilde wurden so abgetönt, daß
1522 1304 2932 1376 von einer Reizung der Sinnlichkeit des Zuschauers keine Rede
1512 1341 2925 1437 sein, kann. Gleiches gilt von der starken sinnlichen Erregung,
1521 1395 2918 1484 der Ausgelassenheit und der Verführungskunst der Schauspielerin
1509 1440 2910 1531 im neunten Bild. Die überaus schwierige Aufgabe, die Dar¬
1503 1493 2925 1582 stellung hier nicht ins Unschickliche oder ins tierisch Triebhafte
1505 1553 2924 1630 entgleiten zu lassen, wird durch gelungene Zurückhaltung und
1504 1592 2914 1672 Zügelung alles Gemeinen vorbildlich gelöst. Im vierten Bild geht
1505 1652 2916 1727 die Erörterung des Ausbleibens der Geschlechtslust mit aller
1505 1691 2906 1778 Sachlichkeit und Nüchternheit vor sich. Die Erörterung des Ehe¬
1505 1736 2908 1827 bruchs im fünften Bild erscheint notwendig, um das seelische
1511 1789 2918 1866 Erleben der jungen Frau hinsichtlich des Ehebruchs, ihrer
1501 1839 2911 1930 Abenteuerlust, ihre Begehrlichkeit, ihre innere Zwiespältigkeit
1490 1897 2386 1961 und Unruhe ins rechte Licht zu rücken.
1616 1951 2909 2034 Die körperliche Vereinigung sollte stets lediglich der natür¬
1494 2004 2912 2100 liche Austluß innigster seelischer Gemeinschaft sein. Ein Verfall
1491 2060 2894 2168 dieser Auffassung hat leider in weitesten Schichten Platz ge¬
1492 2121 2661 2206 griffen. Diesen Kreisen wird durch diese Aufführung
1489 2180 2906 2268 die ganze Jämmerlichkeit des in ihrer Mitte mehr und mehr
1785 2242 2635 2306 einreißenden sittlichen Tiefstandes
1488 2276 2898 2378 nachdrücklichst vorgeführt. Es wird gezeigt, wie durch einen
1492 2355 2899 2414 unedlen und unvollkommenen Genuß des Augenblicks gedanken¬
1491 2392 2902 2480 los und würdelos zu Boden getreten wird, was der Menschheit
1483 2448 2886 2521 das Heiligste sein sollte. Die Wiederholung der nämlichen Rede¬
1493 2500 2900 2573 wendung seitens der nämlichen Person bei zwei verschiedenen
1478 2543 2896 2628 Anlässen und die Wiederkehr solcher Wendungen bei verschie¬
1478 2588 2901 2677 denen Personen in ähnlicher Lage kennzeichnen treffend
1472 2641 2897 2728 jenen Mangel an Eigenart und Selbständigkeit,
1487 2694 2895 2767 auf dem der geringe Persönlichkeitswert des
1475 2739 2890 2819 Durchschnittsmenschen unserer Zeit beruht. Diese
1474 2788 2892 2874 Entwürdigung des Geschlechtsverkehrs zur Alltäglichkeit, zur
1471 2833 2889 2919 Laune, zum Leichtsinn, zum Abenteuer, dieses Fehlen jeder
1472 2894 2890 2974 großen, tiefen, sittlich begründeten, echten, edlen Leidenschaft
1928 2958 2437 3040 wirken erschütternd,
1472 3006 2449 3099 weil sie auf richtiger Beobachtung beruhen.
1588 3090 2880 3179 Inmitten der einzelnen Bilder, wenn zur Andeutung der sich
1471 3145 2891 3230 vollziehenden Vereinigung der Vorhang auf wenige Sekunden
