3336 4416
457 196 885 271 Seite 2 — Folge 42
338 298 1203 346 den Ordnungsruf erhielt. Die Sozialdemo¬
340 345 1194 404 kraten gaben ihrer Opposition gegen den
335 389 1201 439 Minister auch dadurch Ausdruck, daß sie sofort
337 434 402 485 die
467 438 1202 498 Vornahme von drei ersten
348 481 1190 536 Lesungen, darunter zur Wehrgesetz
334 524 1200 579 novelle, verlangten; dabei wird es vor¬
339 562 1203 612 aussichtlich zu neuen Sturmszenen kommen.
344 609 1198 658 Auch im Budgetausschusse gaben sie ihrer
335 649 1190 701 Stimmung durch den Antrag Ausdruck, den
339 702 1200 745 nicht sofort anwesenden Minister Glanz zum
335 741 805 803 Erscheinen aufzufordern.
391 804 1141 861 Die dringliche Anfrage der Sozial¬
650 838 900 904 demokraten.
415 891 1190 948 Nach Erledigung der Tagesordnung wies
330 940 1190 995 Abg. Leuthner in einer dringlichen An¬
336 994 1192 1043 rage darauf hin, daß das Verbot des „Reigen“
337 1033 1188 1077 verfassungswidrig sei, da zur Ausübung der
321 1071 1187 1122 Theaterzensur in Wien einzig und allein der
337 1116 1197 1170 Landeshauptmann von Wien befugt sei. Das
334 1157 1196 1210 Verbot beweist, daß der Regierung das Diktat
321 1205 1195 1258 der Klerikalen höher stehe, als die Be¬
330 1239 1190 1298 stimmungen der Verfassung. Es wird schließlich
323 1293 1195 1359 gefragt, ob der Bundesminister den Erlaß
332 1328 1006 1385 sofort zurückziehen wolle.
409 1361 1186 1429 Abg. Leuthner erklärte, er wolle sich
318 1409 1182 1466 durchaus nicht in eine Diskussion über ästhetisch
332 1463 1187 1510 oder ethische Fragen einlassen und gar nicht
330 1510 1184 1557 fragen, was der „Reigen“ künstlerisch und
330 1548 1195 1602 ethisch bedeute. Es handelt sich hier um die
327 1591 1186 1650 rein gesetzliche Seite der An¬
330 1646 1189 1697 gelegenheit. Nach dem Bundesverfassungs¬
321 1682 1190 1729 gesetz steht dem Landeshauptmann, in diesem
323 1716 1176 1770 Falle dem Bürgermeister von Wien, die Ent
337 1766 1185 1815 cheidung zu, gegen die, wenn sie einmal im
320 1801 1185 1858 bejahenden Falle erfolgt ist, eine Ent¬
335 1852 1189 1904 scheidung der Regierung nicht angerufen
329 1894 1194 1942 werden kann. Nur in dem Falle, wenn sie
325 1934 1198 1983 berneinend ausgefallen ist, ist eine
313 1976 1019 2044 Berusung an die Regierung möglich.
315 2032 1184 2100 Die Erwiderung des Ministers Dr. Glanz.
412 2090 1183 2142 Bundesminister Dr. Glanz: Schon vor
322 2132 1194 2201 der Zulassung des „Reigen“ die durch den
321 2183 1182 2235 Magistrat in seiner Eigenschaft als politische
332 2227 1193 2282 Landesstelle erfolgt ist, hatte der Polizei¬
324 2262 1191 2318 präsident von Wien auf die schweren
325 2311 1179 2364 Bedenken gegen die Aufführung dieset
319 2357 1179 2423 Bühnencherkes aufmerksam gemacht. Die Auf¬
322 2399 1185 2450 führung des Stückes gab alsbald zu leb¬
324 2443 1075 2498 haften Erörterungen in
321 2487 1179 2540 Oeffentlichkeit Anlaß. Hiebei sprach sich die
322 2539 1179 2591 über wiegende Mehrzahl der
321 2576 1190 2624 öffentlichen Stimmen gegen die
314 2612 1185 2674 Aufführung aus. (Abg. Seitz: Wo haben
325 2655 934 2714 Sie das gezählt? Großer Lärm.
410 2687 1181 2754 Der Gesamteindruck war, daß die Auf¬
320 2741 1186 2797 führung eine arge Verletzung der
323 2782 1184 2835 öffentlichen Sittlichkeit bedeute
322 2835 1177 2886 und daß sie mit dem sittlichen Empfinden
324 2876 1184 2928 weiter Kreise der Wiener Bevölkerung in
327 2922 1184 2974 scharfem Gegensatz stehe. (Lebhafter Beifall und
324 2968 1179 3013 Händeklatschen bei den Christlichsozialen, großer
324 3000 1178 3059 Lärm bei den Sozialdemokraten. Abg. Seitzt
324 3045 1184 3098 Woher wissen Sie das? Abg. Pick: Sie
323 3095 1185 3145 bringen hier nur ästhetische Meinungen vor,
323 3144 1179 3190 aber kein einziges Argument. Abg. Doktor
315 3174 1177 3228 Mastaja: Der Präsident als Krawall¬
331 3213 1184 3269 nacher. Abg. Dr. Bauer: Ein solcher
325 3256 1187 3327 Sch#ner wie der Mataja wagt das zu sagen.)
408 3303 1181 3360 Dr. Glanz (der Mühe hat, sich ver¬
314 3337 1178 3397 ständlich zu machen): Aus Rücksichten der
322 3388 1188 3454 öffemlichen Sittlichkeit habe sich das Bundes¬
323 3447 1176 3491 ministerium entschlossen, die weitere Aufführung
320 3479 1178 3525 des „Reigen“ zu verbieten. (Stürmischer
318 3523 1183 3579 Beifall bei den Christlichsozialen.) Die Vor¬
327 3568 1185 3621 gänge in dem Stücke sind durchaus ein¬
325 3616 1180 3662 deutiger Art. Die deutsche Kultur
322 3655 1183 3705 in Oesterreich wird gewiß keinen
321 3696 1183 3751 Schaden erleiden, wenn Schaustellungen
321 3741 1179 3791 solcher Vorgänge auf öffentlicher Bühne unter¬
320 3776 1186 3835 bleiben. (Stürmischer Beifall und Hände¬
328 3833 1183 3875 klotschen. Gegenruf bei den Sozialdemokraten.
320 3867 1188 3920 Dr. Bauer: Es handelt sich hier um eine
319 3981 1195 4035 bed'ln därf?“ fangt er zun lach'n an und sagt:
332 4018 1187 4081 „Jetzt gey' i scho drei Jahr in das Haus
323 4057 1183 4115 babeln (betteln). Und drei Jahr zerbrich i mit
326 4105 1195 4153 immer in Kopf, was denn dö Prunnene
1915 191 2292 275 Volks-Zeitung.
1228 295 2080 356 Verfassungsfrage. Das, was Sie
2127 304 2990 364 und in Berlin verboten, und wir als Deutsche
1233 352 2081 404 sagen, hat mit der Verfassung nichts zu tun.)
2113 352 2977 405 an der Donau (Lebhafte Zwischenrufe bei den
1240 392 2078 444 Ich glaube auch nicht, daß die breiten Masser
2130 384 2972 441 Sozialdemokraten. Abg. Weber macht einen
1238 434 2088 480 der Wiener Bevölkerung es als besonderen
2127 438 2981 492 Zwischenruf in tschechischer Sprache.) wollen
1236 479 2079 527 Verlust betrachten werden, wenn einer kleinen
2129 481 2973 535 n unserem sittlichen Reinlichkeitsgefühl nicht
1233 522 2087 579 Zahl frivoler Genießer diese dem
2129 523 2973 571 inter dem übrigen deutschen Volk zurückstehen.
1231 570 2079 622 sittlichen Empfinden und dem Ernst dieser Zei
2127 570 2970 627 Andauernde Zwischenrufe bei den Sozial¬
2115 611 2337 668 demokraten.
1233 609 2094 684 widersprechenden Vergnügungen entzogen
1225 655 1364 707 werden.
2216 646 2892 730 Ein schwerer politischer Fehler.
1456 683 1863 746 Die Tumultszenen.
2203 715 2968 767 Abg. Seitz: Die höchst bedauernswerten
1316 734 2077 806 Mehrere Sozialdemokraten dringen auf
2127 755 2972 809 Szenen, die sich hier ereignet haben, sind, wie
1222 791 2088 836 den Platz des Ministers ein und schleudern
2124 808 2975 855 ch glaube, auf einen schwer# politi¬
1231 834 2085 881 stürmische Zurufe gegen die Minister¬
2120 848 2975 909 schen Fehler der christlichsozialen Partei
1235 882 2087 936 ank. Der Präsident erteilt in dem herrschenden
2129 898 2973 959 und der Mehrheit in diesem Hause überhaupt
1224 923 2077 972 Lärm mehreren Abgeordneten Ordnungs¬
2122 942 2974 998 zurückzuführen. Oesterreich ist viel zu schwach,
1234 966 2072 1011 ufe. Der Tumult im Saale steiger
2119 986 2966 1031 um eine Regierung von Angestellten
1230 1005 2081 1058 sich, als der Minister mit den Worten schließt:
2124 1025 2963 1078 der gar Söldlingen zu ertragen. (Leb¬
1223 1056 2076 1111 Ich werde auf die gegen mich persönlich ge¬
2119 1068 2968 1117 hafte Zwischenrufe bei den Christlichsozialen.
2035 1097 2079 1145 ich
1228 1103 1994 1149 richteten Angriffe nicht näher eingehen,
2120 1113 2971 1175 Rufe: Unerhört! Sie sprechen von Söld¬
1234 1146 2077 1199 laube, das Urteil über mein Wirken aber
2108 1156 2959 1202 lingen?) Politischen Takt kann man natürlich
2052 1190 2083 1235 n
1252 1183 2053 1250 edem anständigen Mensche
2112 1198 2959 1259 einem jungen Mann, einem jungen streb¬
1217 1222 1608 1279 überlassen zu können.
2130 1243 2971 1289 amen Mann, der einige Jahre in
1308 1267 2083 1320 Die Christlichsozialen nehmen diese Worte
2125 1281 2966 1346 Präsidialbureaus gedient hat und dann plötzlich
1220 1311 2075 1357 mit stürmischem Beifall auf. während die
2110 1336 2967 1391 auf einen solchen Posten berufen wurde (Leb¬
2112 1372 2971 1434 hafte Zwischenrufe bei den Christlichsozialen.
1221 1397 2082 1448 worten. Die Abgeordneten Zelenka,
2115 1416 2962 1467 Rufe: Nicht beleidigen!), nicht zumuten. Wenn
1229 1444 2072 1494 Witternigg und Forstner schlagen
2111 1466 2966 1516 es richtig ist, daß sich Dr. Glanz erkühnt hat
1217 1484 2066 1541 mit den Fäusten auf den Regie
2113 1498 2966 1567 (Lebhafte Zustimmung bei den Sozialdemo¬
1228 1530 2074 1585 rungstisch und rufen in höchster Er¬
2108 1546 2959 1605 kraten), hier zu sagen, er werde sich die Gesetze
1228 1567 2073 1634 egung: „Wer ist ein unanständiger Mensch?
2112 1590 2958 1651 der Anständigkeit nicht vom Hause vor¬
1232 1613 1715 1672 Sie Lakaienseele!“
2127 1634 2961 1693 chreiben lassen (Lebhafter Widerspruch bei den
1307 1652 2074 1712 Die Worte des Präsidenten, der die
2107 1677 2965 1730 Christlichsozialen. Rufe: Das hat er nicht
1215 1688 2071 1756 Abgeordneten Witternigg und Zelenka
2116 1718 2966 1777 gesagt!), oder wenn er gesagt haben soll, er
1214 1750 2074 1801 zur Ordnung ruft, gehen im Tumult unter.
2115 1775 2969 1827 überlasse das Urteil, das von einer großen
1226 1788 1890 1839 Vor der Ministerbank kommt es zu
2114 1807 2959 1861 Partei des Hauses beanständet wurde, jedem
1226 1834 2071 1910 Reilereien zwischen Sozialdemo kraten und
2119 1857 2959 1907 inständigen Menschen, so ist das eine Rede¬
1457 1879 1830 1945 Christlichsozialen.
2107 1892 2965 1946 weise, die ungehörig ist. Die ästhetischen
1297 1912 2071 1985 Die Ordner geben sich angestrengteste
2106 1936 2961 2002 Auffassungen des Dr. Glanz interessieren uns
1226 1972 2072 2030 Mühe, die raufenden Gruppen zu trennen.
2119 1980 2871 2036 ar nicht. Wir kümmern uns auch
2881 1987 2960 2042 nicht
1215 2016 2079 2066 Ein Teil der christlichsozialen Abgeordneten
2114 2031 2961 2090 darum, welches Publikum das Stück an¬
1226 2060 2067 2111 drängt sich gegen die Sozialdemokraten, die
2107 2065 2953 2126 hört. Daß es keine Arbeiter sind, kann
1222 2102 2079 2163 vor der Ministerbank stehen, vor, unter den
2112 2106 2838 2171 ich bestimmt sagen. Sie haben
2842 2119 2960 2174 nicht
1234 2153 2070 2195 ortgesetzten Rufen: Juden, Saujuden,
2106 2153 2961 2211 die Mittel, so hohe Preise zu zahlen.
1223 2191 2068 2249 Judenbagage! Allen voran agitiert der
2111 2194 2949 2251 Es sind dort also doch eher die bürger
1229 2240 2077 2287 teirische Cyristlichsoziale Pischitz. Es kommt
2107 2240 2958 2291 lichen Kreise zu finden. (Rufe bei den Christ¬
1217 2277 2064 2338 zu wüsten Szenen, in deren Verlau
2104 2284 2964 2346 lichsozialen: „Juden! Nur Juden!“) Pardon,
1228 2324 2070 2375 chließlich der Abgeordnete Sever mit dem
2109 2326 2962 2384 ich bin ein alter Wiener und kenne die Wiener
1220 2365 2070 2424 Ellenbogen des Herrn Pischitz in sehr
2116 2368 2954 2435 Christlichsozialen genau. Ich möchte nich
1217 2406 2069 2463 unsanfte Berührung gerät. Man
2114 2416 2955 2467 ontrollieren, wie viele von ihren besten
1224 2448 2071 2503 hört nur einen wüsten Lärm und das Läuten
2103 2455 2955 2517 Freunden lüsternen Blickes und mit
1219 2495 2061 2543 der Glocke des Präsidenten Weiskirchner
2102 2507 2964 2564 gespanntem Ohr die Aufführung verfolgen.
1218 2536 2080 2585 der schließlich das Bedauern über diese
2113 2547 2957 2608 Wenn hier immer von der bedrohten Sittlich¬
1212 2582 2073 2650 Vorfälle ausspricht, die die Würde des Hauses
2112 2587 2953 2639 eit gesprochen wird, die Sittlichkeit dei
1217 2625 1377 2683 verletzen.
2097 2630 2964 2694 Wiener Arbeiter wird durch die Aufführung
1241 2671 2051 2728 Der Standpunkt der Christlichsozialen.
2105 2676 2955 2734 des „Reigen“ nicht verletzt, weil die Arbeiter
2109 2724 2961 2787 nicht hingehen. Und wer sonst immer für seine
1299 2727 2077 2786 Der christlichsoziale Abgeordnete Volker,
2104 2763 2965 2818 Sittlichkeit fürchtet, hat ja die Freiheit, an dem
1988 2773 2076 2826 führt
1217 2762 1505 2834 der hierauf
1946 2777 1985 2817 345
1518 2771 1932 2831 das Wort nimmt,
2105 2802 2957 2867 Theater vorüberzugehen. Um was es sich
1224 2822 2072 2878 aus, daß es sich nicht um einen Kompetenz¬
2106 2843 2952 2914 handelt, ist die politische Frage, die
1215 2861 1940 2918 konflikt, sondern darum handelt,
2018 2862 2077 2915 aß
2103 2892 2964 2961 Frage der Verfassungsmäßigkeit
1990 2902 2068 2955 Be¬
1213 2906 1949 2959 das Sittlichkeitsgefühl der
2110 2944 2956 3002 dieses Erlasses des Dr. Glanz. Wir wissen, daß
1992 2942 2063 3003 sagte
1224 2938 1971 3001 völkerung verletzt werde. Wir stehen,
2112 2977 2955 3045 Sie die Absicht haben, in den Ländern, in
1994 2989 2071 3046 muß
1214 2991 1982 3052 er, auf dem Standpunkt, in dieser Zeit
2114 3027 2951 3082 enen Sie die Majorität haben, den Landes¬
1216 3031 2068 3080 die Sittlichkeit gewahrt werden. Die Arbeiter¬
2107 3065 2951 3129 hauptmann zu einem selbstherrlichen
1234 3078 2059 3127 rauen werden gewiß nicht zum „Reigen“
2115 3112 2945 3171 ebieter zu machen, der vom Staat voll
1223 3123 2073 3179 gehen. (Lebhafter Beifall und Händeklatschen
2114 3160 2960 3218 ommen unabhängig ist, gleichzeitig aber dort,
1219 3165 2069 3216 bei den Christlichsozialen.) Wer geht denn hin?
2107 3200 2944 3255 wo ein Sozialdemokrat als Landeshauptmant
1224 3206 2062 3262 Nur sattgefressene Schieber! (Stür
2100 3239 2943 3298 wirkt, ihm gegenüber die sogenannte Staats
1219 3248 2006 3298 mischer Beifall bei den Christlichsozialen.
2100 3296 2947 3343 autorität, das heißt hier die Autorität eines
1215 3293 2069 3340 Lebhafte Zwischenrufe bei den Sozialdemo¬
2106 3331 2956 3392 christlichsozialen Soldlings, geltend zu machen.
1212 3339 2070 3396 kraten.) Emporen Sie sich darüber, daß es
1226 3383 2061 3429 iesen Leuten versagt sein soll, den „Reigen“
2290 3382 2764 3448 Gewalt gegen Gewalt.
1220 3427 2068 3486 zu sehen? (Lebhafte Zwischenrufe bei den
2183 3427 2957 3492 Dieser Politik werden wir den ent¬
1225 3474 2069 3526 Sozialdemokraten.) Wir stehen auf dem Stand¬
2122 3473 2943 3534 chiedensten Widerstand entgegen
1218 3516 2057 3566 punkt, daß die Regierung ihre Pflichtge
2107 3527 2943 3582 etzen. Wenn es uns auch gar nicht sympathisch
1212 3565 2063 3609 tan hat, und wir verteidigen das. Wir ver¬
2101 3569 2946 3614 ist, daß wir einen so untergeordneten
1216 3601 2064 3654 treten den Standpunkt der Regierung sehr wohl
2112 3607 2956 3665 nlaß wie eine Theaterauf¬
1219 3644 2066 3697 und sagen, daß der Bürgermeister Reumann
2107 3649 2946 3703 führung benützen müssen, um dieses
1218 3687 2063 3745 als Landeshauptmann seine Pflicht ver¬
2102 3698 2947 3758 Streben gleich im Keime zu ersticken, so tun
1220 3730 2067 3785 letzt hat. (Lebhafter Beifall und Hände¬
2114 3740 2959 3797 vir es dennoch pflichtgemäß. Es darf kein
2007 3771 2066 3822 An¬
1220 3773 1878 3822 klatschen bei den Christlichsozialen.
2112 3774 2947 3826 Schritt dieser Regierung erfolgen, der die in
1218 3819 2071 3867 dauernde Zwischenrufe bei den Sozialdemo¬
2105 3815 2946 3883 der Verfassung gewährleisteten Rechte des
1221 3858 2072 3922 kraten.) Man hat den „Reigen“ in München
2105 3862 2957 3921 Landes Wien auch nur im geringsten tangiert.
2112 3904 2955 3967 Sie werden bei der Mehrheit der Bevölkerung
2106 3951 2950 4002 von Wien, im Landtage Wien und bei der
1220 3963 2070 4023 g’wohnt. as können s' jetzt nimmer tuan
2114 3991 2950 4048 Landesregierung von Wien gegenüber jedem
1228 4014 2069 4070 An schön groß'n Perserteppich hat eahner der
2113 4033 2951 4083 olchen Versuch einem Widerstand be¬
1218 4052 2079 4106 Herr eh'malige Kabskutscher a'kauft, a paar
2108 4084 2957 4135 gegnen, der eisern ist und den Sie nicht
1225 4107 2075 4147 quate Bilder hab'n s’ ins Dorotheum tragen,
2112 4126 2873 4163 A
3037 302 3135 398 cärt
3047 393 3150 457 Ein
3077 478 3166 542 Die
3011 520 3161 588 Verbotes
3009 579 3181 629 des Wien
2999 617 3181 675 Landt
3090 660 3149 716 Pré
3001 700 3164 762 daß die
3009 751 3169 805 lossen an
3004 792 3168 847 die Bun
3004 828 3172 889 keitsa
3005 879 3169 938 Bürgerm
3004 921 3174 978 Auton
3007 970 3160 1020 gegen
2998 1007 3177 1062 Bunde
3003 1051 3174 1105 wahre
3079 1096 3173 1149 Frau
3007 1127 3195 1195 Motzko
3011 1178 3180 1252 Dringlich
3007 1224 3158 1286 ufen
3010 1266 3161 1320 u kle
2994 1311 3176 1365 Mino#iät
3006 1356 3150 1420 Antrage
2995 1397 3131 1461 keit
3068 1438 3159 1511 Zur
2994 1465 3094 1535 Gmr.
2996 1528 3177 1580 Bundesmi
3005 1567 3121 1625 Versuch
3144 1613 3178 1672 K
3008 1656 3172 1709 ich dieser
3006 1698 3126 1755 Belang
2995 1740 3174 1798 dem Auge
3003 1788 3181 1842 um erste
3002 1825 3175 1884 Landes Al
2999 1872 3170 1924 mit aller
3000 1912 3153 1970 hätte es
2989 1958 3166 2009 etwa mit
2992 2000 3174 2057 berg oder
2997 2042 3166 2101 gegenüber
3000 2086 3180 2141 erausnim
3065 2129 3176 2183 Frau
2989 2161 3177 2231 (christlichso
2985 2217 3162 2273 daß der
2988 2259 3181 2316 schwer geg
3001 2299 3167 2359 abe. Es
2993 2341 3176 2398 Stück „De
2996 2388 3177 2447 als eine 8
2992 2435 3154 2488 wärtigen
2999 2474 3172 2533 verden di
3004 2517 3140 2570 prachen
2995 2559 3176 2618 Landeshau
2998 2605 3183 2660 Sie erheb
2998 2646 3173 2706 Vorgehen,
3002 2692 3171 2746 hred
3000 2733 3168 2794 iefste
2998 2775 3152 2833 egrüßen
2996 2822 3124 2876 ierung
3133 2826 3179 2876 de
2996 2865 3168 2925 Einhalt zu
2999 2906 3170 2960 andeshau
2988 2949 3184 3007 rechtfertige
2991 2991 3136 3045 rufe der
2988 3037 3190 3094 die Wort
2990 3082 3169 3132 moral
2997 3121 3186 3186 Verteidigun
3064 3167 3160 3217 Nach
2987 3205 3182 3270 der Christl
2983 3252 3177 3310 austausch z
2985 3297 3184 3354 und einigen
2986 3337 3184 3396 die ihr zur
2980 3379 3141 3434 Lehrerin
3144 3382 3177 3429 se
2991 3423 3181 3485 ür das D
3060 3466 3180 3523 Sodat
2979 3504 3197 3571 heftigen Zu¬
2979 3554 3188 3610 der Frieden
2985 3596 3179 3652 das Deutsch
2989 3639 3187 3691 erboten, d
2985 3683 3174 3740 und kul
2980 3726 3177 3781 das De
3043 3780 3197 3850 Der
3070 3837 3199 3895 Landes
2984 3880 3190 3936 dauerte, da
2982 3926 3175 3986 ein wichtig
2994 3966 3184 4026 es „Reige
2985 4013 3181 4071 daß ein w
2991 4053 3184 4111 egenheit ge
2996 4097 3182 4145 o vom Za
