3436 4384
338 202 844 310 11. Reigen
1036 212 1198 287 box
1241 214 1448 304 1772
1691 3801 1728 3856 r.
1696 3699 1732 3757 n
1706 2211 1744 2278 n
1711 1622 1746 1679 P.
1709 2007 1757 2064 n
1701 2727 1771 2819 8
1705 190 1767 244 Ihr
1723 260 1772 320 im
1708 420 1766 480 lso
1713 544 1761 586 n
1707 685 1764 738 on
1707 732 1757 785 de
1719 972 1766 1033 0
1797 194 2997 248 zudem beinahe ein großer Mann geworden. Sonst blieb freilich alles
1790 237 3001 311 beim alten. Und manchem schien jetzt die angebliche Morgenröte nur
1796 292 2501 342 ein letztes Abendglühen gewesen zu sein.
1860 330 2996 410 Vor allem blieb die Gefahr der Lex Heinze viel lebendiger als
1790 378 2997 449 ihre Bekämpfer. Gewiß ist sie nicht in ihrer ursprünglichen Gestalt
1794 429 2960 490 wiedergekommen. Sie begnügte sich — nach kurzer Schonzeit —
1796 489 2993 552 parlamentarisch=denunziatorisch, administrativ, disziplinarisch, polizei¬
1795 532 2994 614 mäßig, kurzum auf kaltem Wege zu wirken. Statt des Gesetzes, das
1788 574 2997 648 man vor ganz Europa blamiert hatte, haben wir die Praxis. Und
1787 619 2146 682 die ist mannigfaltig.
1866 669 3000 744 In der diesjährigen Landtagssession war es Herrn Dr. Schädler
1789 709 3002 795 vorbehalten, als freiwilliges Organ der nicht Gesetz gewordenen Lex
1788 765 2999 838 Heinze zu wirken und der weißblauen Sittlichkeit ein getreuer Hüter
1787 828 2999 886 zu sein. Leider war ihm nur eine kleine Aktion beschieden, obwohl¬
1791 868 3006 945 er durch den ganzen Sommer aus Zeitungen Zitate gesammelthaue
1789 920 2979 986 die von Berlin bis Augsburg reichten. Indes die Berline##ge
1779 959 2964 1030 sich selbst mit ihren unsittlichen Auslagen der Buchhandlungen ab
1779 1017 2823 1095 finden, da für sie unseres Wissens der bayerische Landtag in
1778 1054 2053 1126 nicht kompetent
2218 1059 2844 1133 wares denn aber, was die moralt
1804 1107 1921 1172 üstung
2073 1122 2868 1187 geordneten innerhalb der bayerischen Zustät
1806 1162 2868 1219 regte, sodaßeer am 2#ltober sich zu fragen veranlaßt
1766 1197 2909 1282 ob der Herr Polizeiminister vollständig zum
1764 1255 2965 1320 schehenlassen und Zuschauen (laisser faire, laisser aller
1768 1297 2974 1371 verurteilt sei. Aus den Zeitungsausschnitten des Herr
1775 1344 2979 1419 Schädler, der von all dei, was er hier verurteilt und angreift, nichts
1771 1403 2982 1482 mit eigenen Augen und Ohren erlebt hat, stiegen zunächst die bösen
1781 1442 2997 1519 11 Scharfrichter empor. Dann kam der akademisch=drama¬
1776 1494 2981 1572 tische Verein an die Reihe, weil er am 25. Juni Schnitzlers
1771 1536 2981 1615 Reigen aufgeführt hatte und der Theaterreferent der „liberalen“
1773 1588 2980 1670 Allgemeinen Zeitung — auf den sich Herr Schädler allein
1781 1649 2977 1718 berief — sich den blutigen Kalauer nicht hatte verkneifen können, diese
1775 1688 2982 1779 Schauspiele kleine „Sauspiele“ zu betiteln. Grund genug für
1780 1745 2532 1803 Herr Schädler, nach der Polizei zu schreien.
1812 1778 2980 1854 Solche Jeremiaden und moralische Anreizungen der Polizei, würden
1774 1847 2975 1914 uns wenig bekümmert haben, wenn sie nicht gewisse Folgen gehabt
1768 1888 2965 1954 hätten. Die 11 Scharfrichter verfielen unnötig verschärfter Zensur,
1778 1939 2976 1997 Ueberlassen wir sie für heute ihrem Schicksale. Gegen den Akademisch¬
1769 1983 2972 2059 dramatischen Verein aber konnte die Polizei beim besten Willen nichts
1779 2039 2984 2103 mehr ausrichten. Geschehenes kann selbst die Polizei nicht ungeschehen
1771 2090 2966 2158 machen. Die zarten Andeutungen des Herrn Schädler hätten jedoch
1764 2135 2973 2191 auch im Kultusministerium aufmerksame Beachtung gefunden.
1769 2179 2981 2252 Dieser sittenverderbende Akademisch=dramatische Verein untersteht doch
1770 2231 2978 2299 der hohen Weisheit des akademischen Senats und der Disziplinar¬
1769 2282 2980 2345 Gewalt des Rektors. Also bedachte es ein hohes Ministerium. Die
1776 2328 2982 2388 Anschläge des Vereins am schwarzen Brett der Universität verschwan¬
1761 2380 2968 2440 den nun plötzlich; der Rektor hatte sie entfernen lassen. Auf wieder¬
1765 2421 2972 2494 holte Vorstellungen hin konnte nicht verschwiegen werden, daß das
1773 2474 2972 2544 Ministerium das Rektorat zur Untersuchung angewiesen und dabei
1772 2526 2980 2593 auf die Kritiken in der Wahrheit von Dr. Kausen und im Bayeri¬
1764 2561 2978 2641 schen Vaterland — diese Zusammenstellung würde Dr. Sigl wenig
1757 2614 2972 2687 Freude bereitet haben — hingedeutet habe. In diesen aber sei die
1763 2667 2972 2733 obbesagte Vorführung als unsittlich gebrandmarkt worden. Damit
1757 2726 2726 2787 endet vorläufig die Rettung der bayerischen Moralität.
1842 2763 2976 2849 Inzwischen hat bereits Dr. Kausen erklärt, daß er seine Kritik
1771 2808 2973 2885 wesentlich auf die der Allgem. Ztg. gestützt habe, und mit dem Bayer.
1768 2862 2979 2931 Vaterland, das gewiß keine literarischen Ambitionen hat, wirds wohl
1760 2914 2972 2973 auch nicht anders sein. Warum beruft sich übrigens Schädler auf
1754 2955 2968 3018 bie „liberale“ Allgem. Ztg. und das Ministerium auf nichtliberale
1762 3003 2972 3076 Blätter? So erleben wir denn das ergötzliche Schauspiel, daß auf
1763 3049 2965 3111 Grund einer abfälligen Kritik ein Abgeordneter über ein Stück, das
1766 3110 2962 3173 er selbst nicht im geringsten kennt, Anklage erhebt, die Polizei auf¬
1762 3152 2960 3223 ruft und ein Ministerium in Bewegung setzt, das selbst auch nicht in
1754 3190 2956 3269 die Prüfung der Sachlage eintritt und sich dabei auf Kritiken bezieht,
1758 3246 2963 3321 die ohne eigene Sachkenntnis geschrieben sind. Ich möchte nur wissen,
1765 3288 2962 3366 ob schließlich der hohe Senat sich ein eigenes Urteil über Stück und
1751 3338 2186 3402 Aufführung bilden wird.
1828 3396 2962 3468 Um den Schnitzlerschen Reigen hat sich ein neuer Reigen ge¬
1764 3444 2956 3505 schlungen. Herr Schädler eröffnete ihn gravitätisch, das Ministerium
1759 3495 2962 3549 knixte zierlich nach, dann kamen die gelahrten Herren, die langsam
1750 3549 2954 3606 pedantisch noch im ungewohnten Takte sich drehen. Und nun ist die
1762 3584 2967 3663 Reihe an den jungen Herrn. Ob das wohl die neue Podewilsweise
1753 3640 2683 3700 ist? In Rom soll sie ganz anders geklungen haben.
1836 3687 2963 3763 Diese ganze Haupt= und Staatsaktion würde zumal in diesen
1762 3733 2956 3807 trüben Tagen ein erfreuliches Zwischenspiel abgeben, wenn sie nicht
1753 3782 2434 3840 im Grunde doch verdammt ernst wäre.
1833 3814 2957 3909 Denn Schnitzler ist kein Pornograph. Sonst wäre sein Reigen
1744 3887 2941 3950 nicht noch in jeder Buchhandlung zu erhalten. Dieser witzige Dialog¬
1702 3910 2954 4021 künstler hat durch ein paar nette Stücke längst seinliterarisches Rech
