3444 4320
285 125 413 210 11.
980 119 1398 226 box 17/5
478 136 786 237 Reigen
1448 922 2268 990 das Nachher ein Miserere und die Menschen
1513 960 2261 1027 sie nennen es Liebe..... Wenigstens die
745 977 1257 1081 Feuikteton.
1444 1019 2264 1071 Menschen, die im „Reigen“ zu tun haben.
1453 1065 2260 1120 Von einer höheren Warte gesehen, mus man
1453 1106 2260 1172 sagen, im ganzen „Reigen“ steht übe shaupt
569 1131 1386 1230 Der „Reigen“ in den Kammer
1450 1165 2266 1222 kein Wort von Liebe. Die Funktion ist alles.
1452 1201 2260 1273 Aber zur Liebe gehört mehr als die bloße
895 1204 1111 1293 spielen.
1455 1259 2261 1317 Funktion und die medizinische Konstatierung,
1457 1306 2262 1362 daß Liebe die Berührung zweier Epidermen
665 1304 1403 1372 Für Menschen, denen ein Buch kein Er¬
1455 1356 2262 1427 ist. Liebe ist Lust und Leid zugleich; sie sind
592 1357 1407 1426 lebnis bedeuten kann, mag die Aufführung des
1452 1400 2267 1462 beide unzertrennlich wie das Licht und der
589 1411 1404 1479 „Reigens“ von Artux Schw##lex in
1459 1462 2266 1512 Schatten; diese Dialoge handeln nur von
588 1449 1406 1522 den Kammerspielen immerhin ein Erlebnis
1456 1501 2267 1559 Lust, von erwachender Lust und von ver¬
584 1502 1407 1560 bedeuten. Für Menschen aber, denen die Auf¬
1452 1555 2258 1613 löschender Lust; es geht durch diese Dialoge
589 1556 1403 1620 führung des „Reigens“ in einem Theater
1455 1597 2271 1663 auch nicht ein Mensch von Qualität, der
601 1601 1398 1665 erst ein Erlebnis bedeuten kann, ist der
1453 1648 2265 1712 andere Triebe kennt und andere Wertungen
601 1644 1399 1716 „Reigen“ im Grunde wieder nicht geschrieben.
1459 1690 2269 1751 als rein physisch materielle. In diesen Dia¬
595 1710 1406 1762 Denn er ist eben für jene Menschen geschrieben,
1451 1748 2270 1806 logen gibt es nur Männchen und Weibchen
591 1755 1401 1815 denen ein Buch ein Erlebnis bedeuten kann.
1463 1798 1643 1864 schlechthin.
602 1799 1405 1861 Über diesen Zirkel kommt man beim besten
1531 1828 2264 1899 Der Dichter hat seinerzeit eine pessimisti¬
599 1847 1403 1918 Willen nicht hinaus. Ein spöttisches Buch,
1453 1892 2269 1951 sche und gehässige, eine boshafte und amüsante
603 1895 1409 1960 ein Buch von melancholisch bitierer Grazie,
1454 1941 2263 1994 Auswahl aus dem Tiergarten der Welt ge¬
593 1942 1399 2025 ein bewußt paradoxes, gewollt einseitiges
1462 1989 2262 2061 troffen, hat damals gesagt, so sind die Men¬
602 1997 1398 2060 Buch, als Buch komponiert und nicht als
1453 2030 2271 2096 schen. Daß sie nicht so, nur so sind, hat er in
597 2039 1413 2109 Stück fürs Theater. Variation über ein
1462 2085 2269 2152 seinen eigenen Werken später gezeigt. Damals
587 2092 1404 2162 Thema! Du mußt es zehnmal sagen und im¬
1465 2142 2265 2203 war er nur zynisch und satirisch, hatte seine
596 2147 1398 2222 mer wieder anders. Aber seit wann liebt man
1465 2180 2267 2251 mitleidslose Zeit und sah in seinen Mitmen¬
595 2188 1398 2265 es, sich auf der Bühne zehnmal dasselbe
1456 2244 2274 2303 schen nur Tierköpfe, die er gestalten mußte,
602 2240 1409 2303 sagen zu lassen? Bühne ist Entwicklung und
1459 2294 2265 2338 und er gestaltete prächtig, voll fröhlicher Bos¬
604 2289 1401 2358 nicht Wiederholung; und was das Sagen
1458 2341 2275 2402 heit und bissigen Humörs, gewissermaßen
597 2337 1405 2405 anbelangt, ist es auch nicht gerade das richtige
1465 2381 2268 2437 Illustrationsfakten zu Schopenhauers klassi¬
602 2389 1408 2447 Wort, was den „Reigen“ anbelangt. Vielleicht
1463 2425 2270 2493 scher Bemerkung, daß der Geschlechtstrieb nur
598 2432 1405 2497 sollte man statt Sagen das Wort Zeigen ver¬
1467 2482 2279 2542 der Köder der Natur ist, um die Gattung nicht
605 2477 1399 2548 wenden, aber Zeigen geht schon gar nicht
1466 2524 1813 2593 aussterben zu lassen.
602 2538 1410 2594 also bleibt es schließlich dabei, daß zehnmal
1531 2565 2274 2637 Aber all das, was diese Dialoge dem
603 2579 1406 2641 dasselbe verschwiegen und nicht gezeigt wird.
1468 2623 2277 2688 nachdenklichen Leser wertvoll machen, verliert
601 2633 1406 2695 Zehnmal versagt die Bühne, zehnmal wird es
1468 2673 2275 2740 sich auf der Bühne; nichts bleibt, als die
604 2680 1415 2748 dunkel, zehnmal muß die Phantasie arbeiten,
1464 2721 2270 2793 pikante Sit##tion, die naturgemäß nur ange¬
607 2727 1410 2796 zehnmal gibt es ein Vorher und ein Nachher
1458 2771 2264 2843 deutet werden kann und ebenso an die Phan¬
602 2775 1408 2855 und zehnmal ist das Vorher ein Jubilate und
1041 2837 1099 2915 7
1149 2888 2336 2968 Herausgeber: J. Steinhardt. — Veranlwortlicher Bedalteur: Alfred
836 2908 1101 3084 Wae
503 3117 1165 3262 WIENER NITTAGSP08T,
732 3206 913 3300 WIEN
2321 918 3137 980 tasie appellieren muß wie das Buch selbst,
3172 924 3332 978 Frau des
2304 957 3129 1028 nur das die Phantasie, die aus dem Buch
3174 970 3299 1034 zückend
2310 1017 3123 1070 erwächst, tausendmal reicher und intensiver
3182 1020 3322 1077 Von de
2308 1066 3132 1126 ausgestalten kann, als die Phantasiewelt, die
2315 1111 3011 1176 von der Bühne ihren Ausgang nimmt.
3173 1105 3331 1178 Lackne
2388 1156 3132 1228 Nicht die heimliche Melancholie: so sieht
3171 1158 3323 1232 präsentie
2313 1203 3132 1276 menschliches Gefühl im scharfen Licht einer
3170 1216 3332 1272 ters fan
2324 1258 3121 1321 objektiven, kühlen Betrachtung aus, so klein
3174 1260 3292 1324 chende
2317 1306 3126 1362 ist alles, was wir mit großen Worten bezeich¬
3184 1310 3330 1372 Darstelle
2322 1364 3136 1423 nen, nein, die pilante Situation allein bedeutet
3180 1360 3332 1432 oder wer
2314 1408 3133 1461 von der Bühne herab den Erfolg des Abends;
3248 1404 3325 1472 Seh
2317 1447 3123 1512 der Erfolg auf einem Nebengeleise; er man
3177 1452 3330 1517 Rahmen
2316 1506 3134 1570 groß sein, nachhaltig und ergiebig, aber ein
3180 1506 3333 1572 Paul F
2314 1552 3131 1608 bißchen beschämend bleibt er doch. „Selten.
3179 1556 3340 1620 nete; m
2313 1598 3128 1671 habt Ihr mich verstanden — selten nur ver¬
3186 1611 3330 1668 war im
2322 1646 3135 1708 stand ich euch — nur wenn wir — uns fanden,
3186 1654 3338 1714 angedeu
2316 1703 3124 1764 da verstanden wir uns gleich ...“ Lorbeer¬
3186 1692 3341 1760 Sie stör
2324 1748 3133 1804 kränze und Erfolge stellen sich nur sellen dort
3171 1752 3328 1809 zu irgen
2322 1795 3136 1867 ein, wo sie der Künstler ersehnt und verdient,
2313 1844 3123 1903 und er muß schließlich froh sein, sie wenig¬
3178 1846 3324 1906 überbrüc
3181 1896 3331 1956 drei Bil
2325 1898 3125 1953 stens überhaupt zu erlangen, wenn es ihm
2319 1949 3133 2008 auch wie blutige Ironie erscheinen muß, daß
3175 1946 3331 2005 Brutalit
2327 1992 3136 2057 sie grad dort sich einstellen, wo er sie am we¬
3180 1992 3321 2060 später a
2316 2049 3134 2112 nigsten erwartet und verdient. Aber das ge¬
3181 2040 3337 2105 der char
2321 2085 2758 2153 hört einmal zum Metier.
3176 2091 3324 2157 „Besserst
2401 2132 3135 2201 Den Ehrgeiz, eine Vorstellung so gut
3185 2142 3332 2198 verkleide
2317 2188 3132 2252 herauszubringen, als die vorhandenen Kräfte
3183 2187 3322 2253 zugehen
2316 2238 3125 2294 nur überhaupt gestatten, kennt man an den
3185 2239 3326 2304 sich bei
2317 2282 3124 2347 Bernau=Bühnen nicht; es wird gewöhnlich
3177 2291 3322 2351 spottete
2317 2337 3132 2397 halbe Arbeit geleistet und der Grundsatz gilt,
3177 2333 3297 2399 spürte
2312 2377 3133 2440 wenn die Vorstellung nur überhaupt zustande
3185 2380 3332 2447 hatte. D
2318 2417 3134 2488 kommt und ein paar Rollen gut besetzt sind,
3182 2437 3334 2498 aber daz
2321 2478 3136 2539 das übrige geht dann schon mit; so war es
3187 2480 3313 2549 Dichter
2326 2531 3138 2599 auch diesmal. Hedwig Keller als Süßes
3179 2536 3322 2593 heiteren
2315 2585 3133 2637 Mädel, allen anderen weit voran, bot eine
3177 2577 3328 2644 leisen
2318 2629 3134 2687 Leistung von unbeschreiblicher Echtheit in Ge¬
3181 2630 3324 2701 das sich
2322 2677 3128 2736 fühl und Ton; von gleicher Echtheit, was
3174 2680 3311 2744 ist, die
2325 2730 3125 2786 Verlogenheit anbelangt, Marietta Olly als
3172 2728 3314 2793 können.
2321 2779 3137 2852 Schauspielerin; Traute Carlsen als junge
2349 2884 2958 2969 Heller, i Druck: J. N. Vernoy
2888 2883 3319 2982 Papier der Bos
