3392 4448
225 92 749 198 11. Reigen
927 96 1348 205 box 17/6
74 1463 636 1560 Ferei: Wien, VIII. Strozzig. d.
1859 1502 2929 1593 Einzelpreis: in Wien und auswärts 1 Krone.
82 1539 629 1608 t“. : Fernsprecher: 13.370,
1857 1572 2989 1670 Monatl. Bezugspreis für Wien u. Provinz 29 Kr.
69 1589 627 1674 erichte: Heroldverlag Wien.
774 1476 1753 1699 Spätabendblatt
2003 1637 2793 1711 Für die Tschecho=Slowakei ö. K 4.—
414 1722 2035 1859 Wien, Donnerstag, den 17. Februar 1921
2408 1761 2947 1874 III. Jahrgang
81 1920 2992 2159 lung der „Reigen“=Aufführungen!
217 2110 2215 2281 Ein polizeiliches Verbot „bis auf weiteres“.
742 2285 1808 2380 Abg. Karl Ereky fordert in einem separaten
67 2221 648 2414 chrittmacher
654 2336 1811 2434 Antrag auch die Einführung des „numerus
1827 2293 2974 2454 Die Londoner Konferenz.
652 2392 1808 2479 clausus“ in der Budapester Journalistik. Beide
65 2394 523 2497 etdiktatur.
1894 2421 3004 2516 Paris, 16. Februar. (Havas.) Briand hat.
653 2444 1803 2519 Anträge wurden, da die Opposition sich der Hauptver¬
1818 2461 2978 2565 Sonntag vormittag Paris verlassen, um sich zur Lon¬
70 2476 631 2578 ipalausschuß für eine
652 2494 1806 2586 sammlung fernehielt, mit allen gegen zwei Stimmen
1818 2527 2974 2615 doner Konferenz zu begeben. Er wird vom General¬
654 2548 1082 2618 angenommen.
61 2546 356 2619 Dreßreform.
1824 2579 2980 2655 sekretär im Auswärtigen Amt Berthelot, dem
97 2584 629 2662 In der gestrigen Haupt¬
736 2600 1803 2695 Schließlich wurde ein Antrag zum Beschluß er¬
1816 2625 2977 2708 Unterdirektor für asiatische Angelegenheiten Kammerer,
67 2647 635 2723 ischen Munizipalausschusses
653 2654 1795 2741 hoben, in dem sich die Hauptstadt Budapest dagegen
1816 2674 2977 2765 dem Kabinettschef Carteren und dem Dolmetscher
53 2701 624 2772 h=kommunalen Partei (Karl
644 2712 1790 2792 verwahrt, daß die Tätigkeit der Freimaurer¬
1813 2723 2887 2818 des Obersten Rates Camerlynck begleitet sein.
62 2755 626 2822 bechem die Generalversamm¬
651 2759 1793 2835 logen wieder gestattet wurde, und erhebt
59 2798 631 2874 ie Verfolgung aller jener
643 2805 1800 2905 Protest gegen den diesbezüglichen
107 2837 632 2926 fordert, die an der
653 2849 1383 2934 ausländischen Einfluß.
1921 2808 2874 2949 Polnisch=rumänisches
1984 2911 2772 3038 Defensivbündnis.
645 2943 1791 3049 Die Mordankläge gegen Stephan
1894 2989 2960 3095 Paris, 17. Februar. (Havas.) Der polnische Minister
1050 3014 1373 3111 Friedrich.
1809 3058 2969 3137 des Aeußern Fürst Sapieha wird heute von London
725 3065 1785 3165 Budapest, 17. Februar. Der Staatsanwalt hat
1817 3111 2962 3194 wieder hier eintreffen. Dem „Petit Parisien“ zufolge wird
632 3141 1781 3206 gestern die Anklageschrift gegen den geweienen Minister¬
1815 3153 2961 3232 sein Aufenthalt in Paris nur von kurzer Dauer sein; er
648 3188 1793 3257 präsidenten Stephan Friedrich dem Untersuchungs¬
1805 3183 2596 3268 wird baldigst nach Bukarest weiterreisen.
635 3242 1780 3303 richter überreicht. Diese umfaßt 80 maschingeschriebene
1894 3236 2957 3306 Das Blatt schreibt weiter, Polen unterhandle zurzeit
1805 3260 2969 3352 mit Frankreich, mit den baltischen Staaten, ja selbst mit
637 3282 1790 3357 Seiten, führt alle im Laufe der Untersuchung gegen
1812 3324 2955 3400 Finnland und schließlich noch mit Rumänien. Das Abkommen
635 3331 1784 3405 Friedrich zutage geförderten Daten an und erhebt auf
1806 3350 2969 3445 zwischen Warschau und Bukarest, das gegenwärtig noch der
632 3376 1778 3447 Grund derselben gegen Friedrich die Anklage wegen
1805 3407 2958 3488 Prüfung unterliege, sei ein förmlicher Bündnisver¬
630 3428 1780 3501 Anstiftung zum Morde am Grafen Tisza.
1808 3460 2957 3528 trag politischer und militärischer Natur.
634 3475 1780 3547 Nachdem ein Fluchtversuch Friedrichs nicht zu befürchten
1810 3498 2951 3569 Der ntwurf sehe erstens vor, daß Polen und Rumänien
628 3525 1781 3610 ist, beantragt der Staatsanwalt, Friedrich bis zur Haupt¬
1803 3540 2960 3606 sich gegenseitig die Erhaltung ihrer östlichen
631 3551 1496 3635 verhandlung auf freiem Fuße zu belassen.
1812 3580 2954 3652 Grenzen verbürgen, und zwar ganz besonders der pol¬
1800 3625 2957 3698 nischen Ostgrenze, wie sie durch den Vertrag von Riga fest¬
1807 3670 2948 3734 worden-sei. „Petit Parisien“ meint, daß dieses Bünd¬
1799 3715 2962 3786 nis nicht als unvereinbar mit der kleinen Entente zwischen
1802 3762 2959 3821 Rumänien, der Tschecho=Slowakei und Jugoslawien be¬
1795 3802 2966 3873 trachtet werden würde. Die kleine Entente werde in Zukunft
1792 3839 2949 3909 die Gestalt eines förmlichen Bündnisses annehmen. Ein
1798 3892 2955 3958 weiterer Hauptpunkt sei die Bestimmung, daß der Vertrag
1798 3917 2951 4001 nur dann wirksam sein solle, wenn England und Frankreich
1792 3977 2952 4040 auch ihrerseits die genannten Grenzen verbürgen. Das Ab¬
1797 4019 2950 4086 kommen sehe ein militärisches Zusammengehen für den Fall
1793 4047 2956 4123 vor, daß eines der beiden Länder oder beide durch die roten
1812 4086 1917 4137 K
