<?xml version="1.0" encoding="UTF-8" standalone="yes"?>
<PcGts xmlns="http://schema.primaresearch.org/PAGE/gts/pagecontent/2013-07-15" xmlns:xsi="http://www.w3.org/2001/XMLSchema-instance" xsi:schemaLocation="http://schema.primaresearch.org/PAGE/gts/pagecontent/2013-07-15 http://schema.primaresearch.org/PAGE/gts/pagecontent/2013-07-15/pagecontent.xsd">
    <Metadata>
        <Creator>prov=University of Rostock/Institute of Mathematics/CITlab/Gundram Leifert/gundram.leifert@uni-rostock.de:name=ONB_Newseye_GT_M1+(htr_id=10810)::::v=2.4.3
prov=University of Rostock/Institute of Mathematics/CITlab/Tobias Gruening/tobias.gruening@uni-rostock.de:name=de.uros.citlab.module.baseline2polygon.B2PSeamMultiOriented:v=2.4.3
prov=University of Rostock/Institute of Mathematics/CITlab/Tobias Gruening/tobias.gruening@uni-rostock.de:name=/net_tf/LA73_249_0mod360.pb:de.uros.citlab.segmentation.CITlab_LA_ML:v=2.4.3
Transkribus</Creator>
        <Created>2019-10-07T11:38:33.170+02:00</Created>
        <LastChange>2019-12-04T16:05:49.057+01:00</LastChange>
        <TranskribusMetadata docId="223982" pageId="9503175" pageNr="358" tsid="20402691" status="IN_PROGRESS" userId="40391" imgUrl="https://files.transkribus.eu/Get?id=SGZNZHLMHOLBVOYHSMDYGTKZ&amp;fileType=view" xmlUrl="https://files.transkribus.eu/Get?id=ZYMAYJIJAPAOMPOWSBFANUGO" imageId="6193389"/>
    </Metadata>
    <Page imageFilename="223982_0358.jpeg" imageWidth="3496" imageHeight="4320">
        <ReadingOrder>
            <OrderedGroup id="ro_1711448398448" caption="Regions reading order">
                <RegionRefIndexed index="0" regionRef="r1"/>
                <RegionRefIndexed index="1" regionRef="r2"/>
                <RegionRefIndexed index="2" regionRef="r3"/>
                <RegionRefIndexed index="3" regionRef="r4"/>
            </OrderedGroup>
        </ReadingOrder>
        <TextRegion orientation="0.0" id="r1" custom="readingOrder {index:0;}">
            <Coords points="459,94 459,248 517,248 517,94"/>
            <TextLine id="r1l1" custom="readingOrder {index:0;}">
                <Coords points="452,205 462,207 470,201 493,204 503,197 523,202 528,142 516,138 500,144 494,139 485,139 475,130 467,135 457,135"/>
                <Baseline points="459,194 488,194 517,198"/>
                <TextEquiv>
                    <Unicode>1</Unicode>
                </TextEquiv>
            </TextLine>
            <TextEquiv>
                <Unicode>1</Unicode>
            </TextEquiv>
        </TextRegion>
        <TextRegion orientation="0.0" id="r2" custom="readingOrder {index:1;}">
            <Coords points="615,179 615,2952 1666,2952 1666,179"/>
            <TextLine id="r2l1" custom="readingOrder {index:0;}">
                <Coords points="1159,210 1281,221 1305,207 1404,210 1490,227 1558,217 1549,151 1393,146 1334,182 1288,157 1224,165 1159,142"/>
                <Baseline points="1166,199 1191,200 1217,201 1243,202 1268,203 1294,204 1320,205 1345,205 1371,205 1397,206 1422,205 1448,205 1474,204 1499,203 1525,202 1551,200"/>
                <TextEquiv>
                    <Unicode>box 17/5</Unicode>
                </TextEquiv>
            </TextLine>
            <TextLine id="r2l2" custom="readingOrder {index:1;}">
                <Coords points="641,219 742,219 770,233 795,221 807,231 826,220 851,229 902,220 955,240 956,159 929,161 910,145 850,163 783,143 741,161 668,142 642,150"/>
                <Baseline points="647,210 672,210 697,210 722,211 747,212 772,212 798,212 823,213 848,213 873,213 898,213 923,214 949,214"/>
                <TextEquiv>
                    <Unicode>Reigen</Unicode>
                </TextEquiv>
            </TextLine>
            <TextLine id="r2l3" custom="readingOrder {index:2;}">
                <Coords points="654,1380 1637,1394 1627,1318 655,1332"/>
                <Baseline points="661,1380 709,1380 758,1380 806,1380 855,1380 903,1380 952,1380 1000,1381 1049,1381 1097,1382 1146,1383 1194,1383 1243,1384 1291,1384 1340,1385 1388,1385 1437,1386 1485,1386 1534,1386 1582,1386 1631,1386"/>
                <TextEquiv>
                    <Unicode>Die Heiterkeit der Schnitzlerschen „Reigen“=</Unicode>
                </TextEquiv>
            </TextLine>
            <TextLine id="r2l4" custom="readingOrder {index:3;}">
                <Coords points="627,1438 1094,1418 1647,1446 1647,1393 1602,1386 627,1390"/>
                <Baseline points="633,1420 683,1421 733,1421 784,1422 834,1422 884,1423 935,1423 985,1424 1035,1424 1086,1424 1136,1424 1186,1425 1237,1425 1287,1426 1337,1426 1388,1426 1438,1427 1488,1427 1539,1428 1589,1429 1640,1430"/>
                <TextEquiv>
                    <Unicode>dialoge ist die Watteausoder Fragonar#s# ein wenig</Unicode>
                </TextEquiv>
            </TextLine>
            <TextLine id="r2l5" custom="readingOrder {index:4;}">
                <Coords points="640,1474 1452,1490 1638,1483 1639,1439 640,1431"/>
                <Baseline points="646,1461 695,1461 744,1462 793,1462 843,1463 892,1463 941,1464 991,1464 1040,1464 1089,1465 1139,1465 1188,1466 1237,1466 1286,1466 1336,1467 1385,1467 1434,1467 1484,1468 1533,1468 1582,1468 1632,1469"/>
                <TextEquiv>
                    <Unicode>zynisch, sehr ironisch, mit Maß melancholisch und sich</Unicode>
                </TextEquiv>
            </TextLine>
            <TextLine id="r2l6" custom="readingOrder {index:5;}">
                <Coords points="636,1509 1638,1525 1638,1482 1572,1468 1449,1492 636,1473"/>
                <Baseline points="642,1502 691,1502 741,1503 790,1504 840,1504 889,1505 939,1505 988,1505 1038,1506 1087,1506 1137,1506 1186,1506 1236,1507 1285,1507 1335,1507 1384,1507 1434,1508 1483,1508 1533,1509 1582,1509 1632,1510"/>
                <TextEquiv>
                    <Unicode>ganz in der Maske der Sexuell=Blasierten gefallend.</Unicode>
                </TextEquiv>
            </TextLine>
            <TextLine id="r2l7" custom="readingOrder {index:6;}">
                <Coords points="634,1545 1635,1556 1635,1525 1583,1513 634,1509"/>
                <Baseline points="640,1541 689,1542 738,1543 788,1544 837,1545 887,1545 936,1546 985,1546 1035,1547 1084,1547 1134,1547 1183,1547 1232,1547 1282,1547 1331,1548 1381,1548 1430,1548 1479,1548 1529,1548 1578,1549 1628,1549"/>
                <TextEquiv>
                    <Unicode>Von Rousseau und Voltaire sind jene so weit wie de</Unicode>
                </TextEquiv>
            </TextLine>
            <TextLine id="r2l8" custom="readingOrder {index:7;}">
                <Coords points="629,1589 1647,1605 1647,1567 1586,1555 629,1548"/>
                <Baseline points="635,1582 685,1583 735,1585 785,1586 836,1587 886,1587 936,1587 986,1588 1037,1588 1087,1588 1137,1588 1187,1588 1238,1588 1288,1588 1338,1588 1388,1588 1439,1589 1489,1590 1539,1590 1589,1592 1640,1594"/>
                <TextEquiv>
                    <Unicode>Wiener Zeitgenosse von Strindberg und Weininger.</Unicode>
                </TextEquiv>
            </TextLine>
            <TextLine id="r2l9" custom="readingOrder {index:8;}">
                <Coords points="632,1628 1631,1646 1631,1602 1533,1594 633,1589"/>
                <Baseline points="639,1625 688,1626 737,1627 786,1627 836,1628 885,1628 934,1629 983,1629 1033,1629 1082,1630 1131,1630 1180,1630 1230,1630 1279,1631 1328,1631 1377,1631 1427,1631 1476,1632 1525,1632 1574,1633 1624,1633"/>
                <TextEquiv>
                    <Unicode>Er wie jene sind Rokoko, sind Zeugen einer satten,</Unicode>
                </TextEquiv>
            </TextLine>
            <TextLine id="r2l10" custom="readingOrder {index:9;}">
                <Coords points="628,1671 1629,1681 1601,1637 628,1628"/>
                <Baseline points="634,1666 683,1667 732,1667 782,1667 831,1668 881,1668 930,1668 980,1669 1029,1669 1079,1669 1128,1670 1177,1670 1227,1671 1276,1671 1326,1671 1375,1671 1425,1671 1474,1672 1524,1672 1573,1672 1623,1672"/>
                <TextEquiv>
                    <Unicode>dem Genuß und dem Bewußtsein des Genusses raffi¬</Unicode>
                </TextEquiv>
            </TextLine>
            <TextLine id="r2l11" custom="readingOrder {index:10;}">
                <Coords points="627,1706 1608,1726 1640,1674 627,1667"/>
                <Baseline points="633,1708 683,1708 733,1709 783,1709 833,1710 883,1710 933,1711 983,1711 1033,1711 1083,1712 1133,1712 1183,1712 1233,1712 1283,1712 1333,1713 1383,1713 1433,1713 1483,1713 1533,1713 1583,1713 1633,1714"/>
                <TextEquiv>
                    <Unicode>niert hingegebenen Kultur. Diese Feinschmecker und</Unicode>
                </TextEquiv>
            </TextLine>
            <TextLine id="r2l12" custom="readingOrder {index:11;}">
                <Coords points="627,1751 1635,1760 1635,1728 1556,1711 627,1707"/>
                <Baseline points="634,1749 683,1750 733,1750 783,1750 832,1751 882,1751 932,1751 981,1752 1031,1752 1081,1752 1131,1753 1180,1753 1230,1753 1280,1753 1329,1754 1379,1754 1429,1754 1478,1754 1528,1754 1578,1754 1628,1753"/>
                <TextEquiv>
                    <Unicode>Künstler für Feinschmecker haben trotz ihrer Grenzen</Unicode>
                </TextEquiv>
            </TextLine>
            <TextLine id="r2l13" custom="readingOrder {index:12;}">
                <Coords points="626,1791 1635,1808 1612,1757 626,1752"/>
                <Baseline points="632,1790 681,1790 731,1791 781,1791 831,1791 881,1792 930,1792 980,1792 1030,1793 1080,1793 1130,1793 1179,1794 1229,1794 1279,1794 1329,1794 1379,1795 1428,1795 1478,1795 1528,1795 1578,1795 1628,1795"/>
                <TextEquiv>
                    <Unicode>und Engen ein unverdientes Schicksal, heute wie nach</Unicode>
                </TextEquiv>
            </TextLine>
            <TextLine id="r2l14" custom="readingOrder {index:13;}">
                <Coords points="631,1837 1632,1847 1616,1801 631,1795"/>
                <Baseline points="637,1833 686,1833 735,1833 785,1833 834,1834 884,1834 933,1834 982,1835 1032,1835 1081,1835 1131,1835 1180,1835 1229,1835 1279,1835 1328,1836 1378,1836 1427,1836 1476,1836 1526,1836 1575,1836 1625,1836"/>
                <TextEquiv>
                    <Unicode>der großen Revolution: Beute der schnuppernd</Unicode>
                </TextEquiv>
            </TextLine>
            <TextLine id="r2l15" custom="readingOrder {index:14;}">
                <Coords points="635,1874 1631,1889 1601,1839 635,1836"/>
                <Baseline points="641,1874 690,1875 739,1875 788,1875 837,1875 887,1876 936,1876 985,1876 1034,1875 1083,1875 1133,1875 1182,1875 1231,1875 1280,1875 1329,1875 1379,1876 1428,1876 1477,1876 1526,1877 1575,1877 1625,1878"/>
                <TextEquiv>
                    <Unicode>Lüsternen, mißverstehend Gierigen zu werden, in</Unicode>
                </TextEquiv>
            </TextLine>
            <TextLine id="r2l16" custom="readingOrder {index:15;}">
                <Coords points="629,1917 1555,1935 1631,1926 1632,1889 629,1878"/>
                <Baseline points="635,1913 684,1913 734,1914 783,1915 833,1915 882,1915 932,1916 981,1916 1031,1916 1080,1916 1130,1916 1179,1917 1229,1917 1278,1917 1328,1917 1377,1917 1427,1917 1476,1917 1526,1917 1575,1918 1625,1918"/>
                <TextEquiv>
                    <Unicode>Schweine verwantdelt zu werden von der goldenen</Unicode>
                </TextEquiv>
            </TextLine>
            <TextLine id="r2l17" custom="readingOrder {index:16;}">
                <Coords points="628,1960 1636,1969 1636,1922 629,1925"/>
                <Baseline points="635,1954 684,1954 734,1955 784,1955 833,1956 883,1956 933,1957 982,1957 1032,1958 1082,1958 1132,1958 1181,1959 1231,1959 1281,1959 1330,1959 1380,1959 1430,1960 1479,1960 1529,1960 1579,1960 1629,1960"/>
                <TextEquiv>
                    <Unicode>Göttin Circe. Darum taumeln die Reigenpe re jetzt</Unicode>
                </TextEquiv>
            </TextLine>
            <TextLine id="r2l18" custom="readingOrder {index:17;}">
                <Coords points="628,2004 1641,2009 1641,1968 1552,1958 628,1960"/>
                <Baseline points="635,1996 687,1996 740,1996 792,1996 845,1997 897,1997 950,1997 1003,1997 1055,1998 1108,1998 1160,1999 1213,1999 1265,1999 1318,2000 1371,2000 1423,2000 1476,2000 1528,2000 1581,2000 1634,2000"/>
                <TextEquiv>
                    <Unicode>allerorten Abend für Abend über die Bühnen</Unicode>
                </TextEquiv>
            </TextLine>
            <TextLine id="r2l19" custom="readingOrder {index:18;}">
                <Coords points="625,2040 1638,2048 1638,2007 625,2005"/>
                <Baseline points="632,2036 684,2037 737,2037 789,2038 842,2039 894,2039 947,2039 1000,2040 1052,2040 1105,2040 1157,2041 1210,2041 1262,2041 1315,2041 1368,2041 1420,2041 1473,2041 1525,2041 1578,2041 1631,2041"/>
                <TextEquiv>
                    <Unicode>Deutschlands, wogegen nichts zu sagen wäre, wenn</Unicode>
                </TextEquiv>
            </TextLine>
            <TextLine id="r2l20" custom="readingOrder {index:19;}">
                <Coords points="626,2085 1552,2103 1635,2098 1654,2054 627,2042"/>
                <Baseline points="633,2078 683,2078 734,2078 785,2079 835,2079 886,2080 937,2080 987,2080 1038,2081 1089,2081 1140,2082 1190,2082 1241,2082 1292,2083 1342,2083 1393,2083 1444,2083 1494,2083 1545,2083 1596,2083 1647,2082"/>
                <TextEquiv>
                    <Unicode>das Publikum aus anderer Befähigung als der, die</Unicode>
                </TextEquiv>
            </TextLine>
            <TextLine id="r2l21" custom="readingOrder {index:20;}">
                <Coords points="624,2128 1672,2134 1672,2067 1551,2104 624,2086"/>
                <Baseline points="631,2120 682,2120 734,2120 786,2120 838,2120 889,2120 941,2121 993,2121 1045,2122 1096,2122 1148,2123 1200,2123 1252,2124 1303,2124 1355,2124 1407,2124 1459,2123 1510,2123 1562,2122 1614,2121 1666,2119"/>
                <TextEquiv>
                    <Unicode>teuren Eintrittspreise zu bezahlen, ins Theater eins##</Unicode>
                </TextEquiv>
            </TextLine>
            <TextLine id="r2l22" custom="readingOrder {index:21;}">
                <Coords points="629,2167 1636,2170 1626,2127 629,2131"/>
                <Baseline points="635,2161 684,2162 734,2162 784,2162 834,2162 883,2162 933,2162 983,2162 1033,2163 1082,2163 1132,2163 1182,2163 1232,2163 1281,2163 1331,2163 1381,2164 1431,2164 1480,2164 1530,2164 1580,2164 1630,2164"/>
                <TextEquiv>
                    <Unicode>gelassen würde. In den Kammerspielen gibt</Unicode>
                </TextEquiv>
            </TextLine>
            <TextLine id="r2l23" custom="readingOrder {index:22;}">
                <Coords points="630,2210 1631,2211 1631,2168 630,2169"/>
                <Baseline points="637,2202 686,2202 735,2202 785,2202 834,2202 884,2202 933,2202 982,2202 1032,2203 1081,2203 1131,2203 1180,2203 1229,2203 1279,2203 1328,2204 1378,2204 1427,2204 1476,2204 1526,2204 1575,2205 1625,2205"/>
                <TextEquiv>
                    <Unicode>die Regie des Herrn Dr. Schulbauer den zehn</Unicode>
                </TextEquiv>
            </TextLine>
            <TextLine id="r2l24" custom="readingOrder {index:23;}">
                <Coords points="628,2257 1633,2250 1633,2209 628,2208"/>
                <Baseline points="635,2242 684,2242 734,2242 783,2242 833,2242 882,2243 932,2243 981,2243 1031,2243 1080,2244 1130,2244 1180,2244 1229,2244 1279,2245 1328,2245 1378,2245 1427,2245 1477,2245 1526,2245 1576,2244 1626,2244"/>
                <TextEquiv>
                    <Unicode>Szenen zwischen roten Vorhängen die Sordine des</Unicode>
                </TextEquiv>
            </TextLine>
            <TextLine id="r2l25" custom="readingOrder {index:24;}">
                <Coords points="629,2283 872,2309 977,2283 1634,2292 1634,2259 1562,2248 629,2253"/>
                <Baseline points="635,2283 684,2283 734,2284 783,2284 833,2284 883,2284 932,2284 982,2285 1031,2285 1081,2285 1131,2285 1180,2286 1230,2286 1279,2286 1329,2286 1379,2286 1428,2286 1478,2287 1527,2287 1577,2287 1627,2287"/>
                <TextEquiv>
                    <Unicode>guten Geschmacks und eine schauspielerisch lebendige</Unicode>
                </TextEquiv>
            </TextLine>
            <TextLine id="r2l26" custom="readingOrder {index:25;}">
                <Coords points="627,2328 1633,2342 1625,2290 627,2282"/>
                <Baseline points="633,2324 682,2324 732,2325 781,2325 831,2325 881,2325 930,2326 980,2326 1030,2326 1079,2326 1129,2327 1179,2327 1228,2327 1278,2327 1328,2328 1377,2328 1427,2329 1477,2329 1526,2330 1576,2331 1626,2332"/>
                <TextEquiv>
                    <Unicode>Aufführung. Freilich, könnte ich mir denken, daß</Unicode>
                </TextEquiv>
            </TextLine>
            <TextLine id="r2l27" custom="readingOrder {index:26;}">
                <Coords points="620,2377 1638,2379 1638,2343 1537,2329 620,2330"/>
                <Baseline points="627,2367 677,2367 727,2366 777,2366 827,2366 878,2366 928,2366 978,2366 1028,2366 1078,2367 1129,2367 1179,2368 1229,2368 1279,2369 1329,2369 1380,2369 1430,2369 1480,2369 1530,2369 1580,2369 1631,2369"/>
                <TextEquiv>
                    <Unicode>zwei schauspielerische Genies oder auch nur Talente</Unicode>
                </TextEquiv>
            </TextLine>
            <TextLine id="r2l28" custom="readingOrder {index:27;}">
                <Coords points="625,2410 1639,2417 1610,2372 625,2376"/>
                <Baseline points="631,2406 681,2406 731,2407 781,2407 831,2407 881,2408 931,2408 981,2408 1031,2408 1081,2408 1131,2408 1181,2409 1231,2409 1281,2409 1331,2409 1381,2409 1431,2409 1481,2409 1531,2410 1581,2410 1632,2410"/>
                <TextEquiv>
                    <Unicode>alle Rollen spielen könnten, damit die Variationen</Unicode>
                </TextEquiv>
            </TextLine>
            <TextLine id="r2l29" custom="readingOrder {index:28;}">
                <Coords points="628,2455 1625,2456 1625,2414 628,2410"/>
                <Baseline points="634,2445 683,2446 732,2447 781,2448 830,2449 880,2449 929,2449 978,2450 1027,2450 1076,2450 1126,2450 1175,2450 1224,2450 1273,2450 1322,2450 1372,2450 1421,2450 1470,2451 1519,2451 1568,2451 1618,2451"/>
                <TextEquiv>
                    <Unicode>ihrer gestaltenden Kraft und die Einzigkeit des Triebs</Unicode>
                </TextEquiv>
            </TextLine>
            <TextLine id="r2l30" custom="readingOrder {index:29;}">
                <Coords points="625,2497 1635,2494 1635,2461 1557,2453 625,2452"/>
                <Baseline points="631,2489 680,2489 730,2489 780,2489 830,2489 880,2490 930,2490 979,2490 1029,2490 1079,2490 1129,2491 1179,2491 1229,2491 1279,2491 1328,2491 1378,2491 1428,2491 1478,2491 1528,2491 1578,2491 1628,2490"/>
                <TextEquiv>
                    <Unicode>zeigen könnten, was den Reigenszenen auf dem</Unicode>
                </TextEquiv>
            </TextLine>
            <TextLine id="r2l31" custom="readingOrder {index:30;}">
                <Coords points="615,2532 1624,2544 1624,2506 1550,2494 615,2496"/>
                <Baseline points="621,2531 670,2531 720,2530 770,2530 820,2530 870,2530 920,2530 969,2530 1019,2530 1069,2530 1119,2531 1169,2531 1219,2531 1269,2531 1318,2532 1368,2532 1418,2532 1468,2532 1518,2533 1568,2533 1618,2533"/>
                <TextEquiv>
                    <Unicode>Theater schauspielerisch und dramaturgisch erst einen</Unicode>
                </TextEquiv>
            </TextLine>
            <TextLine id="r2l32" custom="readingOrder {index:31;}">
                <Coords points="622,2573 1627,2583 1610,2536 622,2534"/>
                <Baseline points="629,2569 678,2570 728,2570 777,2571 827,2571 876,2572 926,2572 975,2572 1025,2572 1074,2572 1124,2572 1174,2573 1223,2573 1273,2573 1322,2572 1372,2572 1421,2572 1471,2572 1520,2572 1570,2572 1620,2571"/>
                <TextEquiv>
                    <Unicode>Sinn gäbe. Hedwig Keller hat die verderbte</Unicode>
                </TextEquiv>
            </TextLine>
            <TextLine id="r2l33" custom="readingOrder {index:32;}">
                <Coords points="612,2609 1481,2624 1481,2588 1426,2577 612,2571"/>
                <Baseline points="619,2610 661,2611 704,2611 747,2611 790,2612 833,2612 875,2612 918,2612 961,2612 1004,2612 1047,2612 1089,2612 1132,2612 1175,2612 1218,2612 1261,2612 1303,2612 1346,2612 1389,2613 1432,2613 1475,2614"/>
                <TextEquiv>
                    <Unicode>Kindlichkeit und wissende Unschuld eines</Unicode>
                </TextEquiv>
            </TextLine>
            <TextLine id="r2l34" custom="readingOrder {index:33;}">
                <Coords points="1483,2623 1496,2616 1500,2620 1521,2618 1531,2626 1540,2618 1579,2630 1594,2619 1606,2624 1623,2620 1622,2585 1582,2583 1573,2575 1565,2580 1529,2578 1494,2593 1483,2592"/>
                <Baseline points="1490,2616 1515,2615 1540,2615 1566,2614 1591,2614 1617,2613"/>
                <TextEquiv>
                    <Unicode>süßen</Unicode>
                </TextEquiv>
            </TextLine>
            <TextLine id="r2l35" custom="readingOrder {index:34;}">
                <Coords points="617,2657 1634,2660 1634,2617 617,2613"/>
                <Baseline points="624,2653 674,2653 724,2653 774,2653 824,2653 874,2653 924,2653 975,2653 1025,2653 1075,2654 1125,2654 1175,2654 1225,2654 1275,2654 1326,2654 1376,2654 1426,2655 1476,2655 1526,2655 1576,2656 1627,2657"/>
                <TextEquiv>
                    <Unicode>Mädels, Traute Carlsen illuminiert ihre Frau</Unicode>
                </TextEquiv>
            </TextLine>
            <TextLine id="r2l36" custom="readingOrder {index:35;}">
                <Coords points="611,2694 1620,2705 1598,2662 611,2659"/>
                <Baseline points="617,2693 666,2693 716,2694 766,2694 816,2695 866,2695 915,2695 965,2695 1015,2695 1065,2695 1115,2695 1164,2695 1214,2695 1264,2695 1314,2695 1364,2695 1413,2695 1463,2695 1513,2696 1563,2696 1613,2697"/>
                <TextEquiv>
                    <Unicode>mit ein paar sehr witzigen Glanzlichtern, Marietta</Unicode>
                </TextEquiv>
            </TextLine>
            <TextLine id="r2l37" custom="readingOrder {index:36;}">
                <Coords points="620,2741 1629,2751 1629,2705 1572,2701 621,2701"/>
                <Baseline points="627,2734 676,2734 726,2735 776,2735 826,2735 876,2735 925,2736 975,2736 1025,2736 1075,2736 1125,2736 1174,2736 1224,2736 1274,2736 1324,2736 1374,2737 1423,2737 1473,2737 1523,2737 1573,2738 1623,2738"/>
                <TextEquiv>
                    <Unicode>Olly hat die Charme und das Format einer großen</Unicode>
                </TextEquiv>
            </TextLine>
            <TextLine id="r2l38" custom="readingOrder {index:37;}">
                <Coords points="622,2782 1630,2784 1630,2753 1556,2739 622,2738"/>
                <Baseline points="629,2776 678,2776 728,2776 778,2777 827,2777 877,2777 927,2777 976,2777 1026,2778 1076,2778 1126,2778 1175,2778 1225,2778 1275,2778 1324,2778 1374,2778 1424,2778 1473,2779 1523,2779 1573,2778 1623,2778"/>
                <TextEquiv>
                    <Unicode>Welt= und Theaterdame, Hans Lackner gilt dem</Unicode>
                </TextEquiv>
            </TextLine>
            <TextLine id="r2l39" custom="readingOrder {index:38;}">
                <Coords points="619,2818 935,2839 1464,2808 1630,2837 1630,2784 1599,2780 619,2784"/>
                <Baseline points="625,2815 677,2816 730,2817 782,2817 835,2818 887,2818 940,2818 993,2818 1045,2818 1098,2818 1150,2818 1203,2818 1255,2818 1308,2818 1361,2818 1413,2818 1466,2818 1518,2818 1571,2818 1624,2818"/>
                <TextEquiv>
                    <Unicode>Grafen Schlagkraft der Komödie, und Leopold</Unicode>
                </TextEquiv>
            </TextLine>
            <TextLine id="r2l40" custom="readingOrder {index:39;}">
                <Coords points="621,2842 806,2879 1636,2872 1636,2835 1491,2818 1236,2846 621,2827"/>
                <Baseline points="628,2856 678,2857 728,2857 778,2858 828,2858 878,2859 928,2859 978,2859 1028,2859 1078,2859 1129,2859 1179,2859 1229,2859 1279,2859 1329,2859 1379,2860 1429,2860 1479,2860 1529,2861 1579,2861 1630,2862"/>
                <TextEquiv>
                    <Unicode>Iwald dem Ehemann echte gute Bürgerlichkeit.</Unicode>
                </TextEquiv>
            </TextLine>
            <TextLine id="r2l41" custom="readingOrder {index:40;}">
                <Coords points="610,2912 1633,2912 1633,2874 1566,2863 610,2857"/>
                <Baseline points="617,2898 667,2898 718,2898 768,2899 819,2899 869,2899 920,2900 970,2900 1021,2900 1071,2900 1122,2900 1172,2900 1223,2900 1273,2900 1324,2900 1374,2900 1425,2900 1475,2900 1526,2899 1576,2899 1627,2899"/>
                <TextEquiv>
                    <Unicode>Auch die anderen Damen und Herren machen, dies¬</Unicode>
                </TextEquiv>
            </TextLine>
            <TextLine id="r2l42" custom="readingOrder {index:41;}">
                <Coords points="609,2962 1381,2962 1395,2906 609,2912"/>
                <Baseline points="615,2942 653,2942 692,2942 731,2942 769,2941 808,2941 847,2941 885,2941 924,2941 963,2941 1002,2941 1040,2941 1079,2941 1118,2941 1156,2941 1195,2941 1234,2941 1272,2941 1311,2941 1350,2941 1389,2942"/>
                <TextEquiv>
                    <Unicode>mal alle auf ihrem Platz, aute Fiauren.</Unicode>
                </TextEquiv>
            </TextLine>
            <TextEquiv>
                <Unicode>box 17/5
Reigen
Die Heiterkeit der Schnitzlerschen „Reigen“=
dialoge ist die Watteausoder Fragonar#s# ein wenig
zynisch, sehr ironisch, mit Maß melancholisch und sich
ganz in der Maske der Sexuell=Blasierten gefallend.
Von Rousseau und Voltaire sind jene so weit wie de
Wiener Zeitgenosse von Strindberg und Weininger.
Er wie jene sind Rokoko, sind Zeugen einer satten,
dem Genuß und dem Bewußtsein des Genusses raffi¬
niert hingegebenen Kultur. Diese Feinschmecker und
Künstler für Feinschmecker haben trotz ihrer Grenzen
und Engen ein unverdientes Schicksal, heute wie nach
der großen Revolution: Beute der schnuppernd
Lüsternen, mißverstehend Gierigen zu werden, in
Schweine verwantdelt zu werden von der goldenen
Göttin Circe. Darum taumeln die Reigenpe re jetzt
allerorten Abend für Abend über die Bühnen
Deutschlands, wogegen nichts zu sagen wäre, wenn
das Publikum aus anderer Befähigung als der, die
teuren Eintrittspreise zu bezahlen, ins Theater eins##
gelassen würde. In den Kammerspielen gibt
die Regie des Herrn Dr. Schulbauer den zehn
Szenen zwischen roten Vorhängen die Sordine des
guten Geschmacks und eine schauspielerisch lebendige
Aufführung. Freilich, könnte ich mir denken, daß
zwei schauspielerische Genies oder auch nur Talente
alle Rollen spielen könnten, damit die Variationen
ihrer gestaltenden Kraft und die Einzigkeit des Triebs
zeigen könnten, was den Reigenszenen auf dem
Theater schauspielerisch und dramaturgisch erst einen
Sinn gäbe. Hedwig Keller hat die verderbte
Kindlichkeit und wissende Unschuld eines
süßen
Mädels, Traute Carlsen illuminiert ihre Frau
mit ein paar sehr witzigen Glanzlichtern, Marietta
Olly hat die Charme und das Format einer großen
Welt= und Theaterdame, Hans Lackner gilt dem
Grafen Schlagkraft der Komödie, und Leopold
Iwald dem Ehemann echte gute Bürgerlichkeit.
Auch die anderen Damen und Herren machen, dies¬
mal alle auf ihrem Platz, aute Fiauren.</Unicode>
            </TextEquiv>
        </TextRegion>
        <TextRegion orientation="0.0" id="r3" custom="readingOrder {index:2;}">
            <Coords points="1692,1819 1692,1970 1741,1970 1741,1819"/>
            <TextLine id="r3l1" custom="readingOrder {index:0;}">
                <Coords points="1685,1918 1698,1920 1703,1925 1747,1926 1749,1856 1735,1856 1727,1862 1713,1864 1697,1856 1687,1857"/>
                <Baseline points="1692,1919 1741,1920"/>
                <TextEquiv>
                    <Unicode>75</Unicode>
                </TextEquiv>
            </TextLine>
            <TextEquiv>
                <Unicode>75</Unicode>
            </TextEquiv>
        </TextRegion>
        <TextRegion orientation="0.0" id="r4" custom="readingOrder {index:3;}">
            <Coords points="2040,976 2040,3251 3038,3251 3038,976"/>
            <TextLine id="r4l1" custom="readingOrder {index:0;}">
                <Coords points="2195,1029 2893,1017 2892,941 2857,937 2702,956 2670,933 2520,953 2395,937 2329,960 2194,946"/>
                <Baseline points="2202,1008 2236,1008 2270,1008 2304,1008 2339,1007 2373,1006 2407,1006 2441,1005 2476,1004 2510,1004 2544,1003 2578,1002 2613,1002 2647,1001 2681,1001 2715,1000 2750,1000 2784,1001 2818,1001 2852,1002 2887,1003"/>
                <TextEquiv>
                    <Unicode>Der „Reigen“=Rummel.</Unicode>
                </TextEquiv>
            </TextLine>
            <TextLine id="r4l2" custom="readingOrder {index:1;}">
                <Coords points="2046,1080 2999,1093 3039,1084 3039,1016 2832,1042 2045,1023"/>
                <Baseline points="2052,1077 2101,1076 2150,1076 2199,1075 2248,1075 2297,1075 2346,1074 2395,1074 2444,1074 2493,1074 2542,1074 2591,1074 2640,1073 2689,1073 2738,1073 2787,1073 2836,1073 2885,1073 2934,1072 2983,1072 3032,1071"/>
                <TextEquiv>
                    <Unicode>Neuskliche Demonstration vor dem Theater.</Unicode>
                </TextEquiv>
            </TextLine>
            <TextLine id="r4l3" custom="readingOrder {index:2;}">
                <Coords points="2094,1158 3033,1157 3032,1103 2973,1084 2715,1117 2421,1109 2337,1078 2094,1106"/>
                <Baseline points="2100,1146 2146,1145 2192,1145 2238,1145 2285,1145 2331,1145 2377,1145 2424,1145 2470,1145 2516,1145 2563,1145 2609,1145 2655,1144 2701,1144 2748,1143 2794,1143 2840,1142 2887,1141 2933,1140 2979,1139 3026,1138"/>
                <TextEquiv>
                    <Unicode>Nach Peepdigung der Versammlung in der Volks¬</Unicode>
                </TextEquiv>
            </TextLine>
            <TextLine id="r4l4" custom="readingOrder {index:3;}">
                <Coords points="2049,1197 2831,1214 3006,1203 3029,1159 2048,1154"/>
                <Baseline points="2055,1197 2103,1196 2151,1195 2200,1194 2248,1194 2297,1193 2345,1193 2393,1193 2442,1193 2490,1193 2539,1193 2587,1192 2635,1192 2684,1192 2732,1191 2781,1191 2829,1190 2877,1189 2926,1188 2974,1187 3023,1185"/>
                <TextEquiv>
                    <Unicode>halle gab ein Versammjungsteilnehmer am Rathaus¬</Unicode>
                </TextEquiv>
            </TextLine>
            <TextLine id="r4l5" custom="readingOrder {index:4;}">
                <Coords points="2046,1257 2992,1253 3032,1212 2046,1213"/>
                <Baseline points="2053,1243 2101,1243 2150,1242 2198,1242 2247,1242 2296,1242 2344,1241 2393,1241 2441,1241 2490,1241 2539,1241 2587,1240 2636,1240 2684,1239 2733,1239 2782,1238 2830,1238 2879,1237 2927,1236 2976,1234 3025,1233"/>
                <TextEquiv>
                    <Unicode>platz die Porole aus, einen Tmonstrations¬</Unicode>
                </TextEquiv>
            </TextLine>
            <TextLine id="r4l6" custom="readingOrder {index:5;}">
                <Coords points="2046,1306 3024,1299 3024,1257 2915,1243 2046,1257"/>
                <Baseline points="2053,1294 2101,1292 2149,1291 2197,1291 2245,1290 2294,1289 2342,1289 2390,1288 2438,1288 2486,1288 2535,1287 2583,1287 2631,1287 2679,1287 2727,1287 2776,1287 2824,1286 2872,1286 2920,1286 2968,1285 3017,1285"/>
                <TextEquiv>
                    <Unicode>zug zum Geväude der Kamperspiele zu veranstalten,</Unicode>
                </TextEquiv>
            </TextLine>
            <TextLine id="r4l7" custom="readingOrder {index:6;}">
                <Coords points="2046,1352 2437,1353 2504,1323 2546,1355 2964,1346 3030,1334 3030,1302 2046,1311"/>
                <Baseline points="2052,1338 2100,1338 2149,1338 2197,1337 2246,1337 2295,1337 2343,1337 2392,1337 2440,1336 2489,1336 2538,1336 2586,1335 2635,1335 2683,1335 2732,1334 2781,1334 2829,1333 2878,1333 2926,1333 2975,1332 3024,1332"/>
                <TextEquiv>
                    <Unicode>um den Unmut über die Weiteraufführung des</Unicode>
                </TextEquiv>
            </TextLine>
            <TextLine id="r4l8" custom="readingOrder {index:7;}">
                <Coords points="2071,1390 3023,1395 3023,1343 2568,1356 2506,1322 2446,1355 2071,1349"/>
                <Baseline points="2078,1386 2127,1386 2176,1386 2226,1386 2275,1386 2325,1385 2374,1385 2423,1384 2473,1384 2522,1383 2572,1382 2621,1382 2671,1381 2720,1381 2769,1381 2819,1380 2868,1380 2918,1381 2967,1381 3017,1381"/>
                <TextEquiv>
                    <Unicode>Reigen“ kundzutun, Eine ungejähr tausendköpfige</Unicode>
                </TextEquiv>
            </TextLine>
            <TextLine id="r4l9" custom="readingOrder {index:8;}">
                <Coords points="2050,1439 3032,1442 3031,1395 2960,1387 2604,1415 2535,1384 2050,1396"/>
                <Baseline points="2056,1432 2104,1432 2152,1433 2201,1433 2249,1434 2298,1434 2346,1434 2395,1434 2443,1434 2492,1433 2540,1433 2588,1432 2637,1431 2685,1431 2734,1430 2782,1429 2831,1429 2879,1428 2928,1427 2976,1426 3025,1425"/>
                <TextEquiv>
                    <Unicode>Menge folgte dem Rufe Jnd zog über die Teinfalt¬</Unicode>
                </TextEquiv>
            </TextLine>
            <TextLine id="r4l10" custom="readingOrder {index:9;}">
                <Coords points="2052,1492 3026,1488 3026,1448 2950,1463 2909,1433 2547,1460 2052,1440"/>
                <Baseline points="2059,1481 2107,1481 2155,1481 2203,1481 2251,1480 2299,1480 2347,1480 2395,1480 2443,1480 2491,1480 2539,1479 2587,1479 2635,1479 2683,1478 2731,1478 2779,1478 2827,1477 2875,1477 2923,1476 2971,1476 3020,1475"/>
                <TextEquiv>
                    <Unicode>straße und die Freiung in die Rotemurmstraße, wo</Unicode>
                </TextEquiv>
            </TextLine>
            <TextLine id="r4l11" custom="readingOrder {index:10;}">
                <Coords points="2045,1537 2620,1542 2634,1506 2530,1490 2444,1510 2408,1485 2377,1505 2320,1477 2249,1501 2044,1489"/>
                <Baseline points="2051,1530 2079,1530 2108,1530 2137,1530 2166,1530 2195,1530 2223,1530 2252,1530 2281,1529 2310,1529 2339,1528 2367,1528 2396,1527 2425,1527 2454,1527 2483,1527 2511,1527 2540,1527 2569,1527 2598,1527 2627,1527"/>
                <TextEquiv>
                    <Unicode>sie in laute Pststrufe ausbrach.</Unicode>
                </TextEquiv>
            </TextLine>
            <TextLine id="r4l12" custom="readingOrder {index:11;}">
                <Coords points="2095,1581 3030,1587 3005,1525 2095,1539"/>
                <Baseline points="2102,1576 2148,1575 2194,1575 2240,1575 2286,1575 2332,1574 2378,1574 2424,1574 2470,1574 2516,1574 2562,1573 2608,1573 2654,1573 2700,1573 2746,1572 2792,1572 2838,1572 2884,1572 2930,1572 2976,1571 3023,1571"/>
                <TextEquiv>
                    <Unicode>Polizei Wnchte des öfteren, die Rotenturmstraße</Unicode>
                </TextEquiv>
            </TextLine>
            <TextLine id="r4l13" custom="readingOrder {index:12;}">
                <Coords points="2043,1635 3023,1643 3023,1583 2043,1599"/>
                <Baseline points="2049,1627 2097,1626 2145,1624 2194,1623 2242,1623 2291,1622 2339,1622 2387,1621 2436,1621 2484,1621 2533,1621 2581,1622 2629,1622 2678,1622 2726,1622 2775,1621 2823,1621 2871,1621 2920,1620 2968,1619 3017,1617"/>
                <TextEquiv>
                    <Unicode>zu räumewa ihr jedoch trotz Verstärkung nicht</Unicode>
                </TextEquiv>
            </TextLine>
            <TextLine id="r4l14" custom="readingOrder {index:13;}">
                <Coords points="2045,1683 2782,1690 3033,1673 3033,1635 2044,1636"/>
                <Baseline points="2051,1675 2099,1673 2148,1672 2197,1670 2246,1670 2294,1669 2343,1669 2392,1669 2441,1669 2489,1669 2538,1669 2587,1669 2636,1669 2684,1669 2733,1669 2782,1669 2831,1669 2879,1668 2928,1667 2977,1666 3026,1665"/>
                <TextEquiv>
                    <Unicode>gelang. Der Lärm wurde immer größer, da unter¬</Unicode>
                </TextEquiv>
            </TextLine>
            <TextLine id="r4l15" custom="readingOrder {index:14;}">
                <Coords points="2046,1728 2952,1733 3035,1713 3035,1672 2045,1683"/>
                <Baseline points="2052,1721 2100,1720 2149,1719 2198,1718 2247,1718 2296,1717 2344,1717 2393,1717 2442,1717 2491,1717 2540,1716 2588,1716 2637,1716 2686,1716 2735,1716 2784,1715 2832,1715 2881,1714 2930,1713 2979,1712 3028,1711"/>
                <TextEquiv>
                    <Unicode>dessen zahlreiche Theaterbesucher, die mit „Pfui“¬</Unicode>
                </TextEquiv>
            </TextLine>
            <TextLine id="r4l16" custom="readingOrder {index:15;}">
                <Coords points="2048,1780 3006,1776 3020,1715 2658,1746 2047,1726"/>
                <Baseline points="2054,1767 2102,1766 2150,1765 2198,1765 2246,1765 2294,1764 2342,1764 2390,1764 2438,1764 2486,1763 2534,1763 2582,1763 2630,1763 2678,1763 2726,1763 2774,1762 2822,1762 2870,1762 2918,1761 2966,1761 3014,1760"/>
                <TextEquiv>
                    <Unicode>und „Abzug“=Rufen empfangen wurden, fast durch¬</Unicode>
                </TextEquiv>
            </TextLine>
            <TextLine id="r4l17" custom="readingOrder {index:16;}">
                <Coords points="2054,1822 2946,1825 3028,1813 3028,1782 2054,1785"/>
                <Baseline points="2060,1814 2108,1813 2156,1813 2204,1812 2252,1812 2300,1812 2348,1812 2396,1811 2444,1811 2492,1811 2541,1811 2589,1811 2637,1811 2685,1811 2733,1811 2781,1811 2829,1811 2877,1810 2925,1810 2973,1809 3022,1808"/>
                <TextEquiv>
                    <Unicode>wegs in Au omobilen einlangten. Zu den Demon¬</Unicode>
                </TextEquiv>
            </TextLine>
            <TextLine id="r4l18" custom="readingOrder {index:17;}">
                <Coords points="2053,1871 3035,1871 3025,1818 2053,1822"/>
                <Baseline points="2059,1861 2107,1861 2155,1861 2204,1861 2252,1861 2301,1861 2349,1860 2398,1860 2446,1860 2495,1859 2543,1859 2591,1858 2640,1858 2688,1858 2737,1858 2785,1857 2834,1857 2882,1857 2931,1857 2979,1858 3028,1858"/>
                <TextEquiv>
                    <Unicode>stranten gesellten sich tausende Pa anten, die sich auf</Unicode>
                </TextEquiv>
            </TextLine>
            <TextLine id="r4l19" custom="readingOrder {index:18;}">
                <Coords points="2048,1915 3031,1912 3031,1873 2956,1857 2048,1869"/>
                <Baseline points="2055,1907 2103,1908 2152,1908 2200,1908 2249,1908 2297,1908 2346,1908 2394,1907 2443,1907 2491,1907 2540,1907 2588,1907 2637,1906 2685,1906 2734,1906 2782,1906 2831,1905 2879,1905 2928,1905 2976,1905 3025,1905"/>
                <TextEquiv>
                    <Unicode>die Sete der ersteren stellten und es der Polizei</Unicode>
                </TextEquiv>
            </TextLine>
            <TextLine id="r4l20" custom="readingOrder {index:19;}">
                <Coords points="2049,1971 2628,1949 3029,1976 3029,1925 2932,1911 2308,1913 2249,1939 2049,1915"/>
                <Baseline points="2055,1955 2103,1956 2151,1956 2200,1956 2248,1956 2297,1956 2345,1956 2393,1956 2442,1956 2490,1955 2539,1955 2587,1955 2635,1954 2684,1954 2732,1954 2781,1954 2829,1953 2877,1953 2926,1953 2974,1953 3023,1953"/>
                <TextEquiv>
                    <Unicode>verübelten, daß sie die zum Vergnügen eilenden</Unicode>
                </TextEquiv>
            </TextLine>
            <TextLine id="r4l21" custom="readingOrder {index:20;}">
                <Coords points="2047,2027 2086,2011 2166,2018 2251,1992 2284,2014 2354,2008 2381,2023 2430,2011 2430,1962 2408,1974 2361,1960 2189,1974 2137,1962 2047,1991"/>
                <Baseline points="2053,2009 2079,2007 2105,2005 2132,2003 2158,2002 2185,2002 2211,2001 2238,2001 2264,2001 2290,2001 2317,2002 2343,2003 2370,2003 2396,2003 2423,2004"/>
                <TextEquiv>
                    <Unicode>„Schieber“ beschütze.</Unicode>
                </TextEquiv>
            </TextLine>
            <TextLine id="r4l22" custom="readingOrder {index:21;}">
                <Coords points="2095,2058 2965,2068 3022,2062 3022,2016 2677,2014 2524,1981 2378,2023 2094,2016"/>
                <Baseline points="2101,2049 2146,2049 2192,2050 2238,2050 2283,2050 2329,2050 2375,2050 2420,2050 2466,2050 2512,2050 2558,2050 2603,2050 2649,2049 2695,2049 2740,2049 2786,2049 2832,2048 2877,2048 2923,2048 2969,2047 3015,2047"/>
                <TextEquiv>
                    <Unicode>Mit dem Beginn der Vorstellung fand die Demon¬</Unicode>
                </TextEquiv>
            </TextLine>
            <TextLine id="r4l23" custom="readingOrder {index:22;}">
                <Coords points="2048,2108 2874,2117 3031,2105 3031,2059 2048,2061"/>
                <Baseline points="2054,2098 2102,2098 2151,2098 2199,2098 2248,2098 2296,2098 2345,2098 2393,2098 2442,2098 2490,2098 2539,2097 2587,2097 2636,2097 2684,2097 2733,2096 2781,2096 2830,2096 2878,2095 2927,2094 2975,2094 3024,2093"/>
                <TextEquiv>
                    <Unicode>stration ihr Ende. Einige Arretierungen wurden vor¬</Unicode>
                </TextEquiv>
            </TextLine>
            <TextLine id="r4l24" custom="readingOrder {index:23;}">
                <Coords points="2048,2168 3018,2158 3018,2102 2048,2108"/>
                <Baseline points="2055,2148 2102,2147 2150,2146 2198,2146 2246,2146 2294,2145 2341,2145 2389,2145 2437,2145 2485,2145 2533,2145 2580,2144 2628,2144 2676,2144 2724,2144 2772,2144 2819,2144 2867,2144 2915,2144 2963,2144 3011,2144"/>
                <TextEquiv>
                    <Unicode>genommen, doch wurden die Beanstandeten nach Ab¬</Unicode>
                </TextEquiv>
            </TextLine>
            <TextLine id="r4l25" custom="readingOrder {index:24;}">
                <Coords points="2043,2224 2114,2198 2168,2214 2460,2194 2588,2213 2641,2207 2641,2159 2382,2167 2247,2148 2043,2169"/>
                <Baseline points="2049,2197 2078,2196 2107,2195 2136,2194 2166,2194 2195,2193 2224,2193 2254,2193 2283,2193 2312,2193 2342,2193 2371,2193 2400,2193 2429,2194 2459,2194 2488,2194 2517,2194 2547,2194 2576,2194 2605,2194 2635,2194"/>
                <TextEquiv>
                    <Unicode>gabe ihres Nationales entlassen.</Unicode>
                </TextEquiv>
            </TextLine>
            <TextLine id="r4l26" custom="readingOrder {index:25;}">
                <Coords points="2046,2332 2571,2345 2621,2314 3023,2346 3023,2278 2824,2250 2508,2288 2046,2254"/>
                <Baseline points="2052,2313 2100,2314 2148,2314 2196,2314 2244,2315 2293,2315 2341,2315 2389,2315 2437,2315 2485,2315 2534,2314 2582,2314 2630,2314 2678,2314 2726,2314 2775,2314 2823,2314 2871,2315 2919,2315 2967,2315 3016,2316"/>
                <TextEquiv>
                    <Unicode>Wachsender Andrang zu den Vorstellungen.</Unicode>
                </TextEquiv>
            </TextLine>
            <TextLine id="r4l27" custom="readingOrder {index:26;}">
                <Coords points="2068,2388 3033,2382 3033,2350 2942,2332 2068,2333"/>
                <Baseline points="2075,2377 2122,2377 2170,2377 2217,2377 2265,2377 2313,2377 2360,2377 2408,2377 2455,2377 2503,2377 2551,2377 2598,2377 2646,2377 2693,2377 2741,2377 2789,2377 2836,2377 2884,2377 2931,2377 2979,2378 3027,2378"/>
                <TextEquiv>
                    <Unicode>Heute vormittags waren be der Kassa der Kammerspiele</Unicode>
                </TextEquiv>
            </TextLine>
            <TextLine id="r4l28" custom="readingOrder {index:27;}">
                <Coords points="2039,2432 3025,2433 3009,2392 2879,2383 2039,2386"/>
                <Baseline points="2045,2425 2093,2425 2142,2426 2191,2426 2239,2426 2288,2426 2337,2426 2385,2426 2434,2426 2483,2426 2532,2426 2580,2426 2629,2426 2678,2426 2726,2426 2775,2426 2824,2426 2872,2426 2921,2426 2970,2426 3019,2426"/>
                <TextEquiv>
                    <Unicode>in der Rotenturmstraße die Leute in langen</Unicode>
                </TextEquiv>
            </TextLine>
            <TextLine id="r4l29" custom="readingOrder {index:28;}">
                <Coords points="2041,2480 3025,2482 3006,2434 2041,2432"/>
                <Baseline points="2047,2473 2095,2473 2144,2474 2192,2474 2241,2474 2290,2474 2338,2474 2387,2474 2435,2474 2484,2474 2533,2474 2581,2474 2630,2473 2678,2473 2727,2473 2776,2473 2824,2473 2873,2473 2921,2473 2970,2473 3019,2473"/>
                <TextEquiv>
                    <Unicode>Reihen angestellt, um Karten für die „Reigen“¬</Unicode>
                </TextEquiv>
            </TextLine>
            <TextLine id="r4l30" custom="readingOrder {index:29;}">
                <Coords points="2048,2536 3034,2541 3034,2478 2048,2484"/>
                <Baseline points="2055,2520 2103,2521 2152,2521 2200,2521 2249,2521 2298,2522 2346,2522 2395,2522 2443,2522 2492,2522 2541,2522 2589,2522 2638,2522 2686,2522 2735,2522 2784,2522 2832,2522 2881,2522 2929,2522 2978,2522 3027,2522"/>
                <TextEquiv>
                    <Unicode>Aufführungen in dieser Woche zu erhalten. Die heutige</Unicode>
                </TextEquiv>
            </TextLine>
            <TextLine id="r4l31" custom="readingOrder {index:30;}">
                <Coords points="2042,2574 3045,2587 3016,2532 2042,2535"/>
                <Baseline points="2049,2568 2098,2568 2147,2569 2197,2569 2246,2570 2296,2570 2345,2570 2395,2570 2444,2570 2494,2570 2543,2570 2592,2570 2642,2570 2691,2570 2741,2570 2790,2570 2840,2570 2889,2570 2939,2570 2988,2570 3038,2571"/>
                <TextEquiv>
                    <Unicode>Vor ellung ist bereits ausverkauft und auch für de</Unicode>
                </TextEquiv>
            </TextLine>
            <TextLine id="r4l32" custom="readingOrder {index:31;}">
                <Coords points="2043,2628 3035,2630 3035,2590 2962,2582 2043,2583"/>
                <Baseline points="2049,2616 2100,2617 2152,2617 2203,2618 2255,2618 2306,2618 2358,2618 2409,2618 2461,2618 2512,2618 2564,2618 2615,2618 2667,2618 2718,2618 2770,2618 2821,2618 2873,2618 2924,2618 2976,2618 3028,2618"/>
                <TextEquiv>
                    <Unicode>nächsten Tage ist ine große Nachfrage. Man sieht Ange¬</Unicode>
                </TextEquiv>
            </TextLine>
            <TextLine id="r4l33" custom="readingOrder {index:32;}">
                <Coords points="2047,2677 3017,2686 3017,2639 2944,2626 2047,2629"/>
                <Baseline points="2053,2664 2100,2665 2148,2665 2196,2665 2244,2666 2292,2666 2340,2666 2387,2666 2435,2666 2483,2666 2531,2666 2579,2666 2627,2667 2675,2667 2722,2666 2770,2666 2818,2666 2866,2666 2914,2666 2962,2666 3010,2666"/>
                <TextEquiv>
                    <Unicode>stellte, Dienstmänner, die sich dort eingefunden haben, um</Unicode>
                </TextEquiv>
            </TextLine>
            <TextLine id="r4l34" custom="readingOrder {index:33;}">
                <Coords points="2038,2720 2088,2726 2119,2713 2184,2738 2247,2717 2385,2736 2385,2685 2286,2675 2254,2684 2224,2667 2179,2687 2100,2689 2082,2674 2038,2673"/>
                <Baseline points="2044,2711 2069,2712 2095,2713 2121,2713 2146,2713 2172,2713 2198,2713 2223,2713 2249,2713 2275,2713 2300,2713 2326,2713 2352,2714 2378,2715"/>
                <TextEquiv>
                    <Unicode>Karten zu beschaffen.</Unicode>
                </TextEquiv>
            </TextLine>
            <TextLine id="r4l35" custom="readingOrder {index:34;}">
                <Coords points="2077,2766 3017,2767 3017,2731 2891,2716 2077,2725"/>
                <Baseline points="2083,2760 2129,2760 2175,2760 2222,2761 2268,2761 2315,2761 2361,2762 2407,2762 2454,2762 2500,2762 2547,2763 2593,2763 2639,2763 2686,2763 2732,2763 2779,2763 2825,2763 2871,2762 2918,2762 2964,2762 3011,2761"/>
                <TextEquiv>
                    <Unicode>Direktor Bernau lacht sich ins Fäustchen, denn die</Unicode>
                </TextEquiv>
            </TextLine>
            <TextLine id="r4l36" custom="readingOrder {index:35;}">
                <Coords points="2039,2814 3023,2819 2998,2767 2039,2770"/>
                <Baseline points="2045,2806 2093,2807 2142,2808 2190,2809 2239,2809 2288,2810 2336,2810 2385,2810 2433,2810 2482,2810 2531,2810 2579,2810 2628,2810 2676,2810 2725,2810 2774,2810 2822,2809 2871,2809 2919,2809 2968,2810 3017,2810"/>
                <TextEquiv>
                    <Unicode>Skandalszenen im Parlament und die fortdauernde Er¬</Unicode>
                </TextEquiv>
            </TextLine>
            <TextLine id="r4l37" custom="readingOrder {index:36;}">
                <Coords points="2040,2869 3026,2868 2989,2820 2040,2819"/>
                <Baseline points="2047,2857 2095,2857 2144,2857 2192,2857 2241,2857 2290,2857 2338,2858 2387,2858 2435,2858 2484,2858 2533,2857 2581,2857 2630,2857 2678,2857 2727,2857 2776,2857 2824,2858 2873,2858 2921,2858 2970,2858 3019,2858"/>
                <TextEquiv>
                    <Unicode>ört rung in der Oefsentlichkeit haben de wirksamste</Unicode>
                </TextEquiv>
            </TextLine>
            <TextLine id="r4l38" custom="readingOrder {index:37;}">
                <Coords points="2043,2917 3029,2918 3011,2866 2043,2868"/>
                <Baseline points="2050,2904 2098,2904 2147,2904 2195,2905 2244,2905 2293,2905 2341,2905 2390,2906 2439,2906 2487,2906 2536,2906 2585,2906 2633,2907 2682,2907 2731,2906 2779,2906 2828,2906 2877,2906 2925,2905 2974,2904 3023,2903"/>
                <TextEquiv>
                    <Unicode>Reklame genacht. Wäre über die „Reigen“=Auf¬</Unicode>
                </TextEquiv>
            </TextLine>
            <TextLine id="r4l39" custom="readingOrder {index:38;}">
                <Coords points="2043,2965 2795,2979 2984,2969 3022,2914 2043,2917"/>
                <Baseline points="2049,2950 2097,2951 2145,2951 2194,2952 2242,2952 2290,2953 2339,2953 2387,2953 2435,2953 2484,2953 2532,2953 2580,2953 2629,2953 2677,2953 2725,2953 2774,2953 2822,2953 2870,2954 2919,2954 2967,2954 3016,2954"/>
                <TextEquiv>
                    <Unicode>führungen nicht so heftig diskutiert worden, so wäre sicher</Unicode>
                </TextEquiv>
            </TextLine>
            <TextLine id="r4l40" custom="readingOrder {index:39;}">
                <Coords points="2039,3004 3017,3013 3001,2960 2039,2963"/>
                <Baseline points="2046,2999 2094,2999 2142,3000 2190,3000 2238,3001 2287,3001 2335,3001 2383,3001 2431,3001 2479,3002 2528,3002 2576,3002 2624,3002 2672,3002 2720,3002 2769,3002 2817,3002 2865,3001 2913,3001 2961,3001 3010,3001"/>
                <TextEquiv>
                    <Unicode>das Interesse kein so großes gewesen. Bekanntlich war die</Unicode>
                </TextEquiv>
            </TextLine>
            <TextLine id="r4l41" custom="readingOrder {index:40;}">
                <Coords points="2039,3054 3026,3053 3026,3023 2915,3007 2039,3009"/>
                <Baseline points="2046,3045 2094,3046 2143,3047 2192,3047 2240,3048 2289,3048 2338,3049 2386,3049 2435,3049 2484,3049 2533,3050 2581,3050 2630,3050 2679,3050 2727,3050 2776,3050 2825,3049 2873,3049 2922,3049 2971,3048 3020,3048"/>
                <TextEquiv>
                    <Unicode>erste Vorstellung nicht so stark besucht, was ja des¬</Unicode>
                </TextEquiv>
            </TextLine>
            <TextLine id="r4l42" custom="readingOrder {index:41;}">
                <Coords points="2033,3107 3016,3114 3016,3057 2033,3062"/>
                <Baseline points="2040,3095 2088,3095 2137,3095 2185,3095 2234,3095 2282,3095 2331,3095 2379,3096 2428,3096 2476,3096 2525,3096 2573,3097 2622,3097 2670,3097 2719,3097 2767,3098 2816,3098 2864,3098 2913,3098 2961,3098 3010,3098"/>
                <TextEquiv>
                    <Unicode>halb begreiflich erscheint, weil die Preise zu hoch sind,</Unicode>
                </TextEquiv>
            </TextLine>
            <TextLine id="r4l43" custom="readingOrder {index:42;}">
                <Coords points="2046,3146 3025,3148 3002,3106 2046,3104"/>
                <Baseline points="2052,3141 2100,3142 2148,3143 2196,3143 2245,3143 2293,3144 2341,3144 2390,3144 2438,3145 2486,3145 2535,3145 2583,3145 2631,3145 2679,3145 2728,3145 2776,3145 2824,3145 2873,3146 2921,3146 2969,3146 3018,3147"/>
                <TextEquiv>
                    <Unicode>ntun aber regt sich das Interesse aller, die über genügend</Unicode>
                </TextEquiv>
            </TextLine>
            <TextLine id="r4l44" custom="readingOrder {index:43;}">
                <Coords points="2047,3200 3030,3204 3030,3168 2963,3156 2047,3155"/>
                <Baseline points="2054,3187 2102,3187 2151,3188 2199,3189 2248,3189 2296,3190 2345,3190 2393,3191 2442,3191 2490,3192 2539,3192 2587,3192 2636,3193 2684,3193 2733,3193 2781,3194 2830,3194 2878,3194 2927,3194 2975,3194 3024,3194"/>
                <TextEquiv>
                    <Unicode>Geld verrgen und die nunmehr das Stück unter allen</Unicode>
                </TextEquiv>
            </TextLine>
            <TextLine id="r4l45" custom="readingOrder {index:44;}">
                <Coords points="2033,3251 2129,3244 2159,3257 2211,3242 2239,3269 2260,3269 2285,3250 2321,3262 2355,3245 2439,3267 2458,3262 2459,3210 2275,3197 2214,3215 2034,3191"/>
                <Baseline points="2040,3237 2065,3237 2091,3237 2117,3237 2143,3237 2168,3237 2194,3237 2220,3238 2246,3238 2271,3238 2297,3239 2323,3239 2349,3239 2374,3239 2400,3239 2426,3240 2452,3240"/>
                <TextEquiv>
                    <Unicode>Umständen sehen wollen!</Unicode>
                </TextEquiv>
            </TextLine>
            <TextEquiv>
                <Unicode>Der „Reigen“=Rummel.
Neuskliche Demonstration vor dem Theater.
Nach Peepdigung der Versammlung in der Volks¬
halle gab ein Versammjungsteilnehmer am Rathaus¬
platz die Porole aus, einen Tmonstrations¬
zug zum Geväude der Kamperspiele zu veranstalten,
um den Unmut über die Weiteraufführung des
Reigen“ kundzutun, Eine ungejähr tausendköpfige
Menge folgte dem Rufe Jnd zog über die Teinfalt¬
straße und die Freiung in die Rotemurmstraße, wo
sie in laute Pststrufe ausbrach.
Polizei Wnchte des öfteren, die Rotenturmstraße
zu räumewa ihr jedoch trotz Verstärkung nicht
gelang. Der Lärm wurde immer größer, da unter¬
dessen zahlreiche Theaterbesucher, die mit „Pfui“¬
und „Abzug“=Rufen empfangen wurden, fast durch¬
wegs in Au omobilen einlangten. Zu den Demon¬
stranten gesellten sich tausende Pa anten, die sich auf
die Sete der ersteren stellten und es der Polizei
verübelten, daß sie die zum Vergnügen eilenden
„Schieber“ beschütze.
Mit dem Beginn der Vorstellung fand die Demon¬
stration ihr Ende. Einige Arretierungen wurden vor¬
genommen, doch wurden die Beanstandeten nach Ab¬
gabe ihres Nationales entlassen.
Wachsender Andrang zu den Vorstellungen.
Heute vormittags waren be der Kassa der Kammerspiele
in der Rotenturmstraße die Leute in langen
Reihen angestellt, um Karten für die „Reigen“¬
Aufführungen in dieser Woche zu erhalten. Die heutige
Vor ellung ist bereits ausverkauft und auch für de
nächsten Tage ist ine große Nachfrage. Man sieht Ange¬
stellte, Dienstmänner, die sich dort eingefunden haben, um
Karten zu beschaffen.
Direktor Bernau lacht sich ins Fäustchen, denn die
Skandalszenen im Parlament und die fortdauernde Er¬
ört rung in der Oefsentlichkeit haben de wirksamste
Reklame genacht. Wäre über die „Reigen“=Auf¬
führungen nicht so heftig diskutiert worden, so wäre sicher
das Interesse kein so großes gewesen. Bekanntlich war die
erste Vorstellung nicht so stark besucht, was ja des¬
halb begreiflich erscheint, weil die Preise zu hoch sind,
ntun aber regt sich das Interesse aller, die über genügend
Geld verrgen und die nunmehr das Stück unter allen
Umständen sehen wollen!</Unicode>
            </TextEquiv>
        </TextRegion>
    </Page>
</PcGts>
