3496 4320
370 92 880 201 11. Reizen
1061 97 1489 183 box 17/5
826 360 1271 461 Wintermärchen
935 434 1503 560 oder 10 FFBRUER 13
678 497 1326 599 Blel Lärm um nichts.
523 570 1546 661 Radaumacher haben eine der letzten Vorstellungen des
431 632 1536 716 „Reigen“ in den Kammerspielen gestört und sind hinaus¬
432 689 1534 752 geworfen worden. Das genügte ihnen nicht, sondern sie ver¬
428 731 1542 795 langten von der Regierung ein Verbot der weiteren Vor¬
430 781 1536 859 stellungen. Wer die Herren eigentlich sind, weiß man nicht,
425 833 1536 901 aber man kann es sich denken. Der Herr Minister für Inneres,
420 874 1533 943 Dr. Glanz, beeilte sich gehorsam. Er lichtete, wie die
421 921 1474 988 Zeitung Dr. Arthur Schnitzl##s zu berichten weiß
412 982 1529 1044 als bloße Reklame wärs es viel zu verwegen, als
416 1020 1521 1090 daß wir an der Wahrheit der Nachricht zweifeln
429 1087 1529 1141 ollien — ein Schreiben „an die zuständige Stelle",
422 1123 1527 1200 in welchem er ihr nahelegte, die Fortsetzung der Aufführungen
424 1170 1520 1253 des „Reigen“ zu verbieten. Ohne jeden Erfolg — der
422 1203 1017 1280 „Reigen“ wird weiter aufgeführt.
487 1253 1524 1340 Man könnte über diese nicht geringe Blemage der
430 1296 1520 1392 #u#desregierung und ihres Wortführers, Dr. Glanz, der auf
417 1365 1524 1430 hölssch=vormärzliche Art Theaterzensur zu üben versucht, zur
420 1405 1514 1483 Dagesordnung übergehen und höchstens der Landesregierung
424 1455 1521 1518 sem Pelilmanweßnicht, weiche Steile
418 1494 1509 1558 Herr Glanz „zuständig“ fand — dafür danken, daß sie eine Zu¬
410 1549 1515 1621 mutung, der höchstens ein k. k. Pölfzeichef von 1830 Folge
411 1595 1512 1679 geleistet hätte, keiner Beachtung würdigten. Das ist zwar nur
412 1640 1507 1709 erfüllte Pflicht, aber auch das verdient schon Anerkennung.
505 1703 1522 1802 Die Sache hat aber noch eine zweite Seite: Richts,
415 1766 1517 1853 aber auch gar nichts, hat die Aufführung von Schnitzlers
417 1815 1524 1898 „Reigen“ auf einer Bühne gerechtfertigt: weder die künst¬
412 1868 1528 1953 lerischen E'genschaften dieser zehn artistsch=spielerischen Bilder
414 1918 1522 1994 mit ihren Geschlechtsvorkehrspausen noch hervorragende Dar¬
411 1959 1527 2053 stellung und Spielleitung oder sonstwie Gründe schöngeistiger
403 2006 1516 2101 Art. Nichts als traurige Spekulation auf Einnahmen und
408 2055 1526 2127 Tantiemen haben zur Aufführung des „Reigen“ Anlaß ge¬
403 2098 1522 2189 geben und zur Prost stution des Verfassers geführt; nur die
401 2159 1510 2230 allerbitterste Not entschuldigt die Prostitution wie des Körpers
405 2199 1514 2288 so auch des Geistes. Die erwartete Sensation, damit aber auch
398 2250 1511 2328 der Profit sind ausgeblieben und der erste Versuch, die Thes¬
392 2292 1522 2386 terzenfur im Wege eingeschmuggelter Besucher einzuführen,
397 2350 1515 2450 ist kläglich gescheitert; zu einem zweiten wird den dlamirten
397 2390 1386 2488 Sittenwächtern hoffentlich alle Lust vergangen sein.
600 2587 1062 2742 Theater und.
603 2726 1406 2793 (Das angebliche „Reigens=Verbot.) Die Nach¬
515 2785 1407 2825 richt, daßs die „Reiges“=Apfführungen in den
527 2807 1397 2869 Kamnserssielen verhotn werdensollen, ist bisher
520 2853 1399 2908 nicht bestätigte Porden. Die Pptizei erklärt,
527 2895 1392 2945 keinerkei ##läßszu einem'sglchch Verbot zu haben;
521 2931 1396 3001 der Standpunkt Chev ensur fällt nicht in ihre
1226 2967 1393 3022 einzu¬
526 2972 1226 3028 Kompetenz,2 aus Sicherheitsgründen
531 3022 1403 3071 schreiten, liegt kein Anlaß vor, auch deshalb nicht,
520 3050 1395 3106 weil ähnliche Störungen wie die letzt# die Sicher¬
532 3090 1398 3150 heit tatsächlich nicht gefährden. Einschreiten
527 3133 1396 3193 der Polizei in einem solchett Falle würde
523 3171 1408 3232 geradezu eine indirekte Auchforderung an
526 3212 1400 3264 Demonstrationslustge bedeuten, irgend¬
524 3256 1401 3305 welche aus irgendeinemsGrunde unliebsame Vor¬
540 3286 1407 3345 tellungen zu stören#nd dadurch den Betrieb
534 3334 1398 3385 eines Theaters in Frage zu stellen. Die Zensur¬
523 3374 1407 3425 behörden haben ändererseits die Aufführungen
543 3413 1396 3460 elbst gestatteh und können sich nunmehr unmög¬
537 3455 1398 3507 ich secbst ins Unrecht setzen. Was einen
534 3492 1395 3543 anges#chen privaten Brief des Ministers
531 3541 1400 3588 Dr. Glanz an die Polizei betrifft, so ist darüber
530 3579 1401 3630 keinerlei Auskunft zu erhalten. Das Bundes¬
523 3605 1411 3680 ministerium für Inneres, die einzige
875 3678 1266 3764 Nr. 7579. Seite 5.
407 3777 1292 3831 Behörde, die zu einem Verbot berechtigt wäre,
406 3815 1302 3900 verwelgert de Auskunft über die Angelegenheit¬
1941 2276 1998 2327 □
1943 2318 2003 2359 #
1927 2349 1988 2400 —
1938 2394 1997 2428 #
1945 2422 1993 2462 —
1932 2554 1993 2601 —
2146 279 2921 380 I. „Schehergzuben“ von Rimsfi=Korssekow
1910 322 2314 379 an erster Stelle stehen.
2373 352 2413 416 —
1984 391 2806 499 Der „Reigen“ und die Behörde
2093 458 2730 533 Verbot bei weiteren Skandalen.
1947 488 2894 592 Wie verlautet, hat die Polizei — entgegen den um¬
1918 545 2898 625 aufenden Gerüchten — bisher kene Maßisahmedtur Er¬
1917 582 2893 668 assung eines Verbotes der „Reigen“=Auftärungen ge¬
1908 621 2894 710 troffen. Es soll jedoch die Absichk besseh bei neuerlichen
1917 661 2895 743 Protestkundgebungen, die ein Einschteiten der Polizei not¬
1912 705 2902 791 wendig ma#en, die W#rfü(bl#gen zu inhibieren.
1900 742 2890 817 Einem Relurs der Direktion“ täme dabei keine auf¬
1901 772 2434 840 schiebende Wirkung zu.
2397 834 2433 886 2
2136 1019 2452 1106 Die „Reige
2590 1040 2867 1122 #führan¬
2015 1071 2387 1156 en. Tlch s.big 1d
2609 1103 2852 1166 führung von
2000 1118 2851 1208 Schnitzlers Peigen“ herlief ohne jeden
1990 1162 2149 1226 Zwischen
2362 1174 2872 1254 ustg hält die Direktion der¬
2095 1210 2855 1309 M#pfele das Phck auch weiterhis im
1996 1260 2191 1331 Opelpian.
2162 1625 2618 1711 Vorweisung der betrefsen
2621 1626 3212 1734 en Witgliedskarte. An der, Ahr#t
2165 1682 2387 1743 kasse 40 K.
2173 1777 2756 1879 Theater, Kunst#n
2886 1790 3202 1882 Literatur.
2378 1875 3025 1956 Der „Reigen“ verboten.
2208 1941 3235 2022 Die Aufführungen des „Reigen“, die der Wiener Bürger¬
2154 2004 3247 2067 meister Reumann gegen das ursprüngliche Verbot ge¬
2162 2040 3243 2103 stattet hatte, sind von der Regierung verboten worden.
2156 2088 3235 2149 Endlich, könnte man sagen. Man hätte sie nie erlauben
2153 2127 3232 2185 sollen, denn mit wahrer Kunst hat diese „Dichtung“ des
2157 2177 3235 2235 Häkrn Schnitzler nichts zu tun. Wahre, echte Kunst hat das
2154 2211 3234 2283 #lle Licht des Tages nicht zu scheuen. In der Verdunkelung
2154 2255 3230 2325 des Zuschauerraumes bei den gewissen Stellen dieser
2164 2300 3237 2369 Schnitzlerschen Cochonnerie hielten aber selbst die Veranstalter
2139 2334 3232 2413 hieser Aufführungen die vollkommene Verdunkelung der Szene
2143 2398 3236 2453 für geboten. Darin liegt das Eingeständnis, daß
2064 2421 3233 2495 ## das, was da geboten wird, das Lampenlicht zu scheuen hat,
2155 2478 3236 2551 und diesem lichtscheuen Treiben ist nun von der Regierung
2159 2525 2816 2569 endlich das Handwerk gelegt wu
2198 2562 2817 2617 Der Skandal wurde übrigens 1
2914 2555 3236 2642 rhöht durch den
2107 2613 3232 2668 Umstand, daß diese „Reigen“=Aufführungen auf einer Bühne
2159 2653 3217 2714 erfolgten, die ein Annex des Deutschen Volkstheaters bildet.
2156 2695 3224 2761 Glaubt man, daß das, was im „Reigen“ geboten wird,
2144 2742 3232 2805 wirklich „Kost für das deutsche Volk“ ist, für das sein
2141 2777 3219 2839 Theater von seinen Gründern ja doch gebaut wurde? Nein,
2146 2820 3212 2889 darüber kann er sich doch wohl nicht einen Augenblick
2143 2870 3221 2933 im Zweifel gewesen sein, daß Stücke, wie dieser „Reigen“,
2150 2918 3223 2962 nur volksvergiftend wirken können und daß die
2152 2950 3217 3022 Besucher dieser Aufführungen nicht kamen, um Zeugen eines
2150 2997 3209 3060 künstlerischen Ereignisses zu sein, sondern etwa in der
2158 3035 3211 3092 Stimmung, in der man zu den gewissen „Herrenabenden“
2153 3089 3211 3143 geht, um des Sinnenkitzels halber. Deshalb erschienen die
2144 3129 3210 3181 Lebemänner alt und jung in Begleitung entsprechender
2145 3170 3211 3225 Frauenzimmer, deren Namen man hätte notieren sollen,
2143 3216 3205 3272 um sich darüber klar zu werden, wer in Wien Geschmad
2144 3252 3212 3324 an solchen Dingen hat. Die Direktion führte das
2153 3298 3208 3363 Schnitzlersche Machwerk auf, nicht, weil sie sich als Apostel
2158 3342 3208 3399 rgendeiner künstlerischen Idee fühlte, sondern in der
2157 3379 3206 3436 Gewißheit, daß die Schweinerei ihm das Theater füllen
2146 3425 3207 3483 werde. Deshalb wäre es unseres Erachtens Pflicht des
2144 3469 3205 3524 Deutschen Volkstheatervereines gewesen, gegen diese Auf¬
2146 3509 3208 3565 führungen zu protestieren und die „Dependance“ des Deutschen
2150 3556 3218 3602 Volkstheaters von dieser Beschmutzung rein zu halten, wie
2144 3597 3198 3654 das Deutsche Volkstheater selbst auch von der „Flamme“
2141 3648 3214 3707 und ähnlichen Produkten einer orientalischen Phantasie frei
2145 3682 3210 3749 gehalten werden sollte. Nach dem „Reigen“ müßte folgerichtig
2144 3731 3201 3788 auch die „Flamme“ verboten werden, und wenn auch „Haus
2146 3767 3208 3826 Wetterstein“ und andere Wedekindsche Schamlosigkeiten
2136 3820 3204 3866 von dem gleichen Schicksal betroffen würden, so würden das
2144 3859 3225 3920 weite Kreise, denen an der Säuberung Wiens von der sich
2146 3902 3230 3981 immer mehr breit machenden Schamlosigkeit etwas liegt##
2131 3943 2639 4013 nur mit Freuden begrüßen.
