3444 4320
960 185 1360 273 box 18/1
274 194 792 298 11. Reigen
740 954 1910 1034 machen, um sie zur Aufgabe des Vertrages zu nötigen. Bisher ohne
748 1008 1907 1073 Erfulg. Dahinter steckt der Wunsch gewisser Kreise im Ministerium
155 1011 683 1105 nitziers Reigen
750 1057 1910 1121 für Wissenschaft, Kunst und Bolksbildung, sich des Saales wieder zu
134 1096 707 1159 ninisteriums, dem der Saal der
746 1097 1907 1163 bemächtigen, um ihn im Interesse der Staatstheater und gemäß
148 1142 709 1195 Schauspielhaus“ genannt,
746 1139 1910 1203 den Wünschen des Direktors Schreker zu verwenden. Das ganze
146 1183 708 1247 mehr als ein überauspein¬
739 1181 1909 1244 Vorgehen hängt anscheinend zusammen mit den im Kultusmine¬
175 1225 717 1276 Dieser Tatbestand wird auch
747 1224 1909 1290 sterium heimisch gewordenen, teils uwpistischen, teils philiströfen
189 1260 711 1319 hören, der Einspruch zu¬
127 1267 172 1327 zir
740 1268 1907 1334 Bestrebungen, die persönlichen künstkerischen Unternehmungan zu¬
125 1313 706 1357 in Direktorin Eysoldt dorf also
754 1320 1911 1376 gunsten einer sogenannten sozialisierten Künstpflege zu untergraben.
131 1352 709 1416 # aufführen, ohne von der gen¬
744 1352 1909 1417 Dazu soll jetzt der Appell an die Philisterinstinkte dienen, die ohne
131 1393 413 1453 bedroht zu sein.
744 1389 1910 1461 jeden Einplick in das, was künstlerisch sein und formvollendet ist,
124 1408 708 1489 sundsätzliche noch das Materielle
754 1439 1907 1501 hre woralische Selbstüberhebung dem erotischen Stoffgebiet gegen¬
127 1472 711 1541 ders bedauerlich bleibt, daß der
755 1479 1909 1545 über zu betätigen pflegen. Eine Ironie des Schicksals will es, daß
134 1524 702 1573 ung des Stückes verbot, von
755 1519 1919 1593 die engherzige Vorgehen im Namen des Professors und Direktors
141 1554 711 1612 der Kunstabteilung des
855 1565 1911 1632 schschule, Schreker, eingeleitet wurde, des Meisters ero¬
135 1602 709 1647 in denen man ein klareres Ver¬
855 1609 1910 1669 Musik, der wie kein anderer berusen gewesen wäre, die vor¬
133 1639 707 1697 ewarten konnte. Es sei beiont,
817 1659 1909 1722 nden Kompositionen zu diesen zahn Schnitzlerschen Szenen zu
139 1678 713 1741 r bis gestern abend verreist
790 1709 906 1761 reiben.
134 1724 703 1775 un hat. Der Antrag auf Ver¬
801 1722 1916 1802 Erst vor einigen Tagen verlautete etwas darüber, daß das Kultus¬
139 1768 699 1822 iell von dem Direktor der Hoch
789 1782 1910 1852 misterium die angesetzte Aufführung von „Reigen“ zum Anlaß eine
132 1807 710 1875 nz Schreker, unterzeichnet,
774 1818 1918 1881 brechens nehmen wollte. Frau Gertrud Eysoldt und Maximilion
143 1850 718 1916 nd, wie gesagt, in der Beamten¬
753 1861 1919 1929 Slodel setzten sich mit dem Ministorium in Verbindung und erreichten
757 1905 1924 1962 die Zusicherung, daß Vertreter des Ministeriums zu einer Probe
131 1907 709 1993 Umstaud, daß die in Frage stehen¬
748 1942 1923 2012 kammen würden, um zunächst einmal zu sehen, wie das Stück im
153 1978 706 2030 zur Generalprobe ein
745 1987 1915 2049 Kleinen Schauspielhaus gespielt werden sollte. Dies war doch wohl
136 2017 709 2079 jehalten haben. Erst jetzt, nach
741 2022 1918 2091 das mindeste, was man von einer Behörde verlangen mußie, die die
140 2060 713 2124 rückziehung des Einspruchs damit,
745 2078 1923 2126 Absicht hatte. „Aergernis zu nehmen“, denn ob ein in dem Theater
139 2103 708 2161 ehegten Befürchtungen entkräftet
743 2111 1928 2172 gegebenes Stück „Anstoß erregt“, hängt doch wohl davon ab, wie
143 2151 709 2212 kleinen Schauspielhaus durch den
750 2158 1916 2217 der gedruckte Text eingerichtet und gespielt wird. Die Probe fand
152 2183 710 2251 den erwachsen. Justizrat Dr.
742 2197 1919 2258 statt, und nach einer halben Stunde Wartens empfing die Direktion
144 2228 712 2287 Vertreter der Direktion Eysoldt¬
742 2239 1919 2301 die telephonische Mitteilung, die Herren würden nicht kommen,
158 2281 721 2327 nd Schadenersahzanspruch geltend
754 2285 1920 2341 sondern das Weitere abwarten. Kein Mensch konnte dies
149 2324 715 2380 Borliner Theaterleiter
744 2324 1917 2386 loyalerweise anders auffassen, als daß das Ministerium abwarten
747 2367 1921 2425 wollte, wie die Aufführung sein würde, um danach
744 2407 1925 2462 ihre Entschlüsse zu fassen. Kein Mensch konnte ahnen, daß
756 2446 1915 2509 dieses angebliche Abwarten nichts bedeutete als die Absicht, im
150 2442 714 2538 erhalten wir noch die folgende
763 2483 1910 2557 Stillen ein Vorgehen vorzubereiten, das schon arg genug sein würde
744 2533 1912 2595 wenn es sich um einen Berliner Hausbesitzer vom Possentyp handelte.
154 2531 712 2595 er Hochschule für Musik gegen
756 2571 1918 2635 das aber ganz unbegreiflich bei einem Ministerium ist, das seine Ver¬
150 2586 714 2650 Sladek, dat vor der Oeffent¬
750 2612 1914 2675 tragsrechte von einer etwas höheren Warte aus ansehen sollte. Die
133 2624 721 2683 #eressen auftritt, entschleiert sich
748 2653 1925 2716 Hochschule im Einperständnis mit dem Dezernenten des Ministeriums
133 2674 711 2722 in eines Hausbesitzers gegen einen
756 2695 1915 2752 hat erst am Tage der Erstaufführung gegen Mittag eine einstweilige
138 2708 721 2777 teiner Raumknappheit gern los¬
745 2736 1910 2804 Verfügung des Landgerichts lil erwirkt, wonach die Aufführung des
755 2777 1926 2845 „Reigen“ der Frau Gertrud Cysoldt und Herrn Maximilian Sladek
156 2786 714 2856 chule für Musik ihren Auffüh¬
756 2823 1920 2882 untersagt wurde, bei Androhung einer Haftstrafe (!) bis zu sechs
135 2836 713 2890 rmietet hat, läuft noch einige
747 2859 1915 2918 Wochen. Diese Verfügung wurde um 4 Uhr nachmittags zugestellt.
149 2880 721 2943 g sind Versuche gemacht worden.
747 2894 1945 2989 von wo an erst ihre rechtliche Wirkung begann. Alles also, was in
129 2925 710 2998 kuspielhauses Schwierigkeiten zu
1468 2988 1615 3129 1
210 3010 833 3228 gettel
1955 948 3131 1011 Wochen an Arbeit und Ausgaben aufgewendet war, um eine würdige
1960 1010 3119 1058 Aufführung vorzubereiten, sollte in letzter Stunde vernichtet werden.
1952 1043 3118 1099 Aber noch mehr: auf Benachrichtigung von klögerischer Seite ver¬
1960 1079 3119 1144 öffentlichte ein Mittagshlatt bereits um ½1 Uhr, daß die Aufführung
1949 1125 3114 1183 verboten sei. und fügte dadurch einen neuen Schaden hinzu. während
1953 1175 3120 1229 man vernünftigerweise hätte annehmen müssen, daß das Kultus¬
1949 1205 3118 1266 ministerium auch jetzt noch mit Zustellung und Anwendung des Be¬
1962 1256 3132 1302 schluffes warten würde, bis as die Aufführung wirklich kannte. Ein
1956 1290 3134 1352 Appell an Herrn Minister Haenisch persönlich war unmöglich, weil
1950 1330 3131 1391 er verreist war. Eine Kapitulation vor dem Hausbesitzerunrecht, das
1958 1370 3121 1430 zugleich ein Unrecht gegen die Kunst war, konnte nicht in Frage
1959 1410 3118 1469 kommen. Frau Eysoldt hat sich durch die angedrohte Haft nicht ab¬
1951 1451 3122 1514 schrecken lassen, sondern der Vorhang ging hoch. Frau Eysoldt hat
1958 1496 3122 1551 vor Beginn der Vorstallung an das kunstliebende Publikum appelliert.
1957 1536 3129 1593 Dieses hat durch aufmerksame, taktvolle Haltung sein Verständnis
1956 1575 3135 1636 dafür bewiesen, daß in dieser Farm, einen erotischen Stoff zu be¬
1955 1615 3124 1675 handeln, nichts anstößiges oder niedere Instinkte weckendes liegt.
1951 1667 3132 1720 Der stürmische Beifall, den Herr Skadek und Frau Eysoldt bei ihren
1955 1699 3121 1758 Schlußworten fanden, als sie im Namen des Dichters und der Schau¬
1959 1734 3134 1805 spielkunst dankten, bewies, daß das Berliner Publikum kunst¬
1949 1783 2858 1850 verständiger ist als seine Mentoren im Ministerium,
