3484 4352
277 104 423 183 11.
986 95 1400 180 box 18/3
479 113 800 205 Reigen
682 440 1336 570 poen Sehvengenaden
927 647 972 702 9
572 679 1427 742 endarres bsursenes fetrones-ausschuirr-a dao
564 740 1428 808 BERLIN SO16, RUNGESTRASSE 22-24
544 886 1437 1038 Bossische Zeitung
720 1021 1269 1096 Ausschnitt aus der Nummer vom:
837 1099 1112 1195 1 8 4U6
379 1269 1531 1349 4Reigen“=Schicksal in Holland. Unser Korrespondent schreibt
353 1323 1524 1411 Aüis dem Fllag: Dieambungex Kammerspiele haben
349 1360 1519 1438 des unternommen, den Holläydern, Schnitzlers „Reigen“ vorzu¬
375 1400 1526 1469 führen, haben jedoch damit wench Erfolg. Zwar ist für Reklame
364 1432 1531 1512 hinlänglich gesorgt worden instfern, als in Rotterdam und in
367 1469 1533 1554 anderen Gemeinden die Aufführung des Stückes überhaupt verboten
377 1505 1524 1596 wurde, im Haag und in Amsterdam die Bürgermeistereien das Recht
376 1547 1533 1635 zur Aufführung nur unter der Bedingung gewisser Textstreichungen
380 1585 1526 1666 erteilten. Von der Kritik wird anerkannt, daß die Hamburger Schau¬
379 1624 1530 1708 spieler das Stück mit großem Takt zur Aufführung bringen. ganz
378 1653 1533 1744 abgesehen von den schauspielerischen Feinheiten, die man rühmt.
386 1694 1539 1787 Aber trotzdem bleiben die Spielhäuser leer, so daß man fast von
379 1735 1549 1823 einem unbewußt sich auswirkenden Boykott des Stückes sprechen
377 1818 484 1876 kann.
453 1828 1288 1920 G
729 2498 1303 2711 nberechne
670 2636 1311 2810 General-Anzoiger
994 2750 1239 2849 annheim
954 2859 1175 2987 4 1924
774 2938 879 3024 18
491 3106 969 3197 dor dem Westlichen Ouurer
559 3066 1663 3227 a neignr Scicsat in Holand. Die Hanburger Rammer
501 3136 1655 3271 piele habenses unternommen, den Holländern Schnitzlers „Reigen“
511 3171 1671 3300 vorzuführen, haßen jedoch damit wenig Erfolg. Zu## i für Re¬
511 3205 1665 3341 lame hinlänglich gesorgt worden, insofern, als in Rotterdam und
509 3255 1680 3389 in anderen Gemeinden die Aufführung des Stückes überhaupt ver¬
507 3287 1686 3419 boten wurde, im Haag und in Amsterdam die Bürgermeistereien
522 3325 1682 3455 das Recht zur Aufführung nur unter der Bedingung gewisser Text¬
519 3374 1677 3498 streichungen erteilten. Von der Kritik wird anerkannt, daß die
524 3411 1685 3540 Hamburger Schauspieler das Stück mit großem Takt zur Aufführung
514 3447 1699 3583 Kingen. ganz abgesehen von den schauspielerischen Feinheiten, die
531 3485 1695 3622 nan rühmt. Aber trotzdem bleiben die Spielhäuser leer, so daß man
527 3523 1698 3651 fast von einem unbewußt sich auswirkenden Boykott des Stückes
521 3636 771 3688 prechen kann
2120 432 2760 609 unberechne.
2049 595 2824 733 Hamburger Corterrehsent.
2420 847 2782 927 N.
2372 981 2787 1073 21 AUG.1922
2837 1099 2938 1184 2
2455 1134 2765 1209 „
2059 1227 2972 1355 Die Holländer und der „Reigen“.
1937 1304 3123 1398 Der Korrespondent der „Voss. Ztg.“ schreibt aus dem Haag:
1905 1341 3128 1429 Die Hamburger Kammerspiele haben es unternom¬
1894 1390 3126 1468 men, den Holländern Schnitzlers „Reigen“ vorzuführen haben
1896 1420 3121 1521 jedoch damit wenig Erfolg. Zwar ist für Reklame hinlänglich
1894 1471 3110 1554 gesorgt worden, insofern, als in Rotterdam und in anderen Ge¬
1892 1507 3114 1589 meinden die Aufführung des Stückes überhaupt verboten wurde,
1902 1543 3108 1635 im Haag und in Amsterdam die Bürgermeistereien das Recht
1900 1585 3101 1668 zur Aufführung nur unter der Bedingung gewisser Text¬
1892 1623 3109 1710 streichungen erteilten. Von der Kritik wird anerkannt, daß die
1889 1666 3108 1758 Hamburger Schauspieler das Stück mit großem Takt zur Auf¬
1893 1705 3100 1796 führung bringen, ganz abgesehen von den schauspielerischen
1878 1742 3093 1839 Feinheiten, die man rühmt. Aber trotzdem bleiben die Spiel¬
1889 1780 3093 1868 häuser leer, sodaß man fast von einem unbewußt sich aus¬
1876 1831 2762 1910 wirkenden Boykott des Stückes sprechen kann.
2135 2409 2843 2568 anberechnet
2266 2558 2893 2714 Auskurger Nachrichtes
2663 2718 2804 2790 Jurg
2462 2755 2808 2856 72. AUb 1922
2003 2861 3148 2954 Der Reigen in Holland. Eine von den Hamburger Kammer¬
1949 2929 3138 2993 spielen zusammongestelte Truppe gastiert in mehreren holländi¬
1950 2967 3135 3033 schen Stäcten mit Schnitzlers Reigen. Wie nun aus dem Haag ge¬
1956 3006 3147 3068 meldet wird, haben die Aufführungen wenig Zuspruch gefunden.
1953 3050 3146 3109 Für Reklame ist zwar hinlänglich gesorgt worden. Die Bebörden
1964 3086 3145 3156 haben nämflich in Rotterdam und anderen Städten die Aufführung
1946 3130 3147 3186 des Stückes verboten und an anderen Orten hat die Zensur den
3017 3157 3152 3218 Von
1949 3167 3015 3225 Reigen nur mit wesentlichen Textauslassungen zugelassen.
1964 3203 3140 3263 der Presse wird anerkannt, daß die Hamburger Schauspieler die
1965 3244 3142 3303 Gewagtheiten des Schnitzlerschen Dialogs sehr diskret wiedergeben.
1953 3282 3142 3343 Auch rühmt man einige schauspielerische Leistungen. Trotzdem sind
1957 3318 3151 3381 die Aufführungen schwach besucht, so daß man von einem unbewußt
1958 3360 3163 3421 sich auswirkenden Boykott des holländischen Publikums sprechen
1934 3416 2060 3487 kann.
2082 3416 3005 3502 P ANTAEK V.ATTT.
