3336 4416
642 236 1823 297 heute vormittag dem Bürgermeister Reumann in
652 283 1810 341 seiner Eigenschaft als Landeshauptmann über¬
649 332 1810 396 mittelt. Von dort erst kann es an die Polizei gelangen,
655 376 1522 441 die dann dem Befehle Folge leisten wird.
825 452 1643 510 Die Entscheidung der Bundesregierung.
742 501 1813 564 Amtlich wird mitgeteilt: Bereits vor Zulassung
645 549 1807 607 der Aufführung des „Reigen“ durch den Magistrat
640 604 1807 653 Wien als politische Landesbehörde hat der Polizei¬
648 654 1806 704 präsident den Bürgermeister von Wien auf die schweren
639 697 1817 745 Bedenken aufmerksam gemacht, die der Aufführung des
651 744 1807 799 Stückes entgegenstehen. Der Magistrat erteilte jedoch
644 788 1807 854 nach Anhörung des Zensurbeirates mit Bescheid vom
655 836 1803 888 12. Jänner die Aufführungsbewilligung. Die nun er¬
654 882 1810 935 folgten Aufführungen des Stückes gaben zu lebhaften
666 932 1806 991 rörterungen in der Oeffentlichkeit Anlaß. Hiebei sprach
662 979 1805 1031 ich die weitaus überwiegende Mehrzahl der öffentlichen
665 1026 1810 1078 Stimmen dahin aus, daß die Aufführung nach ihrem Ge¬
654 1070 1803 1122 amteindruck eine arge Verletzung der Sittlichkeit bedeute
655 1120 1816 1193 Kundgebungen aus der Bevölkerung und zahlreiche
648 1168 1807 1212 Artikel der Presse verschiedener Richtung ließen erkennen
630 1207 1806 1272 daß diese Vorführung mit dem sittlichen Empfinden
641 1257 1819 1308 weiter Kreise der Wiener Bevölkerung in scharfem
641 1306 1801 1355 Gegensatz steht. Der Bundesminister für Inneres und
644 1335 1801 1417 Unterricht richtete daher an den zunächst zur Beurteilung
645 1397 1798 1457 des Falles berufenen Bürgermeister von Wien die Ein¬
647 1445 1797 1501 ladung, zu der durch die öffentlichen Aufführungen
636 1498 1802 1550 gegebenen Sachlage Stellung zu nehmen. Der Bürger¬
641 1539 1809 1593 meister erklärte jedoch, daß er nicht in der Lage sei, seine
639 1585 1801 1636 erste Entscheidung abzuändern. Aus Rücksichten der
634 1630 1802 1678 öffentlichen Sittlichkeit sah sich nun die Bundesregierung
639 1678 1804 1737 veranlaßt, die weiteren Aufführungen des
632 1725 1797 1780 „Reigen“ zu untersagen. Sie glaubt sich hiebei
637 1770 1799 1825 mit der öffentlichen Meinung, abgesehen von einem
631 1816 1798 1877 kleinen für das Wiener Volksempfinden wohl nicht maß¬
642 1863 1809 1936 gebenden Zuhörerkreise, in voller Uebereinstimmung zu
644 1906 837 1985 befinden.
627 1947 1800 2043 Der Bürgermeister nimmt das Verbot nicht zur Kenntuls.
724 2030 1810 2102 Aus dem Rathause wird uns gemeldet: In einer
644 2076 1807 2143 Sitzung, die heute beim Bürgermeister Reumann
640 2140 1796 2196 in Anwesenheit der amtsführenden Stadträte stattfand,
633 2177 1808 2245 kam auch die Angelegenheit der Aufführung von
639 2235 1801 2287 Schnitzlers „Reigen zur Sprache. Während der Be¬
637 2271 1799 2331 ratungen erschien Polizeipräsident Schober im Rat¬
637 2314 1803 2381 hause, der mit Vizebürgermeister Emmerling und
634 2365 1805 2427 dann mit dem Bürgermeister konferierte. Wie wir er¬
645 2424 1795 2485 fahren, steht der Bürgermeister als Landeshauptmann
641 2474 1800 2525 auf dem Standpunkt, daß es sein ausschließ¬
640 2523 1808 2570 liches Recht ist, die Aufführung von
644 2561 1796 2618 Theaterstücken zu gestatten oder zu ver¬
638 2607 1793 2670 bieten und daß er sich dieses Recht von
641 2648 1716 2717 keiner Seite schmälern lassen wolle.
728 2691 1792 2755 Weiter wird uns aus dem Rathause mitgeteilt
632 2748 1794 2807 Der Bürgermeister hat heute vormittag einen Erlaß des
644 2795 1800 2858 Ministers des Innern erhalten, in dem mitgeteilt wird,
645 2842 1807 2904 daß auf Grund des § 5 der Theaterordnung vom
1706 2885 1796 2939 de
645 2899 1674 2961 Jahre 1850 die weitere Aufführung
644 2932 1797 3003 „Reigen“ verboten ist. Der Bürgermeister
646 2977 1795 3047 hat in seiner Antwort darauf verwiesen, daß dieser
639 3019 1800 3094 Erlaß den Bestimmungen der bezogenen Verordnung
639 3077 1810 3150 und der einschlägigen gesetzlichen Bestimmungen nicht
646 3125 1801 3203 entspricht und daher von ihm nicht zur Kenntnis
639 3174 1256 3253 genommen werden kann.
647 3208 1794 3311 Eine dringliche Anfrage wegen des Verbotes der „Reigen“.
1088 3279 1375 3349 aufführungen.
739 3326 1808 3407 Im Laufe der Sitzung war im Nationalrat die
648 3383 1801 3457 Verfügung des Ministeriums des Innern bekannt¬
653 3436 1680 3501 geworden, durch welche die Aufführungen
1727 3476 1806 3529 Die
655 3484 1682 3547 Schnitzlerschen „Reigen" verboten wurden.
1721 3520 1804 3584 noch
642 3522 1688 3595 sozialdemokratische Partei beschloß,
646 3572 1812 3640 während der Sitzung eine dringliche Anfrage zu ver¬
655 3612 1803 3696 fassen, welche der Abgeordnete Leuthner über¬
651 3663 1802 3736 nahm Wenige Minuten vor Schluß der Sitzung über¬
654 3704 1802 3781 reichten die Sozialdemokraten diese Anfrage, die
666 3751 1802 3826 ofort in Verhandlung gezogen werden mußte.
655 3803 1812 3879 Minister Dr. Glanz wurde in das Haus gerufen,
649 3856 1809 3925 und bei Schluß des Blattes beginnt Abgeordneter
651 3899 1346 3978 Leuthner die dringliche Anfrage:
743 3935 1803 4020 Er erklärt: Ich frage nicht, was der „Reigen“ ist Wir
639 3992 1814 4060 wollen nur die rechtliche Seite der Angelegenheit untersuchen.
641 4039 1808 4103 Nach dem Bundesverfassungsgesetz hat der Landeshauptmann,
651 4079 1817 4176 dan ist der Bürgermeister von Wien, die Entscheihung. Wenn
1838 233 2981 283 Bundesverfassung in Widerspruch. Das ist dieselbe Regierung
1838 280 2984 330 die allen Landeshauptleuten gegenüber vollständige Tatlosigkei
1845 326 2995 383 übt. Es ist derselbe Herr Glanz, der es überhaupt nicht wag
1842 370 2985 430 in die Verfügungen der andern Landeshauptleute sich ein
1842 421 2994 478 zumengen. Redner greift den Bundesminister Dr. Glanz y
1835 465 2984 516 der heftigsten Weise an und bezeichnet ihn als einen Lakaie:
1834 508 2958 566 der christlichsozialen Partei. Redner spricht fort.
2077 566 2770 640 Erwiderung des Ministers Glanz.
1925 628 2983 695 Nach dem Abg. Leuthner ergreift Minister Glanz da
1838 689 2984 739 Wort. Der Inhalt seiner Rede deckt sich mit der an andre
1841 725 2983 782 Stelle wiedergegebenen amtlichen Mitteilung. Während de
1840 778 2989 846 Ausführungen des Ministers kommt es zu heftigen un
1834 830 2986 883 lärmenden Auseinandersetzungen zwischen de
1835 869 2991 929 christlichsozialen und sozialdemokratischen Partei. Die Ab
1837 915 2990 976 geordneten stehen gedrängt vor der Ministrbank. Unmittelba
1849 973 2990 1019 or dem Minister steht auch Präsident Seitz, der sich eben
1845 1008 2978 1073 alls an den Zwischenrufen beteiligt. Abg. Mataja ruft
1845 1062 2639 1115 „Der Herr Präsident als Krawallmacher!“
1936 1092 2991 1161 Der Minister schloß mit der Bemerkung, daß alle an
1837 1148 2981 1212 ständigen Menschen das Urteil über diese Ver
1840 1195 2984 1265 anstaltung teilen werden. Minutenlanges Toben be
1838 1249 2930 1310 den Sozialdemokraten wurde durch diese Worte ausgelöst.
2220 1307 2606 1375 Ein Handgemenge.
1923 1358 3000 1425 Die sozialdemokratischen Abgeordneten Witternig un
1840 1411 2999 1469 Zelenka dringen auf den Minister ein. Die christ
1832 1456 2998 1522 lichsozialen Abgeordneten wersen sich dazwischen. Es kommt
1826 1514 2428 1567 zu einem Handgemenge.
1916 1530 2994 1613 Die Ordner suchen die streitenden Gruppen auseinander¬
1833 1601 2966 1668 zureißen. Dabei erhält der Abg. Sever einen Stoß i
1836 1649 2127 1709 das Gesicht.
1923 1682 3000 1757 Das Tosen und die gegenseitigen Beschimpfungen dauern
1838 1743 2144 1817 minntenlang an.
1920 1803 3000 1869 Präsident Weiskirchner läutet unausgesetzt und ver¬
1834 1850 3000 1904 sucht vergebens, die Ruhe herzustellen. Er ruft eine Reihe von
1828 1895 2997 1939 Abgeordneten zur Ordnung. Erst als der sozialdemokratische
1826 1941 2999 2008 Abgeordnete Volker das Wort ergreift, tritt allmählich
1828 1984 2017 2057 Ruhe ein.
1895 2069 2924 2148 Die „Arbeiter-Zeitung“ über den „Reigen“=Konflikt.
1920 2140 3003 2198 Die „Arbeiterzeitung“ erörtert die politische Seite der
1827 2193 3011 2253 Verfügung des Bundesministeriums für Inneres und bezieht
1840 2243 2995 2306 ich in ihrem heutigen Artikel auf das Schreiben des Ministers
1840 2289 2998 2339 an den Bürgermeister als Landeshauptmann von Wien als
1838 2324 3007 2386 Bundesland, in dem es heißt: „Der Minister glaube, da sich
1840 2386 2999 2435 n der Oeffentlichkeit die Stimmen gegen die
1828 2423 3002 2477 Aufführung mehren, nahelegen zu müssen, dieser Auf¬
1838 2471 2998 2520 assung, die abgesehen von einem kleinen, für das
1826 2517 2988 2572 Wiener Volksempfinden gewiß nicht maß¬
1823 2556 2994 2618 gebenden Zuhörerkreis, wohl eine einmütige
1840 2609 2992 2659 st, durch Untersagen der weiteren Aufführung
1824 2646 2999 2714 Rechnung tragen zu wollen. Das sozialdemokratische Blatt
1838 2699 2994 2754 bemerkt hiezu: „Da Herr Glanz den Bürgermeister bittet, ihm
1829 2744 2990 2803 über die sodann getroffene Verfügung baldmöglichst eine Mit¬
1837 2790 2996 2852 teilung zukommen zu lassen, so hat, wie wir zu wissen glauben,
1828 2840 2998 2899 der Bürgermeister mit der „Mitteilung“ nicht gezögert und
1839 2888 2994 2942 Herrn Glanz wissen lassen, er habe keinen Anlaß, von
1831 2928 3002 2989 der einmal und nach sorgfältiger Erwägung aller Umstände
1832 2970 3003 3037 getroffenen Verfügung abzugehen, werde eine neue und
1835 3034 2997 3082 andre Verfügung auch nicht treffen. Womit die
1832 3066 2590 3133 Sache eben zum zweitenmal erledigt ist.“
1922 3118 3000 3178 Bei Erwägung der Frage nach dem künstlerischen Werte
1838 3169 3000 3222 des „Reigen“ schreibt die „Arbeiterzeitung“, daß sie der Forde¬
1834 3215 2993 3274 rung, die Zulassung zu den Aufführungen des „Reigen“ von
1835 3258 2999 3321 einem bestimmten Alter abhängig zu machen, keineswegs
1837 3303 2216 3364 widersprechen würde.
1921 3384 2995 3449 Direktor Bernau hat bis heute mittag keine amtliche
1835 3433 2996 3492 Mitteilung betreffend die weiteren „Reigen“=Aufführungen
1837 3489 2995 3551 in den Kammerspielen bekommen. Das Stück bleibt
1838 3527 2192 3608 sonach angesetzt.
1857 3643 2973 3708 Die Aufführungen des „Reigen“ im Deutschen Reiche“.
1920 3697 2994 3754 Schnitzlers „Reigen“, der vom Dichter ursprünglich nicht
1843 3748 2990 3803 ür die Aufführung im Theater bestimmt war, wurde in den
1830 3793 2989 3852 Kammerspielen seit 1. d. täglich bei ausverkauftem Hause ge¬
1831 3840 2993 3907 geben. Morgen und Sonntag hätte das Stück außer in der
1835 3880 2981 3939 Abend= auch in der Nachtvorstellung wiederholt werden sollen.
1839 3937 2985 3989 Bis Montag waren alle Vorstellungen ausverkauft
1835 3987 2995 4037 Gegenwärtig wird der „Reigen“ noch in Berlin aufgeführt. Die
1837 4021 2985 4084 Vorstellungen in München wurden, wie erinnerlich, Anfang
1846 4069 2622 4140 dieser Woche von der Polizei verboten.
2624 4093 2967 4185 p
