3444 4320
995 132 1417 234 box 17/5
294 137 407 237 11
478 149 810 250 Reigen
323 417 1290 528 begrüßte den neuen Direktor namens der Künstlerschaft.
363 506 1493 561 Schnitzlers „Reigen“ wurde in den Wiener Kammer¬
325 551 1504 615 penKorrespondent drahtet, bei der Erstaufführung
341 590 1501 647 von Bild zu Bild mit größerem Beifall ausgenommen. Für den
783 628 1503 681 der aber den Hervorrufen nicht Folge
348 638 762 694 anwesenden Verfasser,
342 676 1501 729 leistete, dankte Direktor Bernau. Christlich=soziale Blätter hatten
345 704 1500 764 einen Sittlichkeitssturm angekündigt. Das Premierenpublikum be¬
346 753 916 827 nahm sich aber durchaus sittlich.
1155 752 1274 827 PER
811 793 1499 859 Pröf. Dr. Julius v. Braun von
375 809 810 874 Hochschulnachrichten.
342 846 1492 910 der Berliner Landwirtschaftlichen Hochschule wird dem Rufe
355 888 1500 954 au fdas Ordinariat der emie an der Universität Frankfurt
352 930 1178 991 als Nachfolger des Pre Freund Folge leisten.
394 957 1502 1032 Prof. Dr. Alfreh# Bergeat, Direktor des mineralogischen
352 1010 1499 1075 Instituts in Königsberg, hat den Ruf an die Universität Kiel
351 1056 1123 1115 als Nachfolger Prof. Johnsens angenommen.
379 1091 1506 1184 Der Oberingenieur und Konstruktionschef der Gothaer Firma
402 1691 1436 1799 Was die Bourgeoisie nicht sehen will
667 1776 1201 1872 Der „Re#ey vor Schnitzler.
446 1849 1445 1935 In den Kammerspielen uurd jetzt der „Rizgan be¬
414 1880 1433 1975 Schnitzler aufgeführt. Ein Stu, über dessen Bühnen¬
411 1946 1430 2025 wirksamkeit Meinungsderschjedenhesten bestchen, dessen
406 1987 1438 2060 künstlerischer Wert aber von keinem, der irgend etwas von
413 2031 1436 2114 Kunst verstehl, bastritten wird. Der Dichter Schnitzler zeigt
409 2074 1431 2147 hier in Form von psychologisch sehr feinen und witzigen
408 2118 1426 2185 Dialogen, wie in puncto Menschliches und Allzumensch¬
406 2153 1419 2238 liches zwischen den Menschen der nerschiedenen Gesell¬
407 2198 1426 2275 schaftsklassen seinerlei Unterschiede bestehen. Das heißt, e
398 2245 1421 2325 wagt, die Maske zu lüsten, hinter der die Bourgeoisie,
399 2290 1421 2367 die bekanntlich in der Theovis für die Heiligkeit der Ehe
399 2334 1417 2410 und Familie wie für das „reine“ Weib schwärmt, in der
408 2370 1422 2451 Praxis sich aber nicht ganz dementsprechend verrält, ihr
398 2414 1429 2492 wahres Intlitz verbirgt. Die Bourgeoisie ist ob dieser De¬
405 2459 1418 2534 maskierung selbstverständlich wenig erbauf. Und es ha# isch
397 2497 1420 2577 überal, wo geschäftstüchtige Theoterdirektoren, darauf
404 2541 1424 2626 bauend, daß die Freude an der Pikanterie die Prüderie
403 2583 1422 2663 des Publikums überwinden werde, den „Reigen“ aufs
389 2626 1413 2708 Revertoire geietzt haben, eine wüste Hetze gegen das Stück
392 2673 1411 2745 erhoben. Eins Hatze, die selbstverständlich von der hohen,
396 2720 1418 2792 zur Wahrung der guten Sitte und bürgerlichen Ordnung
389 2768 1408 2831 bestellten Obrigleit auf das tatkräftigste unterstützt wird.
396 2799 1418 2882 So ist es in München unlöngst zu Skandalszenen bei der
395 2841 1412 2927 Aufführung des Stückez gekommen, und die bayrische Re¬
386 2891 1404 2957 gierung hat, dem Duick der öffentlichen Meinung nach¬
386 2939 1407 3006 gebend, das Stück verboten. So haben sich auch in Wien
379 2983 1398 3049 vorgestern Skandalszenen im Thaater abgespielt. Zwartzig
386 3014 1401 3092 junge Leute angeblich alle Misglieder der Orel=Partei,
391 3052 1404 3135 höben die Aufführung des „Reigen“ zu sören versucht.
383 3099 1394 3174 Und es ist nicht ausgeschlossen, daß die Polizei sich aus
388 3144 1410 3222 Sicherheitsgründen“ auch bei uns zum Verhot d#s
385 3195 1403 3261 Stückes entschließt. Woraus junge Theaterbichter die Lehre
385 3237 1408 3310 ziehen sollten Schweinercien ja, Szenon auf dem Spfa je
378 3279 1343 3352 öfter, desto besser. Nackte Hälse, Arme, Busen, Bäte,
1344 3300 1404 3349 so
384 3322 1400 3415 viel als möglich. Aber keine Entklößung de Leesenk Um
374 3360 1043 3445 Gottes wissen, eim nackte Wahrheit.
1584 2251 1623 2320 *
1571 2315 1623 2374 3
1597 2568 1660 2642 2
1619 2246 1689 2294 —
1635 2286 1718 2360 225
1974 294 2708 384 Gestörter „Reigen“
1891 392 2935 459 Wie die Polizeikorrespondenz meldet, drangen gestern
1792 445 2933 522 abend etwa 20 junge Leute in den Zuschauerraum der
1806 500 2930 555 „Kammerspiele“, wo eben das vorletzte Bild von
1799 551 2928 595 Schnitzlers „Reigen“ vorgeführt wurde, und wollten
1799 590 2932 648 durch lebhafte Pfuirufe die Fortführung der Vorstellung
1799 640 2935 696 unmöglich machen. Jedenfalls rechneten sie auch damit,
1804 696 2932 750 daß sie im Publikum das Reinlichkeitsgefühl wachrufen
1801 740 2932 793 werden. In dieser Erwartung wurden sie durch das
1797 779 2930 835 Verhalten der Zuschauer, die den „Reigen“ bis zum
1797 833 2926 896 Ende ungestört genießen wollten, getäuicht; denn das
1801 877 2913 937 Publikum nahm „entrüstet“ gegen die „Störenfriede
1797 931 2923 987 Stellung. Die Vorstellung wurde unterbrochen, sechs der
1808 978 2931 1034 Demonstranten arretiert und nach Feststellung ihrer Per¬
1800 1028 2928 1085 sonalien wieder entlassen. Es befinden sich unter ihnen:
1797 1070 2931 1135 ein Privatbeamter, ein Schlossergehilfe, ein Optiker und
1805 1122 2931 1198 ein Postbeamter. Wie es heißt, wurde gegen sie die
1805 1174 2410 1238 Strafamtshandlung eingeleitet.
1889 1212 2932 1289 In München hat siche bekannilich das Publikum
1847 1283 2931 1335 freilich setzt sich das Theaternublikum in München aus
1805 1327 2918 1392 anderen Elementen zusammen als das Publikum ge¬
1807 1369 2936 1446 wisser Theater in Wien — kräftig dagegen gem brt, daß
1805 1432 2941 1489 man ihm Aeußerungen der Judenbrunst als deutsche
1802 1473 2939 1531 Kunst vorzusetzen wagt, mit dem Erfolge, daß der Voli¬
1801 1512 2941 1582 zeipräsident die weitere Aufführung der Schnitzler¬
2625 1567 2940 1631 die Münchner
1810 1574 2591 1623 Dialoge verboten hat. Besonders
1798 1618 2928 1680 Frauen, die allerdings die „Freibeiten“ des Marris¬
1810 1667 2939 1721 mus während der Diktatur zu genießen Gelegenheit
1804 1710 2945 1778 hatten, wehrten sich gegen die Zumutung. Sie riesen
1800 1769 2936 1828 während der Vorstellung: „Das ist eine Schweinerei! So
1797 1807 2939 1870 was wagt man deutschen Frauen zuzumuten!" Rufe wie:
1802 1859 2915 1919 „Saustall! Gemeinheit! Unverschämtheit; Frechheit!
1804 1905 2942 1961 durchschwirrten den Raum; auf mitgebrachten Triller¬
1803 1954 2946 2018 pfeifen brach ein ohrenzerreißender Lärm los. Plötzlich
1801 2013 2934 2066 wurden vom ersten Rang Stinkbomben auf die Bühne
1808 2057 2932 2115 geschleudert. Der Vorhang fiel endlich und das Publikum
1801 2106 2932 2166 verließ das Huuf. In dem polizeilichen Verbotserkennt¬
1810 2140 2943 2208 nis heißt es, daß das Stück Schnitzlers „j dem ge¬
1809 2201 2947 2256 sunden Volksempfinden Hohn sorichtund
1809 2251 2947 2305 daher mit Recht in weiten Kreisen der Bevölkerung
1810 2283 2231 2357 Anstoßerregt“.
1892 2342 2942 2401 In Wien spricht das Stück keineswegs dem Emp¬
1819 2389 2939 2449 finden des Volkes Hohn, das sich solche Dialoge bieten
1819 2437 2945 2497 läßt, ganz im Gegenteil, es wendet sich in sozusagen
1822 2496 2939 2554 sittlicher Entrüstung gegen jene, die daran Anstoß neh¬
1811 2537 2940 2599 men. Hier wird nicht die Attacke gegen den Anstand, son¬
1817 2592 2944 2642 dern der Protest gegen die Attacke verboten. Wer eine
1809 2641 2941 2692 Gegenmeinung wagt, riskiert, Obiekt einer Strafamts¬
1818 2687 2946 2755 handlung zu werden. Denn Wien ist ja nicht mehr Wien
1817 2736 2480 2797 sondern Wien ist Tarnopoi ...
1905 2796 2933 2854 In einem Mittagblatte erklärt Direktor Bernau,
1814 2828 2947 2896 er halte „die ganze Sache für bestellt“, nämlich die Ent¬
1813 2885 2526 2962 rüstung der jungen Theaterbesucher.
1964 2908 2937 2997 „Ich werde mich keinesfalls von der Gasse
1884 2979 2947 3031 her bestimmen lassen din „Reigen“ abzusetzen. Solche
1883 3018 2943 3069 Kindereien werden dasselbe Fiasko erleben, wie sie es in
1894 3060 2933 3107 Berlin erlebt haben. Wien hat doch sicher nicht den Ehr¬
1891 3097 2947 3146 geiz, dort hinten nachzuziehen, wo München vorneweg
1898 3134 2948 3186 marschiert. Nur verbohrte Menschen und Leute mit einer
1896 3166 2518 3219 schwarzen Brille nehmen Anstoß.
2539 3170 2944 3229 Der Reigen“ ist kein
1891 3209 2937 3281 Stück für Kinder und wem er nicht gefällt, der braucht
1899 3243 2399 3300 nicht ins Theater zu gehen.“
1907 3290 2937 3356 Es ist also nicht die Spekulation auf jene Gasse, die
1906 3345 2947 3401 Strich heißt, von der die Vorführung der Schnitzler¬
2046 3432 2219 3508 Nr. 30
1959 3512 3089 3611 Dialoge bestimmt wurde. Wien soll marschieren wie Ber¬
1960 3553 3096 3663 lin, zwar nicht im Stechschritt, sondern im Schweinstrab,
1971 3606 3092 3703 aber sich vor dem Anschiuß an das minder verjudete
1963 3647 3092 3756 München hüten. Wem's nicht gefällt, gehe nicht ins Thea¬
1974 3704 3100 3805 ter. Das Theater des Direktors Bernau ist nämlich nur
1972 3769 2653 3859 für die da, denen „es“ gefällt ....
2801 3838 2957 3929 — "
2278 3862 2533 3965 —
2964 841 3011 915 4
2981 948 3052 1047 5
3122 3849 3173 3914 6
3135 3584 3175 3656 C
