3336 4320
250 115 750 209 11.igen
939 116 1348 216 box 18/1
1423 960 1820 1034 LIFE, LETTERS
1034 982 1129 1035 124
1050 1055 1806 1131 Wilde’s Salome at the Budapester
1051 1106 1814 1176 strasse Theater. The hand ofthe repub¬
1049 1160 1818 1226 lican censor is at present laid far less
1055 1217 1818 1280 heavily upon the arts; but, partly for
1053 1269 1822 1337 political reasons, the censor makes
1054 1310 1830 1376 amends bydrastic regulation, which has
1061 1358 1830 1429 almost wiped out the night life of the
1053 1425 1210 1484 capit. l.
1104 1460 1834 1528 Shakespeare is as popular as before
1057 1508 1827 1582 the war. Max Reinhardt has staged
1065 1561 1831 1630 magnificent performances of 4 Mid¬
1058 1611 1846 1684 summer Night’s Dream, A Merchant of
1067 1663 1843 1727 Fenice, and Julius Cesar, althougn his
1065 1715 1838 1779 Hamlet was less successful. The State
1073 1760 1842 1828 Theatre has produced Richard III.
1074 1811 1837 1879 The New People’s Theatre has given
1063 1863 1834 1941 Pericles and the Comedy of Errors
1114 1913 1837 1981 Reinhardt conceived his Midsummer
1079 1971 1850 2029 Night’s Dream as a fairy spectacle, in
1079 2012 1843 2082 three pictures, a treatment of the play
1087 2065 1853 2133 which would probably have delighted
1069 2116 1847 2184 Shakespeare himself, for there is good
1087 2165 1845 2244 reason to believe that he origmally
1087 2221 1845 2281 wrote it for outdoor performance with
1090 2263 1849 2335 the richest mounting possible. The
1085 2313 1846 2384 opening scenewas played before a back¬
1081 2376 1854 2437 ground of heavy curtains, which open¬
1091 2419 1850 2487 ed presently, disclosing a fairy forest.
1090 2463 1867 2544 where curious shapes of ferns and fir
1099 2514 1856 2580 trees loomed fantastically under a warm
1091 2578 1861 2633 dark sky glimmering with a thou¬
1097 2620 1858 2686 sand stars. There was no break in the
1090 2664 1869 2743 performance until the close of Act IV,
1105 2716 1864 2782 when a brief pause prepared Rein¬
1108 2766 1862 2835 hardt’s audience for a production by
1103 2824 1866 2883 that no less famous producer, Bully
1103 2882 1263 2938 Bottom.
1154 2911 1871 2986 Who but Reinhardt could have intro¬
1106 2966 1867 3035 duced the Russian ballet in a Shakes¬
1108 3031 1884 3092 pearean production without giving it a
1105 3081 1875 3134 disastrously exotic flavor! Oberon be¬
1109 3125 1883 3185 comes a dryad, so long of figure and so
1106 3169 1874 3241 green of face that he at first barely
1107 3225 1878 3286 emerges amid the trees. Titania's
1106 3282 1877 3335 crown is wrought of the birch leaves
1860 946 2268 1024 AND THE ARTS
1879 1029 2644 1103 that form her garment. Puck is brown,
1872 1081 2653 1152 squat, hairy, perhaps more nearly the
1870 1147 2648 1203 Robin Goodfellow of popular tradition
1887 1184 2643 1254 than Shakespeare would have wished.
1883 1243 2652 1310 In the mysterious light, while the sky
1889 1295 2655 1363 lades to gray and silver translucence,
1886 1339 2646 1417 other fairies clad in floating draperies
1889 1387 2652 1457 of diaphanous green dance elfin dances,
1895 1441 2650 1506 wvhich half allure, half tantalize the eye,
1883 1490 2661 1559 so subtly do they merge into their
1885 1553 2340 1605 woodland background.
1935 1582 2657 1658 Oscar Wilde’s Lady Windermere’s
1886 1642 2663 1708 Fan, The Ideal Husband, and Salome,
1898 1696 2653 1757 have all had recent performances
1899 1751 2666 1810 Bernard Shaw, who has long been popu¬
1899 1803 2663 1859 lar in Germany, though not in France,
1906 1841 2662 1906 s represented by Pygmalion, The Shew¬
1902 1894 2667 1975 ing Up of Blanco Posnet, The Man of
1897 1950 2672 2014 Desting, and Cesar and Cleopatra (a
1902 1993 2669 2055 Reinhardt production at the Deutsches
1909 2055 2085 2113 Theater)
1954 2080 2678 2154 There have been a number of Ibsen
1901 2139 2682 2213 productions, but the most successful
1911 2190 2677 2262 Scandinavian play was Strindberg’s
1909 2242 2690 2312 Dance of Deuth, in which Tilla Durieux,
1916 2301 2679 2357 who played Eliza in Pygmalion, inter¬
1913 2339 2685 2416 preted the wife, torn by mingled love
1914 2388 2677 2455 and hate. The settings for this produc¬
1924 2441 2690 2514 tion may fairly be charged with mor¬
1922 2494 2681 2558 bidity. The round doors of the turret
1924 2538 2694 2605 dwelling disclosed an interior entirely
1929 2598 2675 2658 black — black furniture, black hang
1919 2649 2686 2710 ings, black costumes — relieved only
1933 2690 2700 2773 y an evil red glow at the window and a
1930 2742 2699 2813 savage gleam from the eyes of a half¬
1924 2794 2705 2866 seen, silently crouching animal. So
1925 2839 2699 2910 evidently unhealthy was this perform¬
1930 2887 2700 2959 ance that a more robust rendering of
1934 2947 2710 3010 The Father at another theatre gave a
1939 2991 2711 3066 zertain relief, even to the admirers of
1936 3043 2709 3119 Strindberg. The intense seriousness
1946 3096 2698 3163 vith which these plays are taken is in¬
1934 3145 2702 3216 dicatedbythetotal absence of applause.
1950 3203 2719 3263 The audiences are mainly young men
1945 3256 2450 3317 and middle-aged women.
