3532 4224
363 132 886 238 11. Reigen
1069 142 1482 229 box 18/2
667 527 1336 647 Klose & Seidel
710 635 1285 705 Bureau für Zeitungsausschnitte
660 687 1334 758 Berlin NO. 43, Georgenkirchplatz 21
1063 737 1476 835 e ceitung
638 839 828 915 Zeitung:
1316 809 1424 923 47
941 878 1233 985 Breslau
630 908 743 982 Ort:
642 978 840 1056 Datum:
1135 1055 1334 1155 14
901 1066 1192 1164 —
943 1208 1506 1304 Aus Kunst und Leben.
648 1252 1799 1367 d. Arthur Schnitzlers berüchtigter „Reigen“ ist jetzt am
579 1273 1815 1401 Gegenstand eine#rreinen Aufrage im Preußischen Landta,
576 1332 1816 1444 geworden. Hierauf hat nun Minister Dominicus eine schrift¬
581 1378 1808 1479 licheAntwort erteilt, in der er auf die Entscheidung der sechsten
581 1415 1813 1523 Zißkammer des Landgerichts III Berlin hinweist, worin die
579 1452 1811 1557 Ungttlichkeit der „Reigen“=Aufführung verneint wurde. Dem
580 1497 1818 1595 gegenüber habe aber die 6. Strafkammer des gleichen Land¬
579 1532 1812 1627 gerichts die Aufführung des „Reigens“ als „Vornahme un¬
573 1571 1814 1675 züchtiger Handlungen“ und die Einstellung des Verfahrens
577 1610 1812 1712 gegen die bei der Aufführung Mitwirkenden nur als vor¬
567 1643 1801 1744 läufige bezeichnet, „weil bisher die subjektiven Merkmale der
575 1678 1795 1788 Kenntnis des unzüchtigen Inhalts der Aufführung und damit ohne
566 1718 1800 1824 weiteres auch das Bewußtsein davon, daß sie Argernis zu erregen
559 1758 1804 1854 geeignet sei“ bei den Angeschuldigten nicht hinreichend festzustellen
565 1801 1804 1896 gewesen sei. Sollte das daraufhin von seiten der Oberstaatsanwalt¬
568 1831 1789 1936 schaft beim Landgericht III eingeleitete neue Verfahren zu einer
562 1875 1796 1973 rechtskräftigen Verurteilung führen, so wäre damit allerdings
564 1912 1090 1976 eine neue Lage gegeben.
1088 1937 1801 2016 — Es ist dringend zu wünschen, daß
555 1945 1791 2050 diese „neue Lage“ sich möglichst beid ergibt, damit endlich dem
556 1982 1802 2106 Rechtsempfinden aller anständig empfindenden Menschen Genüge¬
559 2021 718 2088 geschieht.
721 2343 1390 2483 Klose & Seide
768 2454 1345 2535 Bureau für Zeitungsausschnitte
724 2497 1393 2585 Berlin NO. 43, Georgenkirchplatz 21
681 2652 885 2733 Zeitung:
871 2626 1231 2739 Zeiger.
685 2719 795 2789 Ort:
825 2760 1177 2850 19606
681 2797 1403 2889 Datum:sasseseReeseeAeeAAeeeeer
716 2867 938 2966 —
738 2927 776 2977 4.
943 2907 1113 3003 1921
534 2964 1368 3045 Arthur Schnitzlers Reigen ist jetzt Gegen¬
495 3030 1368 3073 stand einer kleinen Anfrage im preußischen
495 3071 1358 3115 Laudtag geworden. Hierauf hat nun Minister
485 3103 1369 3157 Deminicus eine schriftliche Antwort erteilt, in
482 3144 1365 3193 derer auf die Entscheidung der sechsten Zivil¬
485 3186 1365 3231 kau##c des Landgerichts III Berlin hinweist,
485 3219 1365 3270 wor# die Unsittlichkeit der Aufführung des
482 3263 1369 3313 Reigens verneint wurde. Demgegenüber aber
485 3298 1358 3351 hat die sechste Strafkammer desselben Land¬
495 3343 1372 3393 gerichts die Aufführung des Reigens als „Vor¬
495 3389 1359 3432 nahme unzüchtiger Handlungen“ und die Ein¬
494 3422 1364 3472 stellung des Verfahrens gegen die bei der Auf¬
492 3457 1365 3508 führung Mitwirkenden nur als vorläufig be¬
483 3500 1366 3553 zeichnet, „weil bisher die subjektiven Merkmale
492 3542 1359 3589 der Kenntnis des unzüchtigen Inhalts der Auf¬
489 3576 1362 3628 führung und damit ohne weiteres auch das Be¬
483 3625 1368 3665 wußtsein davon, daß sie Argernis zu erregen
487 3659 1366 3707 geeignet sei“ bei den Angeschuldigten nicht hin¬
489 3698 1361 3743 reichend festzustellen gewesen sei. Sollte das
485 3733 1366 3779 daraufhin von der Oberstaatsanwaltschaft beim
485 3776 1368 3827 Landgericht III eingeleitete neue Verfahren zu
484 3815 1371 3864 einer rechtskräftigen Verurteilung führen, so
486 3852 1370 3903 wäre damit allerdings eine neue Lage gegeben
542 3896 1363 3944 Drei Daute=Marken zn 15. 25 und 40—#en
2192 348 2982 481 Klose & Seidel
2210 497 2963 572 Bureau für Zeitungsausschnitte
2208 556 2965 630 Berlin IO. 45, Georgenkirchplatz 21
2463 640 2744 746 Zeitung
2168 784 2357 864 Ze###g:
2486 803 2780 911 BTESTAU
2161 896 2359 973 Gosr —
2157 955 2994 1096 Seten:
1955 1080 3190 1198 * Die „Reigen“=Darsteller vor Gericht. Die Leitung des
1907 1150 3196 1239 Berliner „Reigen“=Gastspiels in Krietern schreibt uns: Dank der
1918 1186 3186 1279 unverwüstlichen Hetze gewisser Kreise gegen Arthur Schnitzlers
1922 1226 3190 1319 „Reigen“ hat das Werliner Landgericht gegen eine Reihe
1914 1274 3192 1361 von Darstellernedes Berliner Kleinen Schauspiel¬
1913 1307 3184 1399 hauses Klage begen Begehung unzüchtiger Handlungen auf der
1923 1347 3179 1437 Bühne erhoben, #nd das, nachdem bereits der Urteilsspruch, der
1912 1385 3177 1475 die Aufführung des Werkes für eine „sittliche, bei dem geistig und
1917 1429 3182 1516 moralisch gesunden Menschen keinen Anstoß erregende Tat“ er¬
1909 1464 3176 1551 klärte, gefällt war. Zu dem auf den 5. November angesetzten
1918 1504 3170 1593 Termin sind u. a. auch die zurzeit im Bürgerpark Krieter:
1916 1546 3185 1629 gastierenden Darsteller Fritz Kampers vom Großen, sowie
1904 1586 3180 1675 Hedy Ries=Sulzer vom Kleinen Schauspielhaus Berlin und
1915 1625 3174 1708 das früher am hiesigen Lobe=Theater tätig gewesene Fräulein
1912 1663 3178 1754 Marianne Copony vorgeladen. Als Zeugen sind 20 Personen
1911 1709 3177 1797 aus allen Bevölkerungsschichten, die die Aufführung des genannten
1901 1744 3172 1827 Berlinen=Theaters besucht haben, benannt worden. So merk¬
1911 1787 3180 1871 wüedig dieses ganze Gebaren nicht nur eines Teiles des
1893 1822 3153 1909 Füblikums, sondern auch der zuständigen Gerichtsbehörden ist —
1900 1869 3182 1961 es liefert jedenfalls eine glänzende Illustration zu dem Kaaktel
1894 1904 2395 1959 „Aufhebung der Zensur“.
2134 2163 2930 2338 Klose & Seidel
2163 2314 2915 2422 Bureau für Zeitungsausschnitte
2141 2392 2919 2487 Berlin IO. 45, Georgenkirchplatz 21
2425 2484 2775 2604 MOTS-21
2103 2609 2298 2686 Zelung:
2417 2646 2710 2769 Breslan
2113 2708 2376 2803 Gotr
2095 2816 2770 2963 Beimn:
2080 2978 2938 3061 „Die „Reigen“=Darsteller vor Gericht
2060 3031 3001 3107 Dank,er Hetze gewisser Kreise gegen Arthur
2045 3074 3005 3140 Schnsßles „Reigen“ hat das Berliner Land¬
2044 3119 2987 3175 gerich gegen eine Reihe von Darstellern des Ber¬
2044 3158 2998 3215 liner Weinen Schauspielhauses Klage wegen Be¬
2043 3198 3008 3259 gebunck unzüchtiger Handlungen auf der Bühne er¬
2036 3291 2996 3351 hoben, und das, nachdem bereits der Urteilsspruch,
2037 3337 2992 3388 der die Aufführung des Werkes für eine „sittliche,
2041 3382 2996 3429 bei dem geistig und moralisch gesunden Menschen
2045 3414 2995 3463 keinen Anstoß erregende Tat“ erklärte, gefällt war.
2036 3452 2985 3504 Zu dem auf den 5. Novemben angesetzten Termin
2034 3498 2993 3544 sind u. a. auch die z. Zt. im Bürgerpark Krie¬
2037 3539 2989 3584 tern gastierenden Darsteller Fritz Kampers vom
2037 3573 2980 3620 Groß, sowie Hedy Ries=Sulzer vom Kleinen
2038 3618 2995 3668 Schauspielhaus Berlin und das früher am hiesigen
2039 3656 2997 3701 Lobe=Theater tätig gewesene Fräulein Marianne
2035 3701 2993 3746 Copony vorgeladen. Zu Zeugen sind 20 Personen
2036 3733 2993 3782 aus allen Bevölkerungsschichten, die die Aufführung
2040 3770 2996 3830 des genannten Berliner Theaters besucht haben, be¬
2035 3813 2314 3878 nannt worden.
