3392 4352
940 147 1356 252 box 17/6
240 156 761 279 11. Reigen
2343 397 2649 551 1921.
449 466 1485 549 Wien, Samstag, den 12. Februar
1566 586 2698 658 schaffen, die nach Belieben parteipolitisch ausgenützt werden
1561 647 1726 720 können.
476 626 1449 727 Die Abgeordneten und der
1645 694 2694 753 Es ist jedoch nicht mehr die Zeit für parlamentarische
1557 722 2695 788 Einzelschlachten. Es ist ein himmelschreiendes Unrecht, ein
780 709 1133 816 „Reigen“.
1565 782 2686 844 Volksverrat an Oesterreich, über etwas anderes zu verhandeln
425 794 1482 883 Die Fortsetzung der Aufführungen trotz des
1564 821 2698 889 als über das Heil des Landes und undere Wünsche walten
1560 887 2692 932 zu lassen als die Sehnsucht nach Rettung und Erneuerung.
711 857 1068 961 EIE Rr8#.
1556 925 2692 976 Von rechts wie von links müßte alles vermieden werden, was
681 922 852 1018 WIEN
1108 921 1494 1023 Wien, 11. Februar.
1572 967 2702 1020 dem Auslande den Vorwand bietet, uns herabzuwürdigen
1555 1018 2700 1067 und was den Eindruck der bübischen Verspieltheit mit sich
473 1012 1529 1075 Die Engländer nennen solche Leute Faddisten. Das
1559 1053 2696 1110 bringt. Wie soll es verstanden werden, wenn ein Mann in
396 1059 1515 1119 sind Menschen ohne Sinn für das Wesentliche, Wichtigtuer,
1560 1100 2692 1166 der Stellung des Präsidenten Seitz förmlich die Revolution
388 1107 1520 1160 die sich mit wahrer Wollust dem Unbedeutenden widmen.
1566 1152 2691 1211 an die Wand malt, wenn die Bundesregierung den Versuch
404 1153 1525 1215 Ein Weltuntergang findet solche Menschen damit beschäftigt,
2506 1195 2698 1255 Welche
1566 1197 2504 1250 machen wollte, die Aufführung zu verhindern.
394 1199 1524 1259 dem Gegner eine Bosheit anzuhängen. Bei einer Feuers¬
1565 1244 2699 1301 Schande für das Parlament, daß die Abgeordneten beinahe
398 1246 1525 1304 brunst, wo alles in Asche fällt, werden sie vielleicht zanken,
1564 1290 2700 1347 mit den Fäusten aufeinanderschlagen, alles aus Wut wegen
398 1296 1530 1346 weil der Nachbar sich bei der Flucht ein wenig vordrängt.
1568 1339 2685 1390 der Aufführung des „Reigen“! Niemand kann leugnen,
390 1342 1520 1394 Der Staat geht in Trümmer, die Hoffnungslosigkeit brütet
1565 1387 2690 1441 daß dieses Stück bei vielen Zuschauern Empfindungen her¬
386 1382 1529 1447 über diesem Lande, die Kinder welken dahin und die Ziffern
1570 1426 2694 1477 vorruft, die nicht mehr als künstlerische bezeichnet werden
391 1429 1525 1487 des Defizits sind wie das Dröhnen einer Sturmglocke. Aber
1560 1477 2691 1542 können, und daß trotz aller Genialität die Beimischung des
391 1476 1529 1532 die Herren im Parlament lassen sich nicht stören. Sie haben
1567 1521 2688 1575 im schlechten Sinne Lüsternen nicht ausgeschlossen ist. Ebenso¬
391 1529 1519 1591 viel Besseres zu tun, als den Geldwert zu retten, die Raserei
1569 1565 2696 1618 wenig jedoch kann dieses Herumtasten von Erlaubnis zu Verbot,
389 1566 1523 1633 der Ausgaben einzudämmen und sämtliche Posten des
1565 1610 2684 1660 von Läßlichkeit zu äußerster Strenge der Sachlage entsprechen.
391 1618 1525 1678 Voranschlages zu prüfen. Mit solchen Kleinigkeiten geben
1564 1661 2692 1712 Der Konflikt muß rasch beseitigt werden, weil sonst die
396 1667 1523 1729 wir uns nicht ab und auf einige Milliarden mehr oder
1565 1698 2686 1761 Bundesregierung in eine ähnliche Lage käme wie die Re¬
401 1707 1531 1774 weniger kommt es ohnehin nicht an. Wir halten es mit der
1556 1748 2692 1802 gierung während der französischen Revolution, als das Rat¬
394 1758 1523 1811 Weisheit des Wurzelsepp: Es kann dir nix g'scheh'n, denn
1565 1789 2691 1852 haus von Paris stärker war als das Ministerium und nichts
403 1808 1530 1870 irgendwie werden wir schon im April zu essen haben, ob mit
1565 1847 2524 1908 geschehen konnte, was die Commune nicht gestattete.
394 1850 1524 1913 Zetteldruck oder auf Kredit, ob mit türkischer Kontrolle oder
1655 1880 2700 1942 Die ganze Oeffentlichkeit wird sich jedoch in der Forde¬
391 1899 1517 1955 auf eigene Hand, ist gleichgültig. Das russische Nitschewo,
1571 1931 2692 1992 rung vereinigen, daß die Abgeordneten endlich begreifen
402 1948 1530 2004 die lähmende Wurstigkeit, das vollkommene Versagen jedes
1566 1980 2694 2033 mögen, was die Stunde gebietet. Mit Zittern muß daran
403 1995 1520 2052 politischen Ernstes, das alles zeigte sich während der Rede
1569 2028 2693 2086 gedacht werden, wie das Ausland von uns denken wird und
394 2040 1530 2109 Dr. Grimms, die vor leeren Bänken gehalten wurde, vor
1558 2069 2694 2129 welche unberechtigten Schlüsse aus solchen Episoden gezogen
390 2082 1528 2144 ein paar Dutzend Abgeordneten, in einem gelangweilten,
1566 2120 2695 2179 werden. Wir haben eine amerikanische Zeitschrift vor Augen,
406 2127 903 2199 schlecht besetzten Hause ...
1563 2165 2693 2218 in welcher der Hilferuf der europäischen Mütter zur Dar¬
491 2192 1523 2258 Aber siehe, dieses tote Parlament erwacht zum Leben.
1565 2207 2700 2267 stellung gelangt und wo mit einer Herzlichkeit, die jeden wie
394 2238 1522 2295 Vorüber die Lethargie, abgetan die Mattigkeit und wie
1564 2262 2700 2313 eine Wohltat berührt, das Schicksal Oesterreichs behandelt
406 2287 1527 2351 elektrisiert die Atmosphäre. Plötzlich ist das Interesse
1555 2299 2702 2350 wird. Werden es die Mildtätigen verstehen können, daß die
404 2333 1530 2396 lebendig, erhitzt sich die Debatte und erregen sich die
1557 2343 2693 2397 Parlamentarier sich wegen des „Reigen“ in den Haaren
404 2380 1526 2445 Abgeordneten. Woher kommt diese Aenderung? Weil es
1562 2393 2702 2448 liegen, wird man es ihnen klarmachen können, daß es sich
394 2424 1519 2484 sich, mag tausendmal die Verfassungsfrage vorgeschützt
1565 2445 2703 2496 wiederum nur um eine Folge unserer schauerlichen Lage
394 2473 1522 2538 werden, um das berühmte Theatertinterl des Vormärz
1567 2488 2692 2552 handelt? Denn tatsächlich leben wir heute wie im Vor¬
400 2519 1530 2587 handelt, um jene Kulissenluft, die ganz Oesterreich durch¬
1565 2537 2699 2591 märz. Genau so wie damals herrscht eine Sklaverei, welche
405 2573 1533 2633 dringt, und um jenen Bühnenklatsch, der die Wiener so
1555 2581 2691 2638 die Willensäußerung lähmt, die Tatkraft zu Boden drückt
395 2599 1521 2674 leicht in Schwingung bringt. Andere Menschen können es
1573 2624 2694 2679 und jeden entschiedenen Vorstoß des Selbsterhaltungstriebes
402 2658 1522 2730 kaum ertragen, sich jetzt mit Nebensächlichem zu befassen.
1561 2672 2703 2726 hindert. Nur kommt die Sklaverei nicht von innen, sondern
399 2703 1523 2780 Die Abgeordneten haben es für richtig gehalten, einen
1563 2715 2697 2770 von außen, und sie ist noch ärger als in der damaligen Zeit,
405 2752 1517 2810 ganzen Sitzungstag über den „Reigen zu reden, während
1572 2768 2691 2821 denn sie ist nicht nur politisch, sondern auch wirtschaftlich
403 2802 1522 2860 das Gespenst der völligen Entmündigung schon umgeht und
1571 2810 2701 2863 und sie ist um so schwerer, weil die Verluste unwieder¬
398 2841 1521 2895 die Messer gewetzt werden, mit denen der letzte Rest unserer
1558 2855 2700 2910 bringlich und die Persönlichkeiten noch schwächlicher sind.
405 2887 1403 2950 Freiheit geschlachtet wird. Man denke nur,
1451 2894 1526 2952 was
1963 2900 2702 2966 wie damals bewirkt das Ueber¬
1563 2904 1828 2964 Aber genau
1819 2900 1956 2966 so
409 2939 1534 2993 geschehen ist. Der Minister des Innern hat es gewagt, über
1568 2949 2689 3006 maß der Erschöpfung, daß sich das Interesse verbköselt,
394 2980 1523 3044 die Majestät des Landeshauptmannes hinweg, ohne Rück¬
1566 2993 2704 3049 daß das Sumpertum sich immer mehr verbreitet und der
408 3022 1525 3084 sicht auf seine Souveränität, das Stück von Schnitzler zu
1564 3035 2693 3089 Sinn für Verhältnismöglichkeit verloren geht. In einem
404 3081 1526 3138 verbieten. Er hat den Hetzereien nachergeben und durch
1565 3086 2697 3134 Lande, das derart niedergeschmettert wurde, wo die
405 3108 1529 3187 eine etwas kühne Auslegung einer verrosteten Verordnung
1563 3126 2702 3183 Ausgaben so sehr die Fähigkeiten übersteigen, da ist es
408 3168 1516 3230 ist ohne den Landeshauptmann das Verbot zustande ge¬
1574 3179 2699 3233 schließlich nicht zu verwundern, daß die Menschen, besonders
402 3215 1532 3277 kommen. Wir sind die letzten, die solche Künsteleien
1571 3222 2696 3282 unbedeutende Menschen, ihre Erregungen dorthin schleudern,
410 3259 1519 3325 billigen. Vor allem schon deswegen, weil, wie sich heraus¬
2343 3268 2693 3341 Das ewige Ver¬
1561 3273 2304 3336 wo Instinkt und Zufall sie hinleiten.
410 3306 1531 3359 stellt, die Bundesregierung gar keine Handhaben besitzt, um
1569 3302 2695 3375 gebens, die ununterbrochene Zerbläuung, die nicht zu
406 3363 1530 3421 ihrem Willen Achtung zu verschaffen. Wir haben heute die
2343 3357 2705 3423 auf das höchste
1572 3348 2316 3421 heilende Krankheit müssen schließlich
404 3399 1525 3451 denkwürdige Tatsache zu verzeichnen, daß die Wiener
1564 3406 2288 3474 irritieren und die parlamentarische
2297 3395 2693 3482 Sittlichkeit zugrunde
398 3435 1529 3491 Behörden einen Vorgang zulassen, welchen die Bundes¬
1566 3445 2287 3507 richten. Der heutige Tag war ein
2328 3454 2699 3519 chwarzer Tag des
413 3496 1534 3555 regierung amtlich verbietet. Wir sehen die Unbeholfenheit
1566 3499 2702 3548 Parlaments und kein Entschuldigungsgrund vermag den
402 3539 1350 3589 mancher leitenden Faktoren und die Anarchie,
1349 3542 1432 3593 Die
1468 3541 1536 3600 sich
1566 3537 2698 3593 Mangel an Staatsgefühl zu rechtfertigen und die Gleich¬
411 3581 1364 3641 immer tiefer eingräbt. Eines ist sicher: Ost
1355 3583 1537 3649 dürfen
1560 3596 2693 3655 gültigkeit in den Zeiten der schwersten Not. Am besten wäre
404 3630 1387 3689 sich solche Fälle nicht wiederholen, denn
1439 3634 1528 3695 sonst
1567 3640 2698 3698 es, diese Sitzung aus den Protokollen des Parlamenes aus¬
398 3674 1526 3726 müßte die Sorge, die bei der Bildung des Mini¬
1572 3688 2702 3756 zulöschen, damit wir nicht vor unferen Kindern und Enkeln
399 3708 1520 3784 steriums geäußert wurde, die Sorge insbesondere
1572 3739 2694 3794 in Schande stehen und damit wir nicht erröten müssen, wenn
399 3749 1523 3835 wegen der Staatsautorität, sich steigern. Die Bundes¬
1571 3775 2695 3836 sie uns fragen, wie wir das Leiden dieses Friedens getragen
399 3799 1529 3870 regierung darf nicht vor aller Augen bloßgestellt werden
1570 3824 2686 3882 haben. Das Defizit kann nicht totgeschwiegen werden und die
402 3862 1525 3923 und sie darf nichts unternehmen, was über ihre Kräfte
1568 3867 2698 3917 Groteske einer Kampfdebatte über den „Reigen“ nach der
394 3900 1533 3969 geht. Sie darf nicht auf dem schmalen Pfade, der ihr
1568 3915 2693 3988 Rede des Finanzministers ist unerträglich. Es war das
400 3959 2124 4017 gegeben ist, ausgleiten und den Gegnern billige Siege ver= Satirspiel nach der Tragödie.
