3532 4224
447 170 564 251 11
1138 169 1560 256 box 18/3
645 180 954 262 Reigen
1163 1175 1265 1228 o.
694 1208 1711 1276 Ansprüche gegen Deutschland. Wenn Amerika und
699 1257 1712 1306 England sich überhaupt dazu verstehen, auf ihre An¬
774 1350 1702 1408 Schwerer, als dankbar zu sein, ist es, die Ansprüche
700 1389 1254 1432 iuf Dank nicht zu übertreiben.
1482 1391 1679 1442 Hebbel.
1081 1456 1326 1553 Reigen.
821 1527 1576 1597 Zehn Dialoge von Artur Schnitzler.
781 1587 1636 1647 (Erstaufführung im Schauspielhaus am 22. Januar.)
763 1612 1705 1688 Da sitze ich nun und komme mir, ich weiß nicht wie,
684 1670 1693 1728 vor; denn ich habe am Samstag abend als ganz selbst
690 1713 1699 1760 verständlich vorausgesetzt, daß es unbedingt einen Riesen¬
693 1751 1700 1811 skandal geben werde, nein; geben müsse. Und, weshalb
689 1793 1697 1840 soll ich es nicht sagen: ich war gar nicht gut zu sprechen
691 1838 1692 1892 ruf die Schauspielhausdirektion, weil sie es unternahm
694 1877 1696 1927 nun auch nach Berlin und Wien Schnitzlers Reigen¬
689 1912 1692 1967 Dialoge aufzuführen. Ich war fast wütend auf sie. Wen
693 1955 1703 2012 sie alles zu hören bekommen hätte, was ich so bei mir auf
683 2001 1697 2045 sie geschimpft habe, sie wäre wahrscheinlich nicht über¬
686 2043 1701 2084 mäßig erfreut gewesen. Ich glaubte übrigens auch meine
687 2077 1700 2138 guten Gründe zu haben, so aufgebracht zu sein. Es soll
693 2120 1245 2170 gleich noch davon die Rede sein.
760 2160 1694 2213 Und jetzt — ist alles das zerstoben und wie vom Wind
686 2203 1695 2249 weggeweht; de n es hat keinen Skandal gegeben. Auch
688 2238 1688 2288 nicht den kleinn. Die Situation war den ganzen Abent
678 2271 1700 2334 über nicht einen Augenblick irgendwie gefährdet. Man
679 2320 1691 2371 nahm die ersten Szenen schweigend hin. Als aber in der
681 2361 1700 2411 vierten oder fünften die Nicoletti, die zur allgemeinen
678 2396 1694 2455 Ueberraschung plötzlich wieder im Personenverzeichnis des
687 2436 1687 2489 Schauspielhauses erschienen ist, in ihrer alten Weise ein
686 2477 1696 2530 süßes Mädel wirklich sehr süß und lieb spielte, da gab es
673 2518 1688 2571 kräftigen Beifall, der dann auch den folgenden Szenen bis
672 2566 1687 2613 zum Schluß treublieb. Und man ging mit dem Gefühl
679 2608 1683 2655 einen amüsanten Abend verlebt zu haben, aber durchaus
680 2644 1682 2691 gicht irgend etwas besonders Aufregendes. Jedenfall¬
679 2685 1680 2737 düre der Vergleich mit Wedekinds „Büchse der Pandora
672 2730 1684 2783 gänglich verfehlt; denn hier ist es die nüchterne Tatsächlich¬
673 2763 1681 2813 keit all des Widerwärtigen, die aufreizt und einen immn
677 2810 1692 2853 wieder zu lautem. leidenschaftlichem Protest gegen die
674 2841 1685 2894 öffentliche Entleerung dieser üblen Büchse zwingt. Aber
669 2878 1685 2948 in den Reigenszenen Schnitzlers, in denen immer nur das
677 2923 1681 2979 Natürliche, nie das Perverse oder Schlechthin=Gemeine ge¬
678 2963 1686 3024 schieht, entwaffnet der Ton, mit dem über diese Dinge als
672 3003 1679 3065 über Selbstverständlichkeiten, die im Grunde gar nicht so
661 3040 1678 3105 wichtig sind, hinweggegangen wird. Das Erotische ist wohl
673 3083 1675 3152 entral= und Ausstrahlungspunkt jeder Szene, aber das
945 3207 1359 3309 T00e
2256 1174 2747 1242 .Durst, wenn man
1746 1230 2730 1283 den Beweggrund des privaten Vorteils den Unter
1741 1278 2733 1328 nehmern wegnehmen würde. Reichtum sei kein greif
1744 1356 2733 1411 Avant und das Aprés, die Psycholegie der Liebestechni
1732 1395 2730 1451 (Eroberung und „Abbau"), ist das Wichtigere und Wesent
1738 1430 2739 1499 liche. Und vor allem: es ist der Humor, der wärmende,
1736 1486 2735 1537 entwaffnende Wiener Humor, der sich wie ein Mantel
1738 1518 2730 1577 über alle Blößen legt und uns vergessen läßt, daß unte
1739 1560 2731 1611 dieser Hülle Dinge kaum verborgen sind, die das heile
1737 1596 2735 1657 Rampenlicht und die Blicke zahlreicher Zuschauer nicht er¬
1730 1641 2733 1689 tragen. (Es läßt sich gar nicht ausdenken, wie dieser
1743 1678 2733 1739 Reigen“ geworden wäre, wenn ihn ein Berliner ge¬
1736 1717 2004 1774 schrieben hätte!
1806 1764 2741 1825 Aber ist es denn nicht gerade die Erkenntnis von dieser
1735 1804 2729 1859 feinen, diffizilen Stuktur der Reigendialoge gewesen, die
1730 1850 2733 1910 unseren Widerstand gegen jede Realisierung auf der
1736 1883 2737 1936 Bühne wachgerufen hat? Sicher war es so. Wir haben
1735 1931 2734 1983 nicht anders geglaubt, als daß es absolut unmöglich sein
1735 1964 2725 2016 werde, diese Szenen ohne Zerstörung ihres Wesentliche
1738 2008 2726 2064 n die Wirklichkeit zu übertragen. Denn, so kalkulierten
1739 2050 2724 2110 vir: den oben angedeuteten Zentralpunkt jeder Szen
1731 2088 2739 2134 müsse man notgedrungen als undarstellbar vollständig
1730 2129 2727 2183 ausschalten; dann aber hätte das Avant und das Aprös
1726 2169 2734 2228 keinen Sinn mehr, da ihm ja die unentbehrliche psycho¬
1737 2217 2730 2262 ogisché Grundlage fehle. Also müsse man gegen eine
1734 2248 2723 2300 Aufführung schon im Interesse des Dichters protestieren
1726 2290 2721 2335 denn die (bereits 1896/97 geschriebenen) Dialoge, in dene
1724 2328 2725 2388 die letzten Konsequenzen des Anatolthemas gezogen sind
1732 2369 2732 2424 gehören immerhin zu dem besten, was wir von Schnitzler
1727 2413 2724 2463 haben. Und das wollten wir, auch in Erinnerung an eine
1725 2450 2720 2501 Münchener Aufführung der Szenen vor etwa zwanzi
1725 2491 2729 2534 Jahren, der als fatales Nachspiel die Auflösung des Akade¬
1730 2532 2731 2592 misch=Dramatischen Vereins gefolgt war, nicht gerne noch
1733 2570 2372 2622 einmal angetastet und entstellt sehen.
1803 2601 2721 2668 So also haben wir kalkuliert und. gerechnet. Aber die
1719 2633 2716 2699 Rechnung war falsch. Und woran liegt das nun? Die Ant
1718 2695 2723 2737 wort ist einfach: es hat jemand diese Szenen, ohne ihren
1722 2734 2716 2778 Grundcharakter irgendwie zu verändern, noch einma
1727 2776 2728 2819 eigens für die Bühne gedichtet. Dieser jemand aber ist
1731 2813 2708 2863 liemand anderer als die Regie. Oder sagen wir es gleich
1727 2851 2723 2904 Frau Körner. Ich kann natürlich, da ich die aus¬
1726 2893 2721 2945 wärtigen Aufführungen nicht kenne, nicht sagen, wievie
1719 2938 2722 2978 von dieser Regielat geistiges Eigentum der Frau Körner
1714 2974 2717 3018 ist. Aber selbst angenommen, es wäre alles nur Kopie:
1715 3017 2720 3058 die Leistung an sich bleiht diselbe. Ihr Verdienst aber ist.
1722 3057 2711 3109 kurz gesagt: alles Crotische ist so behandelt, daß es, ohn
1709 3094 2717 3139 Zeit zu haben, irgendwie erregend zu wirken, rasch vor¬
2771 1175 3049 1255 ungefahr .
2779 1234 3434 1305 getreide ausgewiesen werden, der
2779 1285 3384 1338 fuhrbedarf an Futtergetreid
2772 1370 3381 1426 übergeht. Es tut, im dramatischen
2770 1410 3362 1471 keit, weiter nichts. (Rein technisch
2769 1451 3340 1500 durch jedesmalige Verdunkelung
2765 1487 3473 1545 Augenblicke und durch die Mitwirkun#e
2765 1537 3461 1581 wirkt, der immer nur hann sichtbe#wil
2764 1572 3443 1619 darstellbare verdeckt werden soll.) Das
2765 1616 3475 1657 wird auf den Humor der Sache und ##
2760 1657 3470 1720 beschwertheit der Darstellung und des D
2846 1700 3460 1759 Man ist sich in jedem Augenblick n
2767 1749 3454 1796 Ironisierung aller dieser von vielen so
2770 1796 3445 1845 genommenen Dinge durch den witzigen
2764 1832 3463 1885 bewußt. Das rein Erotische ist schon
2767 1867 3468 1916 Szenen fast vergessen, und man freut sie
2772 1916 3476 1970 n den gewagtesten Momenten nur noch
2768 1951 3468 1996 Anmut und der wienerischen, zuweilen
2769 1989 3478 2038 talen Grazie, mit der hier Typen aus a
2761 2028 3472 2080 Gesellschaft gleich Marionetten an Schnü
2762 2068 3465 2129 den. Alles das aber ist fast ausschließli
2757 2114 3468 2170 Regie, die sich in diesem Fall wirflich ein
2764 2151 3469 2199 Nachschöpfe#n bewehrt hat. Sie hat
2763 2194 3478 2242 Scheinende möglich gemacht und uns di
2771 2239 3472 2296 chon zu schleudern gesonnen waren, m
2765 2276 3469 2325 aus den Händen gewunden. Und es hätte
2768 2318 3465 2363 aß wir zum Schluß Lust verspürt he
2770 2355 3475 2406 Steine Vlumen auf die Bühne zu werfe
2839 2397 3469 2451 Die zehn Darsteller — die Dame
2752 2433 3463 2490 Bertram, Tiedemann, Nicole
2753 2482 3459 2536 die Herren Weydner, Götz, Schar
2765 2524 3470 2582 brück, Günther — hätten sicherlich
2763 2569 3479 2618 spenden verdient; denn sie haben ohne
2753 2609 3439 2661 Sache gans reizend gemacht, jedes in
2759 2647 3470 2696 Weise und alle zusammen als gehorsame
2756 2693 3398 2740 mit Tackl formenden Regiewillens.
2751 2729 3465 2784 nicht jede Leistung einzeln analysiren kan
2758 2766 3189 2827 Aufgabe, die sich lohnte.
2825 2818 3461 2875 Das wäre also, was ich über diesen
2749 2847 3463 2905 habe. Es ist ganz anders ausgefallen, als
2762 2901 3468 2948 Jedoch: die Wahrheit verlangt es so.
2752 2947 3469 2997 wie nichts, worüber man „von amtswege
2750 2981 3466 3029 müßte, wenn man auch nicht gerade wü
2761 3018 3482 3075 ie heranwachsende Jugend sich diese Sze
2754 3061 3482 3107 ansieht. Aber das ist nicht entscheidend.
2751 3109 3481 3165 etwa noch vorwerfen möchte, ich hätte mic
