3392 4352
281 2761 315 2804 1
995 123 1415 214 box 17/3
310 127 810 230 11. Reigen
685 1170 1459 1266 Dr. Max Goldschmidt
765 1254 1384 1340 „ Bureau für ..
820 1325 1319 1409 Zeitungsausschnitte
575 1402 1547 1457 verbunden mit direktem Nachrichtendienst durch
830 1447 1308 1509 eigene Korrespondenten.
631 1501 962 1572 Berlin N. 24.
1123 1512 1487 1579 Telephon: III, 3051.
588 1560 1559 1618 —
869 1610 1262 1693 Ausschnitt aus
736 1823 1476 1934 Breslauer Morgen-Zeitung
1148 2013 1467 2132 72 N0L 1903
399 2113 1597 2190 Der verbotene „Reigen“. Herr Hermann Bahr, der in Wien
319 2183 1585 2227 die dramatische Skizzensammlung „Reigen“, seines Freundes Artur
329 2225 1593 2267 Schnitzl###worlesen wollte, ist wie bereits gemeldet, von einem
319 2260 1585 2314 polizerlichen Verbot betroffen worden. Darauf eilte Herr Bahr mutig
325 2304 1594 2347 zum Herrn Ministerpräsidenten von Körber. Er berief sich darauf,
332 2336 1585 2388 aß das Stück in München ungehindert zur Aufführung gelangt sei und
328 2369 1588 2417 eine bramatische Darstellung doch stärker als eine bloße Vorlesung wirke.
335 2406 1585 2461 Ferner führte er an, der „Reigen“ sei in 10000 Exemplaren verbreitet
319 2444 1593 2494 und es sei unwahrscheinlich, daß irgend jemand der Vorlefung beiwohnen
323 2484 1594 2532 würde, der das Werk nicht ohnehin' schon aus der Lektüre kenne. Endlich
326 2530 1587 2571 sprach er seine Verwunderung darüber aus, daß die Zensur unliterarischen
326 2557 1585 2614 Werken gegenüber sehr nachsichtig sei, gegen Werke von ausgesprochen
325 2599 1588 2653 literarischem Charakter jedoch sogleich sehr streng werde. Der Minister¬
337 2638 1598 2689 räsident äußerte sich über die literarische Tätigkeit Schnitzlers sehr an¬
328 2677 1588 2725 erkennend, bemerkte, daß Verschiedenheiten in der Beurteilung des¬
342 2710 1588 2763 elben Werkes an verschiedenen Orten unvermeidlich seien; berief sich
330 2759 1596 2800 darauf, daß ja auch umgekehrt Werke, die bei uns erlaubt seien, in
343 2794 1602 2839 deutschland verboten sind, und erklärte zum Schlusse Herrn Bahr, daß er
334 2831 1593 2883 ihm nur wenig Hoffnung auf die Freigebung des Werkes für eine öffent¬
304 2863 1590 2929 liche Vorlesung machen könne. Herr Bahr hat gegen das Verbot der
285 2902 1267 2960 diVorlesung den Rekurs an die Statthalterei ergriffen.
2154 140 2927 264 Dr. Max Goldschmidt
2312 234 2785 333 Bureau für ..
2283 306 2768 407 Zeitungsausschnitte
2050 366 3005 468 verbunden mit direktem Nachrichtendienst durch
2279 435 2757 506 eisene Korrespondenten.
2092 471 2409 562 Berlin N. 24.
2569 506 2943 575 Telephon: III, 3051.
2089 537 2924 626 —
2316 600 2728 701 Ausschnitt aus
2298 861 3012 955 Iimsstrirtes Wiener Extrablatt.
2565 1037 2896 1155 5- N0K 1903
2044 1155 2861 1287 — Theaterzeitung.
2059 1268 3035 1379 Hermann Bahr beim Ministerpräsidenten.
2055 1340 3034 1458 Zum Verbote der Vorlesung von Arthur
2286 1416 2807 1488 Schnitzter's „Reigen“.
2168 1460 3037 1543 Wie Dhielt H#m Bahr vor
2070 1515 3030 1597 mehreren Tagen die polizeiliche Verständigung, daß
2850 1558 3032 1616 Arthur
2062 1572 2852 1641 ihm die beabsichtigte Vorlesung von
2385 1590 3042 1662 „Reigen“ im Bösendorfer¬
2061 1620 2369 1687 Schnitzler's
2071 1643 3039 1721 Saale nicht gestattet werden könne. Gegen diese
2077 1689 3042 1764 Entscheidung ergriff Bahr den Recurs an die Statt¬
2069 1757 2221 1817 halterei.
2188 1759 3045 1844 Gestern sprach Bahr in dieser Angelegenheit
2174 1828 2983 1894 Ministerpräsidenten Dr. v. Koerber vor.
2080 1837 2170 1906 beim
2179 1853 3045 1937 Bahr wies zunächst darauf hin, daß in
2070 1902 3034 1977 München eine Aufführung des „Reigen“ erfolgt
2084 1941 3042 2025 sei. Eine dramatische Aufführung wirke doch
2074 1993 3039 2061 viel stärker, drastischer und handgreiflicher, als eine
2082 2030 3045 2108 bloße Vorlesung und es komme ihm daher der
2318 2069 3042 2144 zwichen den Entscheidungen der
2084 2094 2295 2150 Widerspruch
2084 2098 3058 2187 Münchener Behörde, welche das Werk passiren
2090 2163 3049 2229 ließ, und der Wiener Behörbe, welche mit einem
2089 2214 2733 2284 Verbote vorgehe, recht seltsam vor.
2212 2215 3049 2318 Dr. v. Koerber erwiderte, es möge immer¬
2089 2285 3054 2363 hin dem Laien befremdlich erscheinen, wenn drama¬
2101 2322 3054 2399 tische Werke an verschiedenen Orten seitens der Be¬
2094 2375 3054 2442 hörden eine verschiedene Beurtheilung finden, aber
2094 2414 3059 2483 in der Praxis sei dies nun einmal unvermeidlich.
2094 2461 3064 2526 Wenn manche Werke in Oesterreich verboten sind,
2096 2494 3075 2574 die in Deutschland erlaubt sind, so sind umgekehrt
2990 2534 3067 2597 in
2098 2538 2994 2610 manche Werke in Deutschland verboten, die
2102 2594 2547 2663 Oesterreich erlaubt sind.
2218 2604 3067 2700 Hermann Bahr bemerkte sodann, daß der
2114 2659 3075 2743 „Reigen“ in zehntausend Exemplaren in Oesterreich
2110 2705 3079 2782 verbreitet und daß es höchst unwahrscheinlich sei,
2108 2750 3070 2828 daß zu der Vorlesung im Bösendorfer=Saale auch
2107 2788 3081 2864 nur eine Person gekommen wäre, welche nicht aus
2113 2838 3082 2916 der Lectüre des Werkes ganz genau gewußt hätte,
2104 2886 2596 2966 was sie zu erwarten habe.
2235 2907 3081 2988 Der Ministerpräsident erwiderte,
2116 2968 3094 3044 es sei zweifellos, daß ein Werk in der Lecture einen
2115 3001 3084 3093 geringeren Eindruck mache, als im öffentlichen
2133 3070 2293 3130 Vortrage.
2238 3068 3086 3161 Schließlich gab Hermann Bahr seiner Ver¬
2116 3137 3097 3202 wunderung Ausdruck, daß Werke erotischen Inhalts,
2132 3170 3102 3243 wenn sie absolut unliterarisch sind, von der Behörde
2128 3209 3104 3290 mit der größten Nachsicht und Milde behandelt
2122 3256 3105 3332 werden, und daß sich diese Milde und Nachsicht,
2128 3296 3110 3368 wenn es sich um ein Werk von ausgesprochen
2134 3345 3104 3419 literarischem Charakter handle, sofort in Strenge
2127 3405 2322 3477 verwandle.
2236 3424 3110 3503 Dr. v. Koerber belonte in seiner Er¬
2134 3478 3112 3544 widerung, es scheine ihm, daß die literarische
2137 3512 3094 3586 Production in erotischen Dinge
2122 3574 3080 3636 eßtweiter gebe als es aus öffent¬
2110 3617 3085 3677 lichen Gründen zulässig sei. Im
2118 3667 3088 3718 Uebrigen nahm der Ministerpräsident zur Kenntniß,
2128 3710 3086 3770 daß Bahr den Recurs an die Statthalterei geleiter
2120 3748 3091 3803 habe. Die endgiltige Entscheidung behalte er sich vor,
2121 3797 3083 3856 doch könneer nur geringe Hoffnungen
2107 3841 2957 3905 machen, daß der „Reigen“ freigegeben werde.
3074 3849 3131 3931 *
