3532 4256
367 126 516 202 11.
565 138 871 221 igen
244 1801 816 1860 nicht befriedigt werden können.
235 1842 814 1896 en Beamten, denn sie könnten
241 1885 775 1935 schaffen, wenn keine da sind.
228 1929 805 1988 gerl.)nimmt die Wohnungsamts
241 1987 812 2056 ürgerl.) richtet eine Anfrage an
239 2051 807 2095 an, was er gegen die geplante
223 2081 806 2134 en“ und der „Flamme“ vor
229 2121 807 2168 eater zu tun gedenke. Auch die
229 2163 804 2214 hevölkischen Schutz= und Trutz
230 2194 805 2248 ean den Gemeinderat gerichte
237 2234 810 2293 n. Der Stadtrat hat dazu er¬
229 2272 707 2327 cht verboten werden kann.
247 2303 813 2369 Günther (Bürgerl.) erklärt,
260 2346 802 2402 Skandal sein wurde, als Er
260 2395 810 2455 sittlichen Gründen gegen die
233 2445 806 2527 komm.) bemerkt, daß von den
227 2509 804 2563 ührungen kaum besucht werder
240 2542 817 2598 die sich darüber aufregten.
225 2577 817 2640 hzugehen und schließt mit den
230 2620 721 2677 die bürgerliche Gesellschaft.
241 2659 809 2719 lze (Bürgerl.) erklärt ebenfalls,
237 2703 805 2752 en die Entsittlichungen weiter
237 2741 807 2789 bedauerlich, daß die Stadt keine
246 2777 727 2833 Internehmen zu verbieten.
755 2785 795 2839 C
229 2818 817 2890 liche Publikum ganz entschieden
230 2860 289 2911 en.
238 2885 811 2953 beurteilt die Aufführung vom
236 2936 800 2996 t aus und meint, daß den
233 2974 340 3026 hüßte.
242 3006 821 3071 .S.) hält die Sache auch nicht
246 3053 806 3109 die die Aufführungen besuchen
247 3090 506 3144 osten kommen.
227 3122 807 3184 meint, daß unter den Besuchern
235 3171 807 3225 ahrscheinlich die bürgerlichen
239 3218 816 3262 rtreten sein werden. Personen
239 3257 811 3311 r Zutritt verboten und damit
232 3284 468 3334 flicht erfüllt
241 3313 808 3378 [M.=S) kritisiert derartige Auf¬
225 3362 806 3420 #ont, daß, wenn niemand hin¬
284 3405 810 3466 derartige Schweinereien für
238 3437 335 3489 nten.
243 3477 817 3538 (U. S.) hat von ehemaligen
250 3519 807 3581 Aufführungen ein künstlerisches
233 3566 813 3613 Dürften. Damit war die un¬
240 3604 813 3653 liche über die Angelegenheit be¬
244 3656 812 3732 ine Anfrage des G.=M. Krause
261 3725 814 3772 erklärt worden war, daß dem
237 3737 816 3808 eine Vorlage über die Regelung
237 3798 819 3847 eständler zugehen würde, wurde
232 3840 809 3902 ussprache in die Tagesordnung
233 3903 817 3964 n der Tiefbauabteilung
245 3941 814 4005 etzung der Schulgebäude.
243 3984 812 4046 elt es sich zunächst nur um die
240 4027 807 4085 imte Arbeiten zu ermöglichen,
232 4063 809 4128 kite erst bei der endgültigen Be¬
254 4111 803 4153 anes zur Erörterung gestellt
1061 125 1467 213 box 18/3
1761 1720 1855 1792 —04
1380 1742 1857 1819 nn
843 1812 1854 1855 Es konnten deshalb nur diejenigen Arbeiten stehen
847 1849 1867 1896 bleiben, deren Ausführung unter allen Umständen
843 1891 1857 1940 dringend erforderlich ist. Im wesentlichen handelt es
852 1927 1865 1978 ich um Wand= und Deckenanstriche der Korridore,
840 1965 1854 2008 Treppenhäuser usw. und um das Blanieren und Teeren
853 2008 1854 2054 er Schulhöse. Das letztere konnte deswegen unbedenk¬
845 2048 1857 2092 lich fallen gelassen werden, weil Teer für derartige
847 2083 1863 2134 Zwecke vom Reich noch nicht freigegeben ist. Außerdem
847 2129 1853 2175 mußten gestrichen werden die sehr teuren Auschlusse für
851 2163 1854 2206 elektrisches Licht in den Physikzimmern und Zeichen
853 2199 1850 2251 älen usw. Auf diese Weise ist es gelungen, den Haus
849 2245 1856 2297 haltplan für diese baulichen Aenderungen der Schul¬
843 2279 1625 2327 gebäude auf 389479,73 M. herabzudrücken.
906 2305 1867 2370 Oberbürgermeister Dr. Herrfurth betont, daß es
846 2352 1860 2410 gar keinen Zweck hätte, gegen die Vorlage noch Vor¬
851 2400 1853 2442 esserungen zu beantragen. Man müßte bei den heutigen
843 2434 1852 2484 ungeheuerlichen Reichsfinanzverhältnissen nur das tun
1726 2474 1853 2524 Sie se
850 2472 1725 2519 was möglich sei und das wolle die Vorlage.
839 2509 1854 2563 nur ein kleiner Teil des Haushaltplanes. Wenn er
841 2554 1863 2597 den Fehlbetrag desselben nennen würde, so würde der
852 2592 1854 2643 Gemeinderat einen Schreck bekommen, wie er ihn auch
837 2632 1852 2672 erleben mußte, als ihm der Voranschlag vorgelegt worder
839 2671 1857 2711 sei. Die Tilgung des Fehlbetrages würde in Zukunft
837 2713 1852 2758 nur möglich sein, wenn eine Herabsetzung des gesamter
852 2742 1860 2801 Verwaltungsapparates um 25 Prozent durchgeführt wirh.
922 2788 1852 2837 Die GG.=MM. Greil und Fugmann wünscher
848 2823 1863 2883 Verbesserung des Zimmeranstriches in den Schuen usw.
920 2863 1856 2910 G.=M Geh. Krause wünscht in Zukunft, daß Teil¬
840 2900 1866 2945 etats nicht vorgelegt werden, wenn dabei nicht auch die
847 2939 1858 2984 Deckung der Ausgaben gesichert vorgelegt wird. Die
836 2978 1851 3038 Umpflasterung der Großen Kirchstraße könnte noch au
852 3022 1446 3062 inige Zeit zurückgestellt werden.
918 3037 1861 3104 Oberbürgermeister Dr. Herrfurth macht dann
840 3094 1859 3143 weitere finanztechnische Ausführungen. Mit der Rück¬
849 3129 1864 3183 stellung der 110000 Mk. für die Große Kirchstraße
845 3176 1427 3227 könnte man einverstanden sein.
925 3206 1810 3266 Stadtbaurat Luthardt verteidigt die Vorlage
909 3256 1875 3313 Bürgermeister Leven beleuchtet die Finanzlage der
848 3284 1523 3335 Stadt und tritt für die Vorlage ein
927 3313 1816 3382 G.=M. Seifarth (Bürgl.) weist als Etatsaussch.
845 3370 1869 3417 mitglied daraufhin, daß man schon allenthalben sparsam
843 3410 1861 3460 vorgegangen sei. Die Umpflasterung der Großen Kirch¬
837 3449 1462 3497 stratze könne aufgeschoben werden.
915 3474 1865 3533 Stadtbaudirektor Riedel führt aus, daß, wenn
845 3527 1861 3575 man die Mittel entsprechend der Vorkriegszeit für das
843 3565 1859 3620 Tiefbauamt hätte einstellen wollen, so hätte man
844 3594 1710 3648 7 bis 8 Millionen Mark veranschlagen müssen.
917 3640 1861 3701 G.=M. Mortag (U. S.) berichtet als Mitglied
847 3679 1203 3725 des Bauausschusses
926 3715 1866 3768 G.=M Greil ersucht um Annahme der Vorlage
841 3762 1860 3806 mit der Anregung des G.=M. Krause, dann würden
848 3798 1492 3847 Mittel für Schulanstriche usw. frei.
925 3828 1861 3884 G.=M. Herter (U. S.) tritt für die Vorlage ein
922 3878 1860 3924 Stadtbaurat Luthardt erklärt, daß man polnischen
839 3907 1864 3964 Zuständen zusteuern würde, wenn man die Vorlage,
851 3953 1018 4009 bändere.
919 3987 1863 4040 Oberbürgermeister Dr. Herrfurth meint weiter
844 4026 1864 4079 daß die polnische Wirtschaft kommen wird, sie wird aber
853 4071 1858 4122 chneber kommen, wenn man nicht mit den Verhältnissen
848 4113 1849 4149 rechnen wollte. Man sollte den Antrag Greil annehmen
1888 757 2901 822 eiträgen für die in diesem Jahre auszuführenden
1939 810 2889 875 Häuser mit je 15000 Mk. Zuschuß = 300 000 Mk.
1889 849 2903 906 zuscheeb für die Straßenherstellung 13000 Mk., Trink¬
1894 900 2897 942 asserzuleitung 72 000 Mk., zusammen 385000 Mk. zu¬
1899 936 2894 986 estimmt unter der Bedingung, daß die Häuser nur
2568 968 2710 1021 werden.
2721 965 2907 1018 Hierzu
1966 970 2557 1028 Kriegsbeschädigte überlassen
1896 982 1966 1027 n
1896 1016 2906 1070 ommen Landesdarlehen in Höhe von 26 300 Mk. pro
1900 1050 2534 1106 aus, zusammen also 526 500 Mk.
1940 1097 2907 1144 Die Mittel für die Bezuschussung der Bauten sollen
1895 1128 2904 1177 rus den der Stadt noch zugesagten Staatsdarlehen für
1895 1164 2901 1220 iusgeführte Privatbauten 1920 mit 271 000 Mk., sowie
1900 1203 2901 1257 en Rest der für 1921 bereitgestellten Mittel in Höhe
1891 1240 2901 1291 ion 22 000 Mk., zusammen 293 000 Mk., wie im Stadt¬
1896 1284 2899 1335 at am 8. Juni beschlossen, entnommen werden. Der
1897 1323 2899 1381 sestbetrag von 7000 Mk. für Banzuschüsse, der Zu¬
1900 1367 2906 1413 chuß für Straßenherstellung von 13000 Mk. und die
1890 1400 2908 1456 stosten für Trinkwasserleitung in Höhe von 72 000 Mk.,
1892 1442 2905 1504 zusammen 92 000 Mk., wären noch besonders zu be¬
1951 1530 2901 1583 Stadtbaurat Luthardt erläutert die Vorlage
1891 1566 2078 1630 eingehend.
1927 1582 2913 1653 G.=M. Jähnig (Bürgerl.) tritt gleichfalls für die
1880 1645 2561 1705 Vorlage ein, die angenommen wird.
1948 1668 2914 1729 2. Herbeiführung der für Geraent¬
1884 1713 2915 1775 sprechenden Feuersicherheit — Feuer¬
1894 1764 2347 1809 wehrgebände betr.
1951 1798 2914 1855 Der Gemeinderat hat zur Regelung der Platzfrage
1891 1830 2917 1890 für das neue Feuerwehrgebäude in Gemeinschaft mit
1895 1886 2917 1941 dem Stadtrat einen Ausschuß eingesetzt, der sich mit der
1894 1919 2587 1983 Angelegenheit eingehend befaßt hat.
1940 1967 2907 2014 Das Mehrheitsgutachten des Ausschusses
1895 2008 2919 2056 geht dahin, das Haus an der vom Bauamt vorgeschla¬
1899 2051 2918 2097 genen Stelle, in der von demselben projektierten Weise
1899 2092 2918 2133 zu errichten und anderweit dafür zu sorgen, daß für
1892 2126 2907 2171 die Schulen an anderer Stelle Turn= und Spielplätze
1896 2166 2919 2211 geschaffen werden. Das Minderheitsgut¬
1894 2203 2914 2256 achten ging dahin, die Motorspritze und die Werk¬
1896 2245 2917 2287 stätten zwar in dem bisherigen Feuerwehrschuppen an
1893 2281 2917 2331 der Ludwig=Jahnstraße unterzubringen, dagegen das
1902 2323 2918 2371 Wohnhaus nicht auf diesem Platz zu errichten, sondern
1894 2360 2908 2408 die Feuerwehrleute in der Nähe einzumieten suchen
1895 2406 2906 2450 und vielleicht zu diesem Zweck zwei Häuser anzukaufen.
1945 2443 2917 2504 Stadtrat Dr. Trautner sucht die Mehrheitsvor¬
1893 2457 2320 2544 schläge zu unterstützen.
1938 2508 2906 2573 G.=M. Greil verurteilt diesen Vorschlag scharf
1892 2566 2918 2627 und verlangt Ablehnung desselben, da der Turnplatz
1897 2613 2548 2662 unbedingt erhalten werden müßte.
1952 2629 2918 2698 Die Aussprache wurde wieder sehr umfänglich. Die
1901 2680 2919 2729 Vorlage wurde abermals abgelehnt und der Gegan¬
1902 2721 2920 2768 tand an die Kommission zurückverwiesen. In ver¬
1900 2760 2920 2807 traulicher Sitzung wurde die Geltendmachung des Ver¬
1898 2801 2920 2844 kaufsrechtes an einem im Stadtteil Bieblach gelegenen
1895 2840 2920 2886 Grundstück des Gutsbesitzers Otto Karl Speck und an
1899 2871 2912 2934 dem Hausgrundstück Kornmarkt 1, welches für 40 000
1894 2922 2914 2970 Mark veräußert werden soll, abgelehnt, weil man ge¬
1891 2969 2921 3020 genwärtig aus Sparsamkeitsgründen kaum Gelder un¬
1891 2999 2721 3046 nütz festlegen kann. Schluß gegen ¾9 Uhr.
