3392 4320
327 204 821 295 11. Reigen
185 1142 264 1201 2 21
190 1219 274 1307 ng
181 1410 266 1520 21
173 1638 745 1745 nd „Verrotterung“
251 1730 712 1820 Audiatur et altera pars.
175 1812 734 1892 christleitung der „Hannoverschen
169 1867 734 1932 edensten Seiten an sie ergehenden
185 1921 733 1966 euesten recht unerquicklichen Vor¬
187 1961 734 2010 s, die allerdings in bedenklicher
205 1996 740 2044 Leben hinüberspielen, indem sie
179 2031 729 2086 lung zu nehmen. Wenn ich nun
188 2076 738 2130 emeinen und zu den Reigen¬
178 2112 737 2176 Bort ergreife, so fürchte ich aller¬
191 2151 731 2226 Enttäuschung zu bereiten. Nicht
190 2193 737 2252 de, als Verteidiger der „Reigen¬
178 2235 728 2289 treten. Diese Aufführungen sind
210 2275 733 2333 vom religiösen und sittlichen
181 2287 740 2369 itischliterarischen. Es bleibt ganz
179 2347 731 2414 solchen literarischen Meriten wie
187 2393 736 2442 rdrei bis vier Jahrzehnten ein
181 2427 729 2487 eil bekundendes Buch über das
174 2460 725 2524 wir hier in Hannover als be¬
194 2503 731 2564 lernten, dessen Gattin, Paula
190 2549 728 2605 o doch sehr wohl in die Lage
191 2585 715 2636 weiblichen Rollen des „Reigen“
177 2618 736 2684 Mann dazu kommen kann, eine
175 2662 729 2719 u brechen, das ein jeder, der nur
177 2701 721 2759 ig wertlos erklären muß. Es ist
178 2740 722 2798 iftsteller wie Schnitzler, der doch
174 2787 722 2837 pn entschiedenem dramatischen
169 2816 724 2881 ben hat, so von allen guten
177 2864 720 2918 n solches Machwerk hinzusudeln.
180 2899 720 2956 n und dieses durch Kitzeln der
179 2942 722 2995 enge zu erlangen, kann unmög¬
181 2975 722 3030 führt werden, denn Schnitzler
173 3019 714 3074 d vielgesuchter Arzt gleich hohe
185 3059 714 3111 inreden wollen, in diesem Stücke
177 3094 720 3152 Menschheit ernstlich in das Ge¬
1030 204 1423 287 box 18/3
814 1659 1964 1719 wissen reden wolle, wie Ibsen das als surchtbarer Mahnrufer in den
800 1687 1959 1755 „Gespenstern“ tut, ist barer Unsinn, denn Unzucht und Sittenlosigkeit
813 1737 1967 1804 kreien uns im „Reigen“ nicht nur unverhüllt, sondern mit frechem
805 1769 1971 1837 Lachen entgegen und sordern in jedem der zehn Bilder geradezu
808 1813 1957 1872 dazu heraus, sich ihnen in die Arme zu wersen, denn jede der auf¬
802 1851 1956 1922 tretenden Personen trägt es deutlich an der Stirn geschrieben, „daß
810 1888 1963 1949 hr ganz kannibalisch wohl ist als wie fünfhundert Säuen.“ Die
801 1930 1949 2001 Aufführung eines solchen Stückes ist unter allen Umständen bedauer¬
794 1971 1953 2046 lich; aber gerade weil uns die Gemeinheit so nackt entgegentritt, so
801 2016 1953 2076 wirkt dieses Stück nach meinem Dafürhalten weit weniger gefährlich
807 2051 1948 2118 als so manches andere unsittliche moderne Gesellschaftsstück, wozu ich
808 2091 1961 2149 besonders die sehr schlüpfrigen jüngsten Kinder der Sudermannschen
793 2127 1963 2191 Muse rechne, die mit ihrem scheinbar graziösen Salongeschwätz dem
803 2173 1960 2236 ahnungslosen Zuhörer und noch mehr der unschuldigen Zuhörerin
795 2209 1953 2275 ein weit gefährlicheres Gift unvermerkt einflößen. Gerade die Ver¬
800 2247 1953 2310 borgenheit unter schillernder Oberfläche schützt aber diese Machwerke
807 2292 1963 2353 vor der Zensur und in der Regel auch vor Theaterskandalen, die
793 2328 1958 2402 übrigens unter allen Umständen ein sehr fragwürdiges Mittel zur
791 2366 1486 2420 Erreichung selbst des besten Zieles sind.
831 2408 1960 2480 Das wirksamste Mittel zur Unschädlichmachung solcher Stücke wäre
792 2444 1959 2520 nach meiner Meinung, wenn die gesamte Presse darin
804 2495 1944 2558 olidarisch vorginge, daß sie sowohl einer Anzeige der
802 2535 1945 2597 Aufführung eines solchen Stückes sowie einen vom Theaterbureau ge¬
796 2572 1955 2641 sandten „Waschzettel“ die Aufnahme verweigerte, als auch die Auf¬
792 2615 1945 2674 führung selbst unerwähnt, „unbesprochen“ ließe. Von solcher Ueber¬
797 2657 1943 2714 zeugung ausgehend hatten der Kritiker des „Hannoverschen An¬
798 2697 1944 2750 zeigers“ Dr. Paul Madsack, und ich uns dahin geeinigt, von einer
791 2732 1946 2794 Besprechung der „Reigen“=Aufführung Abstand zu nehmen. Aber es
795 2770 1946 2836 half leider nichts, da wir allein blieben, und es ja leider bekannte
785 2809 1948 2866 Tatsache ist, daß für ein Buch, für ein Theaterstück nicht wirksamer
790 2848 1954 2911 Reklame gemacht werden kann, als wenn recht eindringlich vor dem
790 2892 1946 2940 obszönen Inhalte gewarnt wird. „Aha, das ist etwas besonders
787 2927 1946 2983 Feines, Pikantes, das müssen wir kennen lernen,“ sagt dann die
785 2975 1946 3028 große Menge, die sich sonst um Buch und Stück gar nicht gekümmert
784 3010 1945 3065 haben würde, und stürmt flugs Buchläden und Theater. Das ist so
784 3051 1949 3110 nicht etwa erst seit der Revolution, das ist immer so gewesen, ent¬
800 3084 1938 3137 chuldigt aber in diesem besonderen „Reigen“=Fallé nicht etwa die
789 3126 1958 3184 Direktion des Residenztheaters, sondern versetzt sie im Gegenteil erst
784 3172 1950 3236 recht in den Anklagezustand, weil sie natürlich aus eigener Erfahrung
777 3202 1394 3256 wußte, wie die große Menge denkt.
816 3259 1947 3316 Aber leider ist die Anklagebank des öffentlichen Fo¬
778 3281 1951 3348 rums allein mit der Direktion des Residenz¬
778 3334 980 3388 theaters
981 3343 1947 3393 zu dünn besetzt: neben sie gehört das große
772 3373 1019 3430 Publikum.
819 3414 1952 3466 Es muß der Direktion des Deutschen Theaters und ganz besonders
782 3456 1947 3523 der des Residenztheaters zum Ruhme nachgesagt werden, daß
781 3502 1958 3574 sie künstlerische Taten rüstete. Insbesondere soll es der Direktion
2032 1675 3191 1737 des Residenztheaters nie vergessen werden, daß sie mit der Auf¬
2039 1715 3194 1778 ührung von „Don Juan und Faust“ dem genialsten Dramatiker, den
2026 1757 3182 1811 Niedersachsen hervorgebracht hat, Dietrich Christian Grabbe,
2036 1800 3185 1860 die Bühne zu gewinnen trachtete. Aber der Versuch stieß leider
2029 1836 3192 1883 ebenso wie alle anderen Versuche, mit künstlerischen Taten aufzu¬
2028 1880 3185 1934 warten, auf die völlige Verständnis= und Interesselosigkeit, auf die
2038 1913 3184 1971 Indolenz des Publikums. An allen solchen Abenden zeigte das
2034 1962 3184 2007 Haus in der Marktstraße gähnende Leere. Dafür aber kann nun
2025 1997 3192 2052 nicht etwa der Umstand geltend gemacht werden, daß die Leute kein
2030 2029 3179 2085 Geld zum Theaterbesuch hätten. Man braucht sich ja nur einmal in
2033 2073 3179 2124 der Welt, d. h. im heutigen Deutschland umzusehen, um zu dem
2030 2109 3180 2156 Glauben zu kommen, daß man sich in einem großen Narrenhause be¬
2031 2149 3180 2208 indet: o groß ist allerorten der Vergnügungswahn. Gerade aber
2022 2190 3177 2247 diejenigen, die sonst überall zu sehen und zu finden sind, wo man sich
2018 2233 3180 2283 nicht langweilt, sah und fand man in den Theatern nicht, wenn
2021 2275 3043 2322 „nichts los war", d. h. wenn ernste Stücke gegeben wurden.
2066 2305 3182 2361 Wenn nun aber eine Theaterdirektion buchmäßig innerhalb
2031 2335 3171 2408 veniger Monate ein Desizit von mehr als 100000 M nachweisen
2022 2383 3175 2441 kann, so kann man ihr nicht verargen, wenn sie nach Mitteln greift,
2029 2423 3175 2481 ich über Wasser zu halten, denn der Ertrinkende greift auch nach
2016 2470 3184 2520 einem Strohhalme. Ich möchte mal den Vogel sehen, der, vor die
2025 2501 3178 2561 Wahl des bekannten Sprichworts gestellt, nicht lieber fressen als
2026 2543 3176 2601 terben wollte. So griff denn die Direktion des Residenztheaters,
2024 2579 3174 2633 übrigens schon vor längerer Zeit, so daß nicht die Gebrüder Rotter
2026 2622 3176 2679 ür die Aufführung haftbar zu machen sind, nach dem „Reigen" und
2015 2667 3184 2734 zuletzt nach der „Verrotterung“, auf welch' letztere ich noch besonders
2015 2696 2338 2752 zu sprechen komme.
2059 2734 3168 2793 So liegen die Dinge, die man kennen muß, um zu einem gerechten
2022 2776 3173 2840 Urteil zu kommen. Der allgemeine moralische Tiesstand, die wachsende
2017 2816 3169 2868 Verlotterung der Sitten bei der Jugend, die allerdings eine Begleit¬
2015 2861 3177 2906 und Folgeerscheinung von Krieg und Revolution ist, der Kampf, der
2014 2901 3176 2945 von gewisser Seite gegen die Religion geführt wird, und die
2019 2939 3175 2992 wachsende Gleichgültigkeit gerade der „gebildeten“ Kreise gegenüber
2020 2976 3172 3030 allen kirchlichen Bestrebungen tragen in erster Linie die Schuld,
2013 3011 3175 3072 daß ein solches Sumpfgewächs, wie es, von einzelnen rühmlichen Er¬
2022 3048 3169 3094 cheinungen abgesehen, unsere ganze derzeitige Literatur darstellt, ge¬
2013 3086 2209 3138 deihen und
2207 3095 3164 3158 — hoffentlich nur vorübergehend! — sogar reiche und
2006 3124 2515 3178 üppige Früchte zeitigen kann.
3042 3138 3131 3194 E. R.
