3444 4448
334 207 838 300 11. Reigen
1027 199 1438 281 box 17/3
1633 2483 1674 2526 11.
1626 2528 1683 2577 e-
1621 2566 1673 2626 S.
1620 2620 1664 2677 1a
1617 2669 1662 2719 nt
1611 2721 1670 2769 Pe¬
1620 2765 1669 2815 de
1616 2813 1675 2860 ns
1619 2855 1674 2925 lis
1609 2906 1670 2963 ti¬
1629 3446 1665 3515 1
1645 2241 1684 2292 16
1651 1993 1693 2046 -
1658 2084 1690 2140 1
1763 507 2509 641 Gil-Dles # 12. Ae/92
1934 614 2448 708 Le Livre du Jour
1758 739 2619 820 La Rovor, par Arthur Schnitzler, fraduction
1798 791 2605 864 de Maurice Rémon et Wilhem Bauer.
1799 827 2112 884 (Stock, ediieur.)
1788 877 2612 956 Ces dir scènes diffèrent absolument des
1759 920 2599 992 habituels dialoques, dont, entre parenthe¬
1749 974 2612 1043 ses, on sait un abus regrettable depuis
1764 1012 2600 1078 quelques anndes; elles sont pourlant con¬
1748 1051 2610 1109 eues dans un esprit très francais qu'il ne
1760 1087 2603 1151 fant pas allribuer aug traduckeurs. MM.
1754 1130 2602 1186 Maurice Rémon et Wilhem Bauer ont fait
1759 1162 2597 1227 leur métier avec tant de lact et de mesure
1761 1206 2601 1267 quson ne sent pas du tout leur intervention
1753 1249 2594 1303 et qw’on a Pimpression de lire ces scènes
1754 1277 2181 1335 dans le terte original.
1783 1323 2593 1381 Arthur Schnitsler montre les préliminai¬
1751 1358 2599 1417 res et les suiles, sinon de Pamour an
1746 1396 2589 1456 moins de son geste, dans diverses classe.
1751 1438 2606 1497 de la société, et i a trouré piquant de faire
1744 1474 2589 1538 faire ce geste successivement par dir per¬
1713 1677 2593 1752 sonnages, de sorte que Tun des héros de
1727 1723 2586 1790 la première scene se retroure d la seconde
1728 1761 2355 1834 et s’élimine pour la troisième.
1769 1809 2582 1873 Cest la ronde autour du pelit dieu, et
1722 1855 2585 1909 chacune des cing semmes qui la dansent
1726 1890 2580 1949 tient la main de deug des cing hommes, et
1725 1925 2583 1998 le premier voisine avec la dernière. Et je
1725 1966 2571 2032 dirais que cela est profondément Rumain si
1722 2006 2578 2070 cette locution n’était erogérement galbau¬
1728 2039 1803 2085 dée.
1765 2083 2573 2167 Ces din scenes sont dig petiles comédies
1723 2115 2566 2206 brèues qui montrent ou indiquent, avec le
1730 2168 2572 2237 minimum de mols nécessaires, le marimum
1718 2213 2569 2274 de sensations, de sentiments, de nuances.
1717 2244 2562 2320 I n'y a. en aucun moment, un mot dé¬
1718 2292 2567 2356 placé, et cependant, le péril était grand !
1719 2330 2569 2398 I était si facile de commeltre mille menues
1716 2368 2566 2435 jautes de gout, de redire sans ulilité ce qui
1711 2410 2564 2480 a dté dit déja sans profit, d’etre méme et
1718 2445 2563 2518 simplement libertin... Artkur Schnitzler a
1716 2480 2559 2554 evité tout celn arec grüce, abec souplesse.
1717 2522 2556 2595 II a su portraire ses personnäges et dévoi¬
1715 2559 2556 2620 ler toute teur pstchologie en quelques ré¬
1717 2605 2561 2670 pliques et jaire entrer un monde dans le
1705 2645 2550 2708 cadre qw’il avait voulu etroit. I1 a emploné
1717 2680 2559 2752 une lunque simple, courante et précise. En¬
1711 2717 2566 2787 sin, et c’est lä une constatation qu'on a
1702 2762 2547 2829 rarement Poccasion de faire; les dir poli¬
1702 2794 2544 2865 chinelles kumains dont Schnitzler tire les
1710 2831 2545 2906 sicelles ne parlent pas tous de la mème fa¬
1707 2873 2546 2937 çon. Et c’est ld une qualité fort rare car
1707 2914 2548 2974 derrcellents auteurs en sont dépourpus, et
1703 2946 2546 3016 le plus souvenk, it semble que les différents
1702 2992 2539 3060 personnages d’une comédie ont tous le mé¬
1700 3034 2548 3102 me timbre de voig: la semme de chambre
1694 3061 2541 3133 parle comme Pacadémicien et la jeune pre¬
1695 3112 2538 3171 mière emploie les mèmes tournures de
1690 3145 2318 3213 phrases que le comique grimé.
1722 3182 2543 3264 Mais le principal, le plus bel éloge qu'on
1687 3223 2547 3304 peut faire d’Arthur Schnitzler, c’est de dire
1691 3279 2532 3344 qu'on devine un tempérament admirable de
1687 3324 2531 3377 dramaturge ei Cartiste, et que, malgre les
1687 3356 2395 3408 pires manquements au métier —
2397 3371 2544 3419 i n’en
1688 3390 2260 3449 commet auenn d’ailleurs —
2270 3409 2542 3465 quand mème
1687 3433 2529 3498 ses moyens serdient insuffisants, on trou¬
1688 3474 2524 3538 verait en lui ce monvement irrésislible.
1685 3512 2538 3581 celte vie ardente qui sont la beauté et la
1679 3539 2128 3614 nobiesse d’une cutre.
2122 3617 2499 3685 Claude Francuell.
2082 3692 2124 3739 X
