3532 4224
400 133 897 238 11. Reigen
1088 146 1514 241 box 18/2
2310 472 2781 602 Arteit
1728 709 3356 884 6.ZivilkammerdesLandgerichtsIll
2272 899 2803 1063 zu Berlin
2343 1141 2735 1265 Schnitzlers
2160 1266 2844 1475 „Reigen
2337 1521 2714 1638 betreffend.
2323 1688 2630 1780 —9—
1800 1842 3341 1945 In einem Rechtsstreit, ob die Aufführung von Schnitzlers „Reigen“
1689 1902 3348 2014 in sittlicher Beziehung Anstoß erregt, hat die 6. Zivilkammer des Landgerichts III
1681 1958 3190 2066 in Berlin folgendes inzwischen rechtskräftig gewordene Urteil ergehen lassen:
1808 2068 3345 2158 Schnitzlers Buch besteht aus 10 Bildern. In jedem Bilde treten nur
1673 2130 3335 2227 2 Personen auf, die je zweimal und jedesmal mit einer neuauftretenden Person die
1681 2192 3349 2291 geschiechtliche Vereinigung vollziehen, außer im letzten Bild, wo diese Vereinigung
1690 2255 3351 2339 unmittelbar zuvor stattgesunden hat. So tritt jede Person in zwei aufeinander¬
1685 2300 3352 2405 folgenden Bildern auf, nur die Dirne, den Reigen schließend, steht im ersten und
1678 2358 1932 2435 letzten Bild.
1811 2408 3356 2516 Das Buch bietet eine Fülle von Geist und von Feinheit. Kühne, knappe
1690 2462 3350 2561 Sätze zergliedern alle Tiefen der geistigen Verfassung und des Empfindungslebens.
1682 2539 3345 2628 Teils derb, selbst roh, glatt und gemein, teils zart und empfindsam, teils launig,
1680 2609 3347 2686 neckisch, keck prickelnd, lüstern, ausgelassen und verführerisch in der Ausmalung erfährt
1670 2655 3350 2756 der immer sich gleich bleibende Gegenstand zehn untereinander verschiedenste Abwandlungen.
1807 2721 3348 2819 Dieser Gegenstand ist die im Mittelpunkt jedes Zwiegespräches stehende körper¬
1674 2770 3345 2863 liche Vereinigung. Weiterhin befindet sich im vierten, fünften, achten, neunten zehn¬
1674 2819 3335 2938 ten Bild der weibliche Teil im Bett. Im zweiten, dritten, sechsten Bild ist ein mehr
1677 2905 3319 2986 oder weniger erhebliches Sträuben des weiblichen Teiles zu überwinden. Im ersten,
1667 2945 3331 3048 achten, neunten Bild dagegen drängt der weibliche Teil, und zwar im neunten Bilde
1665 3014 3323 3095 mit ngemein heftiger Leidenschaftlichkeit. Im vierten Bilde wird nach der ersten Ver¬
1674 3067 3317 3165 einigung das Ausbleiben der Geschlechtslust des Mannes ausgiebig erörtert. Dem
1672 3117 3320 3218 ehelichen Geschlechtsverkehr des fünften Bildes geht der Ehebruch des vierten Bildes
1674 3188 3329 3265 anscheinend nur um wenige Stunden vorauf. Dazu wird im fünften Bilde der
1665 3238 3320 3344 Ehebruch an sich ausführlich besprochen. Aus diesen Erwägungen erwekte das Buch
1662 3301 3319 3417 den Eindruck, daß seine Aufführung das sittliche Empfinden erheblich verletzen und
1664 3359 2502 3440 dadurch berechtigten Anstoß erregen müsse.
1793 3428 3324 3523 Zwei von dem Gerichte besichtigte Aufführungen erzielten folgenden Eindruck:
1662 3482 3320 3583 Alles was frech, schlüpfrig oder zotig wirken könnte, wird vermieden. Selbst die
1672 3528 3316 3617 Aeußerungen gewöhnlichster Geilheit im ersten Bilde wurden so abgetönt, daß von
1668 3600 3318 3688 einer Reizung der Sinnlichkeit des Zuschauers keine Rede sein kann. Gleiches
1662 3665 3318 3738 gilt von der starken sinnlichen Erregung, der Ausgelassenheit und der Verführnngs¬
1663 3717 3326 3800 kunst der Schauspielerin im neunten Bild. Die überaus schwierige Aufgabe, die
