3392 4352
272 131 341 220 1
462 142 774 227 Reigen
974 129 1384 221 box 17/6
2084 67 2925 134 ganz nach Berliner Pssr,
2087 135 2918 177 icht habe, freiwillig die Aufführungen einzu¬
2081 175 2921 222 stellen, sondern, zumel er das behördliche Verbot
2077 208 2919 264 noch nicht erhalten habe, sich an nichts zu kehren.
2144 262 2924 311 Der Polizeipräsident Schober befand sich in
2084 307 2919 358 der Zweifelslage, ob er einem Befehl der Regie¬
2089 340 2913 399 ung zu folgen habe, derf der Verfassung wider¬
2073 390 2911 445 spricht, da diese ausdrücklich Aufführungs=Erlaub¬
2074 430 2912 482 nis und =Verbot als zur Kompetenz der Landes¬
2081 476 2916 536 hauptleute der einzelnen Länder gehörig bezeich¬
2077 519 2920 574 net, der sozialdemokrafische Bürgermeister von
2082 556 2925 617 Wien, Neumann, aber in seiner Eigenschaft
2082 606 2931 667 als Landeshauptmann won Wien, gestützt auf das
2089 657 2922 710 Gutachten der Zensur=Beiräte, die Ermächtigung
2088 692 2856 750 zur Aufführung des „Reigen“ gegeben hatte.
2141 723 2920 799 In der Sitzung des Nationalrates brachten die
2082 783 2933 840 Sozialdemokraten eine dringliche Anfrage ein, in
2090 827 2918 879 der es heißt: „Das Verbot der Bundesregierung
2081 868 2924 934 stelle einen verfassungswidrigen Eingriff dar. Es
2082 910 2925 970 werde die Frage gestellt, ob der Bundesminister
2081 956 2924 1025 des Innern seinen verfassungswidrigen Erlaß so¬
2077 1003 2500 1068 fort zurückziehen wolle.“
2140 1040 2929 1110 Bereits bei Vorlesung des Antrages drängten
2080 1094 2926 1151 sich die christlich=sozialen und sozialdemokratischen
2089 1140 2916 1197 Abgeordneten sehr erregt vor die Ministerbank
2086 1179 2928 1238 Leuthner bezeichnet das Verbot als einen glatten
2089 1228 2933 1280 Verfassungsbruch. Der Minister des Innern
2886 1280 2928 1307 —
2093 1276 2875 1328 Dr. Glanz, der ein sehr rückschrittlicher und
2385 1313 2926 1371 habsburgischer Beamter ist, be¬
2081 1320 2361 1375 wie es heißt —
2082 1366 2919 1414 tonte in seiner Antwort, daß sich zahlreiche Stim¬
2090 1400 2935 1471 men gegen die Aufführung des Stückes erhoben
2088 1452 2206 1515 hätten.
2148 1477 2942 1558 Zwischenrufe ertönten: „Wo haben Sie solche
2079 1541 2406 1599 Stimmen gelesen?“
2136 1578 2829 1654 Abg. Seitz: „Woher wissen Sie das?“
2143 1636 2940 1700 Abg. Mataja: „Der Präsident Seitz als
2084 1683 2337 1749 Radaumacher!“
2140 1702 2932 1791 Abg. Leuthner: „Sprechen Sie doch über
2082 1775 2928 1838 die Verfassungsfrage! Ihre Ansicht über das
2085 1813 2573 1881 Stück interessiert uns nicht!“
2139 1844 2927 1924 Dr. Glanz: „In diesem Stück werden Vor¬
2087 1902 2935 1968 gänge auf die Bühne gebracht, die auch bei den
2086 1946 2939 2015 kulturell tiefstehenden Völkern gewöhnlich mit
2083 1986 2874 2059 einer gewissen Diskretion behandelt werden.“
2143 2048 2932 2098 Abg. Witternig: „Nicht mogeln! Ist das
2090 2088 2854 2148 eine Rezension für ein reaktionäres Blatt?“
2141 2119 2954 2187 Minister Dr. Glanz: „Ich überlasse die Ber
2087 2172 2943 2246 urteilung meines Vorgehens allen anständigen
2082 2229 2222 2288 Leuten.“
2822 2240 2931 2318 „So
2140 2246 2818 2324 Sozialdemokratische Entrüstungsrufe:
2079 2306 2877 2384 sind wir vielleicht keine anständigen Leute?!“
2137 2359 2941 2419 Die Abg. Zelonka und Witternig
2086 2399 2935 2462 drängen zur Ministerbank und hauen mit den
2088 2442 2928 2510 Fäusten auf den Tisch. Andere Abgeordnete
2083 2494 2935 2549 eilen protestierend hinzu und schreien den
2099 2535 2934 2590 Minister an: „Hinaus mit ihm! — Das ist eine
2083 2580 2934 2638 Beleidigung, das lassen wir uns nicht gefallen!“
2144 2623 2942 2689 Es wird versucht, den Minister mit Gewalt
2096 2663 2942 2731 von seinem Platze zu drängen. Die Christlich¬
2095 2714 2939 2772 Sozialen eilen ihm zu Hilfe. Der christlich¬
2094 2752 2932 2818 soziale Abg. Pischitz stößt mit der Faust den
2093 2807 2938 2863 sozialdemokratischen Abg. Sewer heftig gegen
2081 2848 2935 2902 den Kopf, worauf die Sozialdemokraten mit er¬
2097 2894 2932 2965 hobenen Fäusten gegen die Kollegen von rechts
2087 2925 2933 2991 losgehen und nur mit Mühe von den Ordnern
2091 2980 2631 3039 zurückgehalten werden können.
2154 3028 2942 3084 Erst als der Sozialdemokrat Seitz zu reden
2084 3076 2932 3126 beginnt, tritt einige Ruhe ein und die Erregung
2097 3118 2929 3172 flaut ab. Nach ein paar Ordnungsrufen wird
2098 3162 2449 3219 die Sitzung vertagt.
2141 3196 2948 3266 Nach Schluß der Sitzung erwarteten einige
2102 3260 2930 3311 sozialdemokratische Abgeordnete, geführt von
2089 3293 2928 3356 Zelenka, den Minister Dr. Glanz, anscheinend,
2097 3346 2936 3403 um mit ihm einen etwos schmerzlichen Reigen
2099 3386 2939 3437 aufzuführen, aber die Christlich=Sozialen bildeten
2098 3433 2936 3488 eine Art Leibgarde und brachten den Retter der
2090 3472 2462 3536 Moral in Sicherheit.
2492 3507 2535 3556 *
2157 3548 2949 3618 Die Abreise sämtlicher in Wien befindlichen
2107 3622 2945 3668 remdländischen Ueberwachungskommissionen ist
2090 3666 2790 3716 für den 20. Februar festgesetzt worden.
