3436 4224
982 96 1380 187 box 17/1
279 93 787 201 11. Reigen
669 407 1791 489 treffen gereifte Männer nach Jahren in Paris ihre einstigen
663 474 1785 536 Maitressen wieder, und beide Male sind beide Teile ent¬
668 512 789 573 täuscht
751 542 1789 617 Unter dem Titel „Der schwarze Engel“ sind offenbar
659 592 1787 656 allerlei Sächelchen Ecksteins zusammengesucht worden, von
662 646 1790 695 denen indessen keines ein besonderes Kunstwerk oder sonst¬
673 690 1354 738 wie bedeutend in Aber fast allen
1480 683 1782 749 Skizzen liegen
662 734 1323 788 Gedanken zu grunde, ## in ihrem
1712 735 1796 790 ym¬
661 769 1424 833 bolischen Genunde gus anregend wirten
1589 773 1783 833 in Beitrag
661 815 1795 877 zur Kantfeier liest sich z. B. das Gespräch der beiden
669 863 1776 912 Austern über #us Ding an sich mit der feinen Ironie, die
657 902 1774 954 darin liegt. Diese blitzt auch sonst hier und da auf, und
670 947 1774 998 in anderen Stücken ist irgend ein leichteres oder schwereres
661 990 1795 1033 Problem in eine anmutige Form gegossen. Aber ich habe
668 1035 1764 1083 beim Lesen nie den Verfasser des „Besuches im Karzer
660 1082 1790 1126 vergessen können, dem der gewichtige Ernst nicht recht anstehen
662 1119 1772 1185 will. Ich weiß nicht, ist es ein Glück oder ein Unglück,
659 1161 1774 1220 wenn einer einmal durch eine Geschichte so berühmt ge¬
667 1212 1781 1267 worden ist, wie Eckstein vor Jahren durch die genannte
660 1249 1772 1312 Humoreske: er bleibt eben dann für alle Zeit der Verfasser
658 1292 1149 1358 des „Besuches im Karzer“.
739 1333 1774 1390 Auf Vorposten von Ella Mensch ist der 19. Band
653 1382 1770 1440 der „Modernen Frauenbioliothek“, aber ganz vernünstig. Nur
663 1423 1781 1480 ist's kein Roman, am wenigsten, wie der Verlagsumschlag
661 1469 1777 1520 rühmt: Der erste Roman über weibliches Studentenleben.
661 1504 1767 1567 Den haben andere, z. B. Ilse Frapan in ihrem Roman
670 1555 1777 1608 „Arbeit“ vorweggenommen. In diesem erscheint die Univer¬
669 1598 1782 1654 sität Zürich in einem ebenso wenig anmutenden Lichte wie
669 1642 1782 1696 hier in einem idealen. Und wenn Ella Mensch mit dem
657 1684 1772 1741 Schluß ihres Romans Recht hat: „Verdorren soll die Hand,
665 1722 1780 1786 die je einen Stein nach dir wirft!“ dann schreibt Ilse Frapan
662 1766 1769 1831 keine Zeile mehr. Was Ella Mensch uns hier erzählt, ist
659 1806 1775 1865 ein Abschnitt aus dem Leben einer Züricher Studentin der
664 1855 1770 1909 siebziger Jahre, als deren Gegenfiguren ein paar andere
659 1909 1769 1961 Studentinnen auftreten; in den Gesprächen dieser Studen¬
661 1949 1770 2004 tinnen entwickelt die Verfasserin ihre Ansichten über vernünf¬
664 1984 1774 2037 tiges Studententum der Frau, denen man wohl beipflichten
661 2029 1769 2094 kann. Das andere Gegenstück zu der Heldin ist ihre Schwester
662 2076 1772 2127 in der nordischen Heimat, deren Wesen in ihren Briefen zum
658 2116 1765 2169 Ausdruck kommt, und bei welcher die Verfasserin eher etwas
663 2160 1763 2211 von der Kunst der Gestaltung zeigt. Diese geht ihr im all¬
658 2208 1766 2267 gemeinen ab; es ist alles lehrhaft entwickelt, statt gestaltend
663 2254 1765 2303 erzählt. Noch eine Bemerkung: Ausdrücke wie sich „indirekt
657 2293 1769 2359 decouprieren“ sind doch ein fragwürdiges Deutsch, und Zehn¬
660 2335 1391 2389 markscheine gibt es in Deutschland nicht
731 2374 1763 2426 Zwei Dorfgeschichten erzählen uns Hermine Vil¬
658 2418 1759 2481 linger im „Weg der Schmerzen" und Richard Bre¬
663 2467 1771 2522 denbrücker in der „Flucht ins Paradies“; die eine
659 2510 1759 2555 spielt im badischen Schwarzwald, die andere in Südtirol.
669 2553 1762 2610 Beide Schriftsteller, deren Erzählungstalent anerkannt ist,
661 2593 1770 2664 sind wohl vertraut mit der Bauernseele, die hier insbesondere
661 2640 1768 2700 in ihrer Härte wie in der Zähigkeit geschildert wird mit
656 2681 1755 2738 der ein Ziel, in beiden ist's eine Art Kampf um das Kind
657 2729 1762 2791 erstrebt wird. Beide Erzählungen sind nicht mit der bei
663 2769 1765 2829 Dorfgeschichten üblichen Schablone gemacht; sie bel andeln
657 2815 1769 2864 Ausnahmsmenschen und Außnahmeverhältnisse, die aber eben
656 2859 1767 2906 doch nur auf dem Boden des Schwarzwaldes oder Südtirols
658 2904 1760 2964 erwachsen, nur hier sich auswachsen und zu der wahrhaft
658 2943 1758 3001 beängstigenden Höhe entwickeln können, auf welcher z. B.
660 2985 1755 3044 der sündentrotzige Herrenbauer (im „Weg der Schmerzen")
660 3030 1754 3091 mit seiner brutalen Sinnlichkeit steht. Und auch die arme
662 3080 1760 3124 mit ihrem Kinde in den Tod gehetzte Tschaveller Vrena mit
660 3118 1758 3168 ihrer aus Götterglauben und Kirchenglauben sonderbar zu¬
653 3159 1761 3219 sammengesetzten Religion ist nur in Tirol möglich. Vil¬
660 3205 1758 3253 linger sucht in das Gemälde wenigstens einige Gemütstöne
657 3248 1753 3302 und einen versöhnenden Ausgang hineinzulegen, Breden¬
657 3287 1761 3336 brücker erzählt seine grausame Geschichte hart und grausam
659 3333 1771 3384 von der ersten bis letzten Seite. Es mag einem vor so viel
653 3385 1768 3431 Hartherzigkeit, Roheit und Elend schaudern, und fast tut es
654 3424 1759 3497 einetn weh, den Vorhana von dem wie bekannt äußerst
1929 424 2961 497 Die Skizzen von Fritz Anders, von denen eben das
1839 470 2959 549 dritte Bändchen erschienen ist, haben nicht bloß den Wert, uns
1839 527 2962 591 vortrefflich zu unterhalten und zu ergötzen, sondern sie sind eine
1834 564 2963 638 Art von Kulturgemälden aus der Gegenwart. Der Ver¬
1836 605 2965 683 fasser sieht scharf allerlei Schäden unseres Volkslebens, am
1845 656 2962 726 schärfsten aber die der Bürokratie, und geht ihnen mit der
1837 701 2953 765 Waffe des Witzes und Humors zu Leibe. Und er nimmt
1836 737 2099 811 mnapcherlei vor
2164 747 2953 832 e Jubiläumsseuche und die Denkmalswut,
1839 784 2677 834 Murhüharg W#ctannnstanuu u# un. ##umtkri
1996 943 2783 1029 Dr. Max Goldschmidt
2072 1018 2589 1104 „ Bureau für
2144 1092 2631 1176 Zeitungsausschnitte
1899 1155 2866 1234 verbunden mit direktem Nachrichtendienst durch
2132 1215 2617 1282 eigene Korrespondenten.
1952 1274 2279 1339 Berlin N 24.
2431 1269 2804 1350 Telephon: III, 3051.
2058 1331 2845 1400 —
2177 1389 2582 1468 Ausschnitt aus
2024 1669 2638 1776 Deutsche Zeitung, Berlin
2223 1837 2491 1926 28 2. 04
2112 2064 2627 2157 Stimmen der Zeit.
1898 2139 2939 2210 * Der Kampf wider die Schmutzliteratur Bei
1818 2187 2920 2257 den Kunstdebatten im Reichstag ist mir eines aufgefallen,
1818 2237 2917 2295 was ziemlich unbeachtet vorüberging, da die Gesamtrichtung
1819 2280 2922 2339 der Darlegungen ja nach ganz anderer Seite ging. Sobald
1826 2327 2930 2389 nämlich ein Wort fiel, das die Unsittlichkeit, die Frechheit
1812 2375 2916 2418 mancher Kunstweike tadelte oder gar verlangte, daß gegen
1816 2410 2916 2464 diese Ausschreitungen Stellung genommen werde, entstand
1813 2453 2923 2513 „Widerspruch“ oder „Lärm auf der Linken“. Einmal rief
1821 2505 2924 2554 man entsetzt dazwischen: „Eine neue Lex Heintze!“ Hier
1819 2546 2920 2602 zeigt sich das Pünktlein, auf das manche Leute so ständig
1815 2591 2920 2646 hinstarren, daß sie sonst nichts mehr sehen. Ich habe nicht
1821 2625 2931 2682 eine Minute die Ablehnung des genannten Gesetzes be¬
1813 2672 2915 2736 dauert und würde mich nicht einen Augenblick besinnen,
1809 2723 2917 2785 gegen ein gleichartiges dehnbares und zur Willkür ver¬
1820 2768 2924 2823 leitendes Gesetz Stellung zu nehmen. Aber zwischen „Frei¬
1819 2808 2918 2866 heit der Kunst“ und „Loslassung aller Schweinerei“ ist denn
1822 2860 2925 2918 doch immer noch ein Unterschied. Man schränkt doch auch
1811 2896 2923 2947 die Freiheit der Prostitution ein und schützt die Oeffentlich¬
1817 2939 2918 3004 keit vor der Belästigung durch offenkundige Schamlosigkeit.
1813 2983 2923 3037 Soll diese dadurch frei werden, daß sie sich den Anschein
1813 3030 2915 3079 gibt, Kunst und Wissenschaft zu sein? Ja, auch Wissen¬
1813 3073 2926 3134 schaft! In einem langen Artikel im „Tag“ zählt Professor
1818 3116 2916 3170 Julius v. Pflugk=Harttung eine solche Fülle „trübseliger
1825 3162 2910 3214 Literatur“ auf, daß einem angst und bange werden kann.
1813 3202 2923 3256 Es ist die Literatur über geschlechtliche Verirrungen und
1810 3249 2919 3295 widernatürliche Dinge gemeint. Schon klagen die ernsten
1815 3288 2915 3341 Wissenschaftler, daß die Fachliteratur dieser Gebiete ins Un¬
1814 3329 2918 3383 geheure zu wachsen droht. Aber sie ist doch nur ein kleiner
1813 3376 2919 3432 Bruchteil der ganzen Masse von derartigen Werken, die das
1805 3423 2920 3481 von der Fachliteratur gebrachte Material populär verarbeiten
1814 3466 2921 3514 „Die Literatur ist zu allen Zeiten ein Spiegelbild der
1812 3511 2921 3562 Menschheit gewesen; sollte sie heuer eine Ausnahme machen?
1812 3551 2931 3603 In unseren Fällen bewegt sie sich von der wissenschaftlichen
1810 3599 2932 3654 Forschung bis zur frei erfundenen Erzählung, umfaßt mithin
1808 3649 2924 3700 einen weiten Kreis. Dabei wird sie nicht etwa geheim ge¬
1813 3680 2931 3729 halten, sondern „schmückt“ reihenweise die Schaufenster von
1804 3719 2927 3798 Buchhandlungen, ja füllt solche sogar von unten bis oben.
