3444 4320
197 148 317 244 11
383 155 709 250 Reigen
888 149 1302 236 box 17/5
1678 86 2791 156 —.
1676 146 2803 198 entlarvungen der jüdischen Presse, die mit ganz vereinzelten
1679 187 2794 237 Ausnahmen ein frohes Grunzen und Wiehern anhub, ja
1675 236 2804 292 vielfach bedauerte, daß die Dramatisierung und Inszenierung
1677 273 2791 329 der Schnitzlerschen Zoten „leider“ nicht alle Erwartungen,
1685 320 2806 374 die füglich von der realistischen Bühnendaustellung solchen
1676 360 2789 419 Stoffes gehegt werden durften, befriedigen konnte, oder gar
1676 401 2802 462 dem Publikum, das sich gesträubt hat, einer derortigen
1680 448 2649 496 „Wohltätigkeitsvorstellung“ beizuwohnen, noch —
2652 446 2789 499 Moral¬
1675 492 2797 547 predigten ob ihrer Hartherzigkeit hielt (wie zum Beispiel die
1676 544 2792 591 „S.= u. Mztg.“). Nein, von alldem sei nicht weiter die Rede,
1676 576 2790 637 denn wer, um jüdischen Geschäftsgeist, Judenkunst und
1668 620 2799 667 Judenpresse zu durchschauen, erst auf die allerdings unmög¬
1667 658 2787 712 lich mißzuverstehenden Offenbarungen dieser „Reigen“.
1668 707 2787 763 Tage hat warten müssen, der wird wohl auch weiterhin un¬
1677 746 2789 807 belehrt bleiben. Eine Ausnahme sei nur hinsichtlich der
1668 800 2787 849 zionistischen „Morgenzeitung“ gemacht, die für ihre Kritil
1674 836 2500 884 an dem Stammesgenossen Schnitzler —
2500 836 2790 900 dessen Dialogen
1662 885 2792 937 zwar die Möglichkeit szenischer Vorführung abgesprochen,
1664 931 2646 984 aber als Lesestücken Bewunderung gezollt wird! —
2644 928 2799 989 folgende
1667 964 2188 1035 Beweggründe angibt:
1836 1015 2799 1071 Die Inszenierung des „Reigen“ ist eine ernste und
1732 1054 2796 1106 traurige Angelegenheit. Bitterernst — denn sie för¬
1749 1088 2707 1147 dert die Reaktion mehr, als die vergnügten
2720 1096 2793 1151 Zu¬
1754 1131 2715 1182 chauer mit den heraustretenden gestielten Augäpfeln,
2743 1136 2801 1186 die
1748 1173 2688 1211 in ihrer Erregung heiser lachenden Dämchen mit den
2690 1174 2799 1222 unter
1742 1203 2801 1247 der Schminke erglühenden Wangen auch nur ahnen können¬
1743 1247 2790 1289 Wenn das die Frucht der Umwälzung ist daß der Kulissen¬
1749 1275 2723 1334 zauber zehnfach vorgeführter Augenblicksbrunst zu#
1742 1325 2734 1391 tat wird, dann (so dürften die Lauernden schleien)
1742 1363 2558 1410 diese Freiheit ein Verbrechen
1738 1403 2658 1456 einstige Gebundenheit ein Sege
1735 1439 2617 1510 wesen. Jede Rebrise des „Reigen“ legt dem¬
1747 1475 2197 1535 ein Steinchen ins Brett.
1754 1505 2801 1576 Nicht etwa ein Anflug von Moral, sondern nur die
1664 1561 2797 1623 Angst vor der noch nicht ganz niedergetrampelten Moral des
1667 1612 2805 1660 Volkes bringt hier ein Kopfschütteln hervor: Das voreilige
1675 1655 2791 1717 Wagnis könnte der „Reaktion“ förderlich sein! Das ist der
1671 1698 2795 1749 ganze Grund der „ethischen“ Bedenken. Diese Striche aus
1680 1747 2796 1794 dem Zionismus vervollständigen freilich nur das Bild, das
1676 1784 2801 1857 man sich vom jüdischen Verhältnis zu den abendländischen
1666 1823 2514 1882 Moralanschauungen schon immer gemacht hat.
1751 1855 2796 1928 Wichtiger erscheint eine andere Enthüllung und sie
1665 1903 2788 1969 stanunt von niemand anderem, als von — Schnitzler selber.
1661 1955 2796 2020 Im „N. W. Journal“ (Nr. 9782) verteidigt er sich gegen
1674 2003 2787 2057 die Vorwürfe, die ihm u. a. der Berliner Berufs= und
1671 2042 2800 2104 Stammesgenosse Harden wegen der Inszenierung der
1667 2088 2797 2144 „Reigen“=Dialoge unter Berufung auf die Autorität eines
1671 2127 2795 2193 dritten Stammesgenossen, des Barnum=Regisseurs Max
1659 2169 2796 2237 Reinhardt (aus Preßburg), gemacht hat, und stellt fest,
1667 2215 2791 2273 daß ihm eben dieser Reinhardt auf eine Anfrage schon am
1677 2260 2793 2325 19. April 1919 geschrieben habe, er halte „die Aufführung
1664 2302 2795 2362 des „Reigen' nicht nur für opportun, sondern
1670 2344 2787 2396 für unbedingt wünschenswert“ zugleich ihm die
1672 2390 2789 2448 Erfüllung „unser beider Wünsche nach meiner
1662 2433 2791 2484 (Reinhardts) Regie“ in Aussicht stellend; daraufhin habe
1665 2472 2789 2517 er (Schnitzler) mit Reinhardt einen Vertrag geschlossen
1667 2514 2784 2570 nach welchem der „Reigen“ bis spätestens 31. Jänner 1929
1667 2563 2771 2620 an einer der Berliner Reinhardt=Bühnen hätte zur Auf¬
1668 2601 2798 2668 führung komm#  Reinhardts ichfolger Jelir¬
1918 2800 2746 2924 #n Sou Neues Monte att, Wien
1763 2953 2120 3042 7. Febrrau 1921
2547 2961 2707 3055 Seite 3
1674 3077 2792 3140 Holländer — der vierte Stammesgenosse — habe denn auch
1669 3125 2789 3191 am Berliner Kleinen Schauspielhaus den Vertrag eingehal¬
1667 3172 2788 3227 ten (und zwar nach einem von Reinhardt verfaßten Regie¬
1674 3208 2796 3263 buch!). Reinhardt habe „als Erster Schnitzlers eigene
1678 3251 2788 3306 Meinung von der Nichtaufführbarkeit des „Reigen' ins
1669 3295 2783 3370 Wanken gebracht“ und sie für „unbedingt wünschenswert“
1664 3335 1814 3399 erklärt.
1746 3357 2798 3427 Warum uns diese Enthüllung als so wichtig erscheint?
1668 3419 2781 3482 Weil der nämliche Max Reinhardt kürzlich beinahe
1668 3465 2787 3528 Wiener Burgtheaterdirektor geworden wäre!
1675 3511 2789 3571 Und weil der nämliche Max Reinhardt, während er das
1676 3552 2778 3615 „unbedingt Wünschenwerte“ einer „Reigen“=Aufführung er¬
1672 3595 2783 3656 kannte und die Vorbereitungen zum Werke traf, in Salzburg
1674 3637 2791 3697 mit der bewährten Kunst des „genialen Regisseurs“ es so
1662 3690 2789 3745 einzurichten wußte, daß ihm der Dom den Hintergrund und
1671 3724 2746 3804 Kulissenzauber für den „Jedermann“ Hofmannsthals
1673 3766 2495 3822 fünfter Stammesgenosse! — borgen mußtei
1753 3806 2796 3882 Wem auch jetzt noch nicht ein Licht aufgeht über diesen
1658 3848 2781 3928 Reigen prächtigster Stammesgenossen, dem ist nicht
1660 3893 1786 3950 helfen.
