3444 4448
400 120 510 210 11
594 123 897 225 Reigen
1106 126 1514 210 box 17/5
2182 80 2470 154 „Leigen.
2118 161 2547 258 (Vor der Aufführung.)
1965 242 2770 311 Das Buch ist bereits Literaturgeschichte.
1892 294 2763 359 Geschrieben als quasi privetes Dokument blieb
1891 341 2761 406 es frei von jeder Kosetterie um Wirkung, Effekt,
1893 398 2766 454 Nüance. Hat Studiengehalt: Rücksichtslosigkeit
1892 442 2755 501 der seinem Dichter organischen Grazie. Tempe¬
1896 488 2764 548 rament der Ehrlichkeit. Wohl Raffinement,
1899 544 2758 600 aber nur das der psychologischen und sozialen
1887 581 2764 644 Spürkraft. Und über all dem: Ungeschminkte
1886 628 2768 699 Poesie. Die Romantik des lächerlich=rührenden
1889 674 2437 736 und tragisch=witzigen Alltags.
1966 733 2762 784 Zehn Szenen. Aufsteigend zu dem einen, dem
1887 771 2764 836 Zensor einst so gräßlichen „gewissen Punkt“ und
1887 827 2769 888 wieder abfallend von diesem. Unverhüllter selbst
1885 889 2766 937 als Bocaccio. Und fast universaler als dieser.
1893 924 2764 1000 Mit schärferer Bliwlite. Mit Perspektive ins
1883 970 2260 1046 Vielfach=Menschlich.
1976 1009 2754 1085 Das Motiv bleibt, Milien, Umstände,
1887 1064 2763 1133 Pointen wechseln. Es ist die eine Grundmelodie,
1892 1117 2760 1182 aber sie ist entzückend gewandelt, mit sprühenden
1881 1162 2769 1225 Feinheiten bald dicht, bald zart instrumentiert.
2173 1211 2722 1315 Zeichnung von Emil Weiß.
2043 1924 2297 2047 #?
2178 2129 2528 2200 Arthur Schnitzler.
1977 2185 2758 2252 Eine kleine Hemmung, Man liest: Nicht
1897 2237 2764 2300 Schicksale, sondern Episoden. Nicht Chaxaktere,
1894 2293 2766 2348 sondern Typen. Nicht Definitionen, sonhern
1892 2344 2767 2414 Exempel. Freilich: Es geht um das „Wie“, nicht
1888 2385 2176 2447 um das „Was“.
1974 2427 2761 2499 Und: Der Witz, der hier jeweils zündet, ist
1885 2480 2764 2548 mehr als Wahrheit, Beobachtung, Esprit. Er
1877 2527 2767 2586 hat Musik des Herzens und nicht des Geistes
1886 2583 2757 2643 Er bezeugt, daß selbst Notizenarbeit eines
1882 2631 2770 2692 Dichters, Laune, Passion, Nachdenklichkeit ent¬
1899 2675 2767 2731 sprungen, Seele und Färbe hat und die un¬
1893 2732 2762 2787 bewußteharmonische Vollendung ihrer eigenen
1897 2780 2010 2835 Form.
1964 2804 2763 2875 Die Zeit verwischte nichts an den Reigen¬
1900 2873 2766 2920 Szenen. Die Zensurfreiheit hob sie aus der
1891 2920 2763 2980 Peinlichkeitssuggestion. Sie scheinen nun selbst¬
1894 2963 2304 3045 verständlich, naturnah.
1970 3010 2757 3076 Und mehr denn je ersteht das Positive
1893 3111 2763 3173 Laszivität. Ihr prinzipieller, geisterfüllter, ja
2628 3156 2724 3222 L. U.
1893 3153 2312 3239 ihr sittlicher Ernst ...
1967 3232 2765 3306 Die öffentliche, zu wohltätigem Zweck ver¬
1895 3296 2770 3354 anstaltete Generalprobe des „Reigen“ hat gestern,
1907 3341 2756 3394 Sonntag, die egschlossene, zu der nur die Ver¬
1897 3389 2765 3457 treter der Presse Zutritt hatten, Samstag stau¬
1892 3435 2065 3506 gefunden.
1968 3489 2752 3551 Wir berichten über die Aufführung sell
1941 3525 2545 3634 ch der morgigen Kremierg.
1886 3583 1955 3641 443
2135 3591 2189 3646 54
