3484 4224
155 1151 309 1204 ar het
174 1199 314 1250 agent
155 1261 321 1328 emand
164 1318 316 1368 ze aan
171 1354 319 1410 kring
167 1425 323 1486 waardig
171 1475 321 1528 zoek u
172 1515 324 1576 ffrouw,
168 1590 324 1648 er nog
191 1661 326 1726 zeide
170 1741 312 1806 haur te
178 1798 314 1846 nan en
188 1837 315 1890 meisje.
196 1877 316 1929 zeide
199 2073 289 2128 n der
184 2246 321 2298 groote
180 2284 310 2343 lat hij
162 2598 325 2662 k vind
233 2680 316 2724 or-
171 2761 229 2821 is
166 2813 322 2891 rechts
160 2875 319 2934 Jà, nu
274 60 964 169 39. Ein Erfolg
350 1146 1239 1209 was het gebeurd, nu moest #### maar uit ziin
339 1201 1233 1254 met den spot- der collega’s, met het wantrou¬
341 1244 1233 1291 wen der superieuren, met den hoon van ziin
339 1264 1235 1336 verloofde, ja ook daarmee, Het was ook uit
339 1313 1244 1371 met al het andere. Maar dat was onverschil¬
341 1358 1244 1414 lig, dat ging hem niet aan, dat mocht hem
340 1395 634 1447 niet aangaan.
380 1431 1246 1489 De twee gearresteerden naast hem waren
349 1468 1248 1522 begonnen te praten; hij probeerde niet te luis¬
347 1522 1042 1565 teren, maar het gelukte hem niet.
384 1544 1236 1611 „Juffrouw, het spijt mij erg, dat uw wande¬
401 1600 1236 1656 g zulk een bedroevend einde heeft ge¬
341 1634 518 1689 homen.“
372 1671 1234 1733 „O. dank u. het spijt mis zoo, dat u ter wille
355 1721 1241 1785 van mij, een geheel vreemde.,, zeide Kathi.
381 1757 1246 1814 „Juffrouw, zeifs als ik terwille van u tot
347 1800 1242 1848 Jarenlange zware tuchthuisstraf word veroor¬
349 1843 1210 1888 deeld, zou het mij nog een genoegen ziin.“
369 1887 1235 1945 Engelbert moest dit aanhooren en zwiigend
337 1931 1246 1976 tusschen hen in loopen. Zonder de gevange¬
342 1973 1242 2012 nen aan te kijken voelde hij, dat hun blikken
340 2014 1245 2064 meer zeiden dan hun woorden, voelde, dat er
339 2043 1238 2097 tusschen deze tweo, die door een gezamenlijk
340 2094 1232 2137 noodlot aan elkaar waren verbonden, steeds
345 2131 1240 2167 sterker vriendschap ontstond, waar hij mach¬
342 2176 1244 2224 teloos tegen was. Kathi liep zoo dicht naast
340 2206 1236 2259 hern, dat haar Japon hem aanraakte. Zij na¬
334 2245 1245 2292 derden het bureau. Toen hij het welbekende
346 2294 1229 2340 gebouw zoo dichtbij zag, ging een verleide¬
343 2332 1233 2379 lijke gedachte door ziin hoofd. Als hij eens
340 2368 1230 2419 een eind aan het geval maakte? Als hij die
344 2401 1245 2445 twee vrijliet en Kathi om vergeving vroeg?
339 2448 1244 2502 Maar hij wees deze onwaardige verzoeking
346 2483 1236 2550 van zich en met vasten tred ging hij het
344 2519 672 2579 bureau binnen.
372 2568 1232 2633 Zonder op te zien vroeg de commissaris.
462 2602 748 2653 is er gaande?“
388 2641 1227 2691 „Beleediging van een ambtenaa“ in functie en
351 2679 1239 2742 inmenging in een geval van overtreding. com¬
340 2719 870 2776 missaris“, zeide Engelbert.
376 2756 1234 2808 De commissaris keek op en toen hij Engel¬
351 2799 1231 2855 bert zag. trok hij een lichtelijk verwonderd
343 2836 1226 2898 gezicht. Toen zeide hij vriendelljk. „Wel, wel“
367 2884 1242 2940 Engelbert wist, dat dit reeds cen soort
1134 67 1444 150 box 6/
1264 1156 2158 1219 pluimpje was, maar hij bespeurde niets van hei
1260 1209 2166 1256 geluk, dat hij gedacht had te voelen, als er zich
1262 1245 2070 1300 een dergelijke gelegenheid zou voordoen.
1304 1278 2157 1345 De commissaris nam het verhoor af. „Juf¬
1268 1310 1730 1370 frouw, ik verzock u...
1316 1349 2155 1409 „Katherina Wessely, dochter van den krul¬
1288 1397 2152 1467 denier Wessely, twee en twintig jaar oud..
1309 1434 1478 1495 „En u?“
1310 1467 1794 1530 „Albert Meierling, arts“.
1306 1522 2165 1573 „Dus, beleediging van een ambtenaar, Wat
1292 1562 1671 1607 was de beleediging?“
1308 1593 2166 1638 „De juffrouw heef“ mij voor kameel ultge¬
1271 1638 2017 1689 scholden, commissaris“, zeide de agent.
1302 1677 2168 1739 „Mooi, mooi“, knikte de ### amissaris. „En de
1267 1711 1538 1768 jonge man?“
1304 1735 2164 1815 „Heeft zich veroorloofd opmerkingen over de
1266 1793 1695 1844 arrestatie te maken“.
1310 1830 2160 1887 „Mooi, mool“, dan kunnen we hier riets
1264 1868 2169 1910 meer doen, het geval hoort thuis bij den dis¬
1267 1914 2155 1967 trictsrechter. Dank u“, zeide hij tot de gear¬
1269 1953 2161 2022 resteerden. „U zult de dagvaarding wel toege¬
1273 1988 1592 2040 zonden krijgen“
1310 2026 2145 2097 „Dus wij kunnen gaan?“, vroeg de jonge ma
1268 2078 2164 2140 en het werd Engelbert bij dit „wij'’ rood voor
1266 2115 1475 2165 de bogen.
1306 2149 2158 2210 „Natuurlijk, waarheen u wilt“, antwoordde de
1278 2190 1758 2245 vriendelijke commissaris.
1302 2220 2166 2293 Kathi keek naar Engelbert alsof hij een
1270 2280 2168 2328 vreemde voor haar was. De jonge man opende
1268 2318 2163 2364 de deur en beiden verlieten het vertrek. En¬
1260 2361 2163 2404 gelbert wilde hen volgen, maar de commis¬
1261 2394 1947 2456 saris riep hem. „Hallo Friedmaier!“
1303 2431 1671 2489 „Ja commissaris“.
1310 2465 2154 2539 „Ik wensch u geluk. Het werd tijd. Overi¬
1272 2526 2153 2573 gens, hoe is dat meisje er toe gekomen u ka¬
1257 2557 1617 2619 meel te noemen?“
1308 2599 2148 2675 „Ik moet miinheer den commissaris onderda¬
1258 2653 2100 2703 nig mededeelen, dat zij miin verloofde is“
1300 2699 2160 2744 De commissaris stond op, keek Engelbert lang
1260 2729 2158 2774 aan en klopte hem toen op den schouder.
1263 2771 1796 2820 „Prachtig, dat bevalt mij.“
1314 2795 2164 2872 „Of erger nog, zij was miin verloofde,“ zeide
1263 2845 2172 2904 Engelbert terwijl hem de tranen in de oogen
1251 2881 1465 2947 kwüren.
2223 1166 3089 1234 De commissaris keck hem goedig aan. „Nu
2182 1217 3107 1280 goed, zeide hij, u keert terug naar uw post,
2196 1258 3109 1317 ik zal u voor een bizondere belooning
2183 1284 2401 1346 melden.
2216 1332 3101 1400 Engelbert snelde naar bulten en kwam juist
2197 1383 3088 1435 op tijd om Kathi en den jongen man in een
2195 1415 3104 1481 taxi te zien stappen, hij hoorde den jongen
2194 1451 2842 1519 man roepen: „Naar het Prater!“
2230 1502 3093 1565 De behandeling van de zaak had een paar
2197 1542 3096 1612 weken later plaats. De advocaat-generaal prees
2194 1583 3103 1638 de mannelijke waardigheid en de trouwe
2192 1614 3095 1688 plichtsbetrachting van den agent, die zich door
2196 1667 3090 1723 geen enkele persoonlijke betrekking had laten
2194 1707 3068 1772 weerhouden om het recht ziin loop te laten.
2230 1743 3100 1809 De verdediger brandmerkte de poging om
2199 1797 3092 1851 de bruid, die men kwijt wilde, omdat men
2192 1840 3102 1891 genoeg van haar had, langs ambtelijken weg
2196 1874 3089 1931 van den hals te schuiven en sprak de hoop uit,
2186 1913 3097 1957 dat een dergelijke arglistigheid slechts bij uit¬
2192 1958 3095 2009 zondering onder de brave agenten van de
2186 1991 3097 2044 hoofdstad zou voorkomen. De advocaat-gene¬
2193 2026 3095 2080 raal meende in ziin requisitoir, dat de funda¬
2186 2069 3099 2118 menten van den Staat zouden beginnen tewan¬
2188 2108 3099 2157 kelen, als hier geen voorbeeld werd gesteld.
2197 2145 3097 2204 En zoo gebeurde het, dat Kathi tot vijf en
2193 2185 3097 2247 twintig gulden boete werd veroordeeld, en de
2195 2227 3091 2282 arts Meierling tot tien gulden, hij betaalde voor
2191 2258 3095 2321 hen beiden. Het was een mooie Junidag en
2193 2301 3093 2352 ’s avonds gingen beiden weder naar het Prater.
2184 2340 3087 2400 Merkwaardig is echter, dat van dezen dag af
2198 2386 3088 2440 de ban, die totnutoe over Engelbert Fried¬
2193 2414 3092 2460 maler hing, verdwenen is. De slechte dingen
2189 2466 3086 2516 rondom hem zijn ontwaakt, voorbij is het in
2177 2495 3096 2557 zijn nabijhe.d met orde en rust, dagelijks escor¬
2184 2537 3091 2591 teert hij overtreders naur het bureau en zijn
2197 2574 3091 2636 collega’s kijken bewonderend naar hem op. Zij
2196 2624 3097 2675 herkennen hem nauwelijks meer. Hij is een
2196 2663 3082 2716 barde, grimmige man geworden en alle eeden
2182 2704 3088 2751 van onbesproken menschen gelden als gemeene
2191 2742 3091 2779 leugens voor de duistere macht van zijn dienst¬
2198 2776 3090 2844 eed voor wien commissarissen en rechters zich
2195 2814 2349 2869 buigen.
2923 2858 3092 2925 (Slot.)
