<?xml version="1.0" encoding="UTF-8" standalone="yes"?>
<PcGts xmlns="http://schema.primaresearch.org/PAGE/gts/pagecontent/2013-07-15" xmlns:xsi="http://www.w3.org/2001/XMLSchema-instance" xsi:schemaLocation="http://schema.primaresearch.org/PAGE/gts/pagecontent/2013-07-15 http://schema.primaresearch.org/PAGE/gts/pagecontent/2013-07-15/pagecontent.xsd">
    <Metadata>
        <Creator>prov=University of Rostock/Institute of Mathematics/CITlab/Gundram Leifert/gundram.leifert@uni-rostock.de:name=ONB_Newseye_GT_M1+(htr_id=10810)::::v=2.4.2
prov=University of Rostock/Institute of Mathematics/CITlab/Tobias Gruening/tobias.gruening@uni-rostock.de:name=de.uros.citlab.module.baseline2polygon.B2PSeamMultiOriented:v=2.4.2
prov=University of Rostock/Institute of Mathematics/CITlab/Tobias Gruening/tobias.gruening@uni-rostock.de:name=/mnt/transkribus/LA/DEA/URO/LA_news_onb_att.pb:de.uros.citlab.segmentation.CITlab_LA_ML:v=2.4.2
Transkribus</Creator>
        <Created>2019-10-07T15:16:02.868+02:00</Created>
        <LastChange>2019-10-08T23:26:23.260+02:00</LastChange>
        <TranskribusMetadata docId="224222" pageId="9515105" pageNr="5" tsid="16615644" status="IN_PROGRESS" userId="40391" imgUrl="https://files.transkribus.eu/Get?id=KEXKXRPMYITNPWNISOUBESHB&amp;fileType=view" xmlUrl="https://files.transkribus.eu/Get?id=GVZHSXCKGXBBNJMWCFMNDCUI" imageId="6203339"/>
    </Metadata>
    <Page imageFilename="224222_0005.jpeg" imageWidth="3392" imageHeight="4320">
        <ReadingOrder>
            <OrderedGroup id="ro_1711443563408" caption="Regions reading order">
                <RegionRefIndexed index="0" regionRef="r1"/>
                <RegionRefIndexed index="1" regionRef="r2"/>
            </OrderedGroup>
        </ReadingOrder>
        <TextRegion orientation="0.0" id="r1" custom="readingOrder {index:0;}">
            <Coords points="174,207 174,384 752,384 752,207"/>
            <TextLine id="r1l1" custom="readingOrder {index:0;}">
                <Coords points="164,320 194,335 245,317 445,367 497,340 539,364 564,344 760,340 762,292 715,271 630,281 565,256 438,253 355,258 267,304 205,261 166,267"/>
                <Baseline points="174,307 202,312 231,316 260,320 289,322 318,325 347,326 376,328 405,329 434,330 463,330 491,330 520,331 549,331 578,331 607,331 636,332 665,332 694,332 723,333 752,334"/>
                <TextEquiv>
                    <Unicode>2. Cuttings</Unicode>
                </TextEquiv>
            </TextLine>
            <TextEquiv>
                <Unicode>2. Cuttings</Unicode>
            </TextEquiv>
        </TextRegion>
        <TextRegion orientation="0.0" id="r2" custom="readingOrder {index:1;}">
            <Coords points="874,290 874,3406 2459,3406 2459,290"/>
            <TextLine id="r2l1" custom="readingOrder {index:0;}">
                <Coords points="864,331 947,340 1070,312 1115,341 1135,322 1182,317 1245,348 1311,323 1312,274 1230,249 1203,266 1157,253 1106,263 1066,296 1016,261 866,246"/>
                <Baseline points="874,315 899,314 924,314 949,314 974,314 999,315 1025,316 1050,316 1075,317 1100,318 1125,319 1150,320 1176,320 1201,320 1226,320 1251,320 1276,319 1302,318"/>
                <TextEquiv>
                    <Unicode>box 37/1</Unicode>
                </TextEquiv>
            </TextLine>
            <TextLine id="r2l2" custom="readingOrder {index:1;}">
                <Coords points="1432,1031 1609,1021 1699,1042 1753,1011 1807,1029 1946,1012 1945,961 1920,974 1837,947 1763,981 1634,967 1553,988 1479,968 1432,984"/>
                <Baseline points="1441,1021 1467,1019 1493,1019 1519,1018 1545,1016 1571,1016 1597,1015 1623,1015 1649,1014 1675,1014 1702,1013 1728,1013 1754,1013 1780,1013 1806,1012 1832,1012 1858,1011 1884,1011 1910,1010 1937,1009"/>
                <TextEquiv>
                    <Unicode>LA REVUE DES REVUES</Unicode>
                </TextEquiv>
            </TextLine>
            <TextLine id="r2l3" custom="readingOrder {index:2;}">
                <Coords points="990,1045 1018,1044 1030,1047 1039,1043 1048,1052 1057,1044 1062,1048 1071,1047 1069,989 1057,986 1050,993 1029,998 1018,996 1003,1007 988,1008"/>
                <Baseline points="998,1032 1030,1030 1062,1030"/>
                <TextEquiv>
                    <Unicode>12</Unicode>
                </TextEquiv>
            </TextLine>
            <TextLine id="r2l4" custom="readingOrder {index:3;}">
                <Coords points="975,1119 2390,1087 2389,1048 2194,1041 974,1075"/>
                <Baseline points="984,1122 1053,1119 1123,1118 1193,1116 1263,1114 1333,1113 1403,1111 1472,1110 1542,1108 1612,1107 1682,1106 1752,1104 1822,1102 1892,1101 1961,1099 2031,1097 2101,1094 2171,1092 2241,1089 2311,1086 2381,1083"/>
                <TextEquiv>
                    <Unicode>nous décrire l’atmosphère psychique de celte lente venue de la mort.</Unicode>
                </TextEquiv>
            </TextLine>
            <TextLine id="r2l5" custom="readingOrder {index:4;}">
                <Coords points="977,1175 2399,1140 2357,1095 976,1125"/>
                <Baseline points="986,1166 1056,1167 1126,1167 1196,1167 1267,1166 1337,1164 1407,1163 1477,1161 1548,1159 1618,1157 1688,1155 1758,1153 1829,1150 1899,1148 1969,1146 2039,1144 2110,1142 2180,1141 2250,1140 2320,1139 2391,1139"/>
                <TextEquiv>
                    <Unicode>Une nouvelle pièce de lui va se jouer sur un grand théätre de</Unicode>
                </TextEquiv>
            </TextLine>
            <TextLine id="r2l6" custom="readingOrder {index:5;}">
                <Coords points="998,1231 1856,1204 1855,1171 1697,1155 1620,1178 997,1175"/>
                <Baseline points="1007,1216 1049,1216 1091,1215 1133,1215 1175,1214 1217,1213 1259,1213 1301,1212 1343,1211 1385,1210 1427,1210 1469,1209 1511,1208 1553,1207 1595,1206 1637,1205 1679,1204 1721,1202 1763,1201 1805,1200 1847,1199"/>
                <TextEquiv>
                    <Unicode>Vienne et demain le poête sera eélöhre.</Unicode>
                </TextEquiv>
            </TextLine>
            <TextLine id="r2l7" custom="readingOrder {index:6;}">
                <Coords points="1033,1267 2334,1252 2402,1234 2401,1185 1032,1233"/>
                <Baseline points="1041,1263 1108,1263 1176,1263 1243,1262 1311,1261 1379,1260 1446,1259 1514,1257 1581,1256 1649,1254 1717,1252 1784,1250 1852,1248 1919,1245 1987,1244 2054,1241 2122,1239 2190,1237 2257,1234 2325,1232 2393,1230"/>
                <TextEquiv>
                    <Unicode>Je devrais dire ici quelques mots de M. Charles de Torresani. Ses</Unicode>
                </TextEquiv>
            </TextLine>
            <TextLine id="r2l8" custom="readingOrder {index:7;}">
                <Coords points="990,1331 2409,1288 2408,1251 2284,1242 989,1283"/>
                <Baseline points="998,1315 1068,1314 1138,1312 1208,1311 1278,1310 1348,1308 1418,1306 1488,1305 1558,1303 1628,1302 1698,1300 1768,1298 1838,1297 1908,1295 1978,1293 2048,1291 2118,1289 2188,1287 2258,1284 2328,1281 2399,1279"/>
                <TextEquiv>
                    <Unicode>récits militaires sont connus partout. L’un d’entre eux, le Quart</Unicode>
                </TextEquiv>
            </TextLine>
            <TextLine id="r2l9" custom="readingOrder {index:8;}">
                <Coords points="990,1365 2312,1351 2404,1288 989,1331"/>
                <Baseline points="998,1365 1067,1363 1137,1362 1207,1361 1277,1360 1347,1358 1417,1357 1486,1356 1556,1354 1626,1353 1696,1351 1766,1349 1836,1348 1906,1346 1975,1343 2045,1342 2115,1339 2185,1336 2255,1334 2325,1331 2395,1328"/>
                <TextEquiv>
                    <Unicode>Cheure de grüce, vient d’étre reproduit par la Nerue de Poris. On le</Unicode>
                </TextEquiv>
            </TextLine>
            <TextLine id="r2l10" custom="readingOrder {index:9;}">
                <Coords points="998,1425 2226,1408 2383,1392 2400,1351 997,1389"/>
                <Baseline points="1006,1416 1075,1414 1144,1412 1213,1410 1283,1408 1352,1406 1421,1405 1490,1403 1560,1401 1629,1400 1698,1399 1767,1397 1837,1395 1906,1394 1975,1392 2044,1390 2114,1388 2183,1386 2252,1384 2321,1382 2391,1379"/>
                <TextEquiv>
                    <Unicode>comparerait volontiers à Ompteda, à Liliencron et aux Russes, seule¬</Unicode>
                </TextEquiv>
            </TextLine>
            <TextLine id="r2l11" custom="readingOrder {index:10;}">
                <Coords points="996,1466 2268,1451 2412,1393 995,1436"/>
                <Baseline points="1004,1463 1077,1461 1151,1459 1224,1457 1298,1455 1372,1454 1445,1452 1519,1451 1593,1449 1666,1448 1740,1446 1813,1445 1887,1443 1961,1442 2034,1440 2108,1438 2182,1436 2255,1434 2329,1431 2403,1428"/>
                <TextEquiv>
                    <Unicode>ment son stvle est läche — celuide Vienne est généralement excellent</Unicode>
                </TextEquiv>
            </TextLine>
            <TextLine id="r2l12" custom="readingOrder {index:11;}">
                <Coords points="1001,1511 2349,1503 2413,1445 1000,1490"/>
                <Baseline points="1010,1509 1079,1508 1149,1508 1219,1507 1289,1506 1359,1505 1428,1504 1498,1502 1568,1501 1638,1499 1708,1497 1777,1496 1847,1494 1917,1492 1987,1490 2057,1488 2126,1486 2196,1484 2266,1482 2336,1480 2406,1478"/>
                <TextEquiv>
                    <Unicode>— et ses livres manquent de composition. — Des poctes de talent</Unicode>
                </TextEquiv>
            </TextLine>
            <TextLine id="r2l13" custom="readingOrder {index:12;}">
                <Coords points="996,1568 2244,1555 2413,1534 2412,1497 995,1540"/>
                <Baseline points="1005,1562 1074,1560 1144,1558 1214,1556 1284,1555 1354,1554 1424,1552 1494,1550 1564,1549 1634,1548 1704,1546 1773,1544 1843,1543 1913,1541 1983,1539 2053,1538 2123,1535 2193,1533 2263,1530 2333,1527 2403,1525"/>
                <TextEquiv>
                    <Unicode>naissent la-bas. MM. Salten et Félix Doermann trouvent quelque¬</Unicode>
                </TextEquiv>
            </TextLine>
            <TextLine id="r2l14" custom="readingOrder {index:13;}">
                <Coords points="999,1619 2377,1594 2415,1547 997,1568"/>
                <Baseline points="1008,1610 1077,1609 1147,1608 1217,1606 1287,1605 1357,1604 1427,1602 1497,1601 1567,1599 1637,1597 1707,1596 1776,1594 1846,1592 1916,1590 1986,1588 2056,1587 2126,1584 2196,1582 2266,1580 2336,1578 2406,1576"/>
                <TextEquiv>
                    <Unicode>fois des notes heureuses. IIs ont troplu Bandelaire et leurs vers visent</Unicode>
                </TextEquiv>
            </TextLine>
            <TextLine id="r2l15" custom="readingOrder {index:14;}">
                <Coords points="1000,1664 2424,1635 2399,1588 999,1623"/>
                <Baseline points="1009,1657 1079,1657 1149,1657 1219,1656 1290,1655 1360,1653 1430,1652 1501,1650 1571,1648 1641,1646 1712,1644 1782,1642 1852,1640 1922,1638 1993,1636 2063,1635 2133,1633 2204,1631 2274,1630 2344,1629 2415,1628"/>
                <TextEquiv>
                    <Unicode>bien souvent à larliliciel, plutôt qu’à la figuration d’un senliment</Unicode>
                </TextEquiv>
            </TextLine>
            <TextLine id="r2l16" custom="readingOrder {index:15;}">
                <Coords points="1007,1706 1019,1706 1037,1717 1040,1713 1049,1722 1055,1716 1063,1720 1067,1716 1093,1719 1100,1712 1106,1716 1113,1710 1130,1708 1130,1678 1114,1679 1094,1668 1079,1668 1063,1679 1042,1674 1033,1680 1006,1682"/>
                <Baseline points="1015,1705 1041,1704 1068,1704 1094,1704 1121,1703"/>
                <TextEquiv>
                    <Unicode>vrai.</Unicode>
                </TextEquiv>
            </TextLine>
            <TextLine id="r2l17" custom="readingOrder {index:16;}">
                <Coords points="1047,1753 2376,1748 2408,1696 1046,1730"/>
                <Baseline points="1056,1758 1123,1757 1190,1756 1257,1755 1325,1754 1392,1753 1459,1751 1526,1750 1594,1748 1661,1747 1728,1745 1795,1743 1863,1741 1930,1739 1997,1737 2064,1735 2132,1733 2199,1730 2266,1728 2333,1726 2401,1724"/>
                <TextEquiv>
                    <Unicode>Quand on parle à un Viennois lettré de Hugo von Hofmannsthal,</Unicode>
                </TextEquiv>
            </TextLine>
            <TextLine id="r2l18" custom="readingOrder {index:17;}">
                <Coords points="995,1801 2425,1780 2423,1729 995,1773"/>
                <Baseline points="1004,1807 1074,1806 1145,1804 1215,1802 1286,1801 1356,1798 1427,1796 1497,1795 1568,1793 1638,1790 1709,1788 1780,1786 1850,1784 1921,1782 1991,1780 2062,1778 2132,1777 2203,1776 2273,1775 2344,1774 2415,1774"/>
                <TextEquiv>
                    <Unicode>qui longtemps fut connu sons le pseudonyme de Loris, il sourit d’un</Unicode>
                </TextEquiv>
            </TextLine>
            <TextLine id="r2l19" custom="readingOrder {index:18;}">
                <Coords points="1008,1854 2337,1840 2421,1792 1007,1830"/>
                <Baseline points="1017,1856 1086,1855 1156,1853 1226,1851 1296,1850 1366,1848 1435,1846 1505,1845 1575,1843 1645,1841 1715,1840 1784,1838 1854,1836 1924,1834 1994,1832 2064,1830 2133,1829 2203,1827 2273,1824 2343,1822 2413,1820"/>
                <TextEquiv>
                    <Unicode>air entendu et se met à vons entretenir de la jennesse des grands</Unicode>
                </TextEquiv>
            </TextLine>
            <TextLine id="r2l20" custom="readingOrder {index:19;}">
                <Coords points="1012,1917 2427,1862 2406,1822 1011,1873"/>
                <Baseline points="1021,1905 1090,1903 1160,1902 1230,1900 1300,1898 1370,1897 1440,1895 1510,1893 1580,1891 1650,1890 1720,1888 1789,1887 1859,1885 1929,1883 1999,1882 2069,1880 2139,1878 2209,1877 2279,1876 2349,1874 2419,1873"/>
                <TextEquiv>
                    <Unicode>hommes. &amp; Loris est capable de tont faire; il saurait écrire lout ce</Unicode>
                </TextEquiv>
            </TextLine>
            <TextLine id="r2l21" custom="readingOrder {index:20;}">
                <Coords points="1008,1968 2328,1944 2428,1922 2427,1878 1006,1924"/>
                <Baseline points="1017,1958 1087,1955 1157,1952 1227,1950 1297,1948 1367,1946 1437,1944 1507,1943 1577,1941 1647,1939 1717,1938 1787,1936 1857,1934 1927,1932 1997,1931 2067,1929 2137,1927 2207,1925 2277,1922 2347,1920 2418,1917"/>
                <TextEquiv>
                    <Unicode>que les autres ont produit et cerlainement il fera bien davanlage</Unicode>
                </TextEquiv>
            </TextLine>
            <TextLine id="r2l22" custom="readingOrder {index:21;}">
                <Coords points="1017,2005 2076,2001 2378,1985 2419,1941 1016,1966"/>
                <Baseline points="1025,2005 1094,2004 1163,2003 1232,2001 1302,1999 1371,1998 1440,1996 1510,1994 1579,1991 1648,1990 1718,1987 1787,1986 1856,1983 1925,1981 1995,1979 2064,1977 2133,1975 2203,1973 2272,1971 2341,1968 2411,1967"/>
                <TextEquiv>
                    <Unicode>encore. 9 On le croit en mesure de tenir loutes les promesses. II dé¬</Unicode>
                </TextEquiv>
            </TextLine>
            <TextLine id="r2l23" custom="readingOrder {index:22;}">
                <Coords points="1013,2067 2432,2023 2372,1980 1012,2020"/>
                <Baseline points="1022,2052 1092,2051 1162,2049 1232,2047 1302,2046 1372,2044 1442,2042 1512,2040 1582,2039 1652,2037 1722,2035 1792,2033 1862,2031 1932,2029 2002,2027 2072,2025 2142,2023 2212,2021 2282,2020 2352,2018 2422,2016"/>
                <TextEquiv>
                    <Unicode>buta à quinze ans, ilen a vingt et un aujourd'hui (1). Ses vers — car</Unicode>
                </TextEquiv>
            </TextLine>
            <TextLine id="r2l24" custom="readingOrder {index:23;}">
                <Coords points="1014,2113 2433,2073 2431,2023 1013,2067"/>
                <Baseline points="1022,2102 1092,2099 1162,2098 1232,2096 1302,2094 1372,2093 1442,2091 1512,2090 1582,2088 1652,2086 1722,2084 1792,2083 1862,2081 1932,2079 2002,2077 2072,2075 2142,2073 2212,2071 2282,2068 2352,2066 2423,2063"/>
                <TextEquiv>
                    <Unicode>il fait surlout des vers — ont loute la pureté de la poésie classique</Unicode>
                </TextEquiv>
            </TextLine>
            <TextLine id="r2l25" custom="readingOrder {index:24;}">
                <Coords points="1026,2165 2360,2135 2431,2083 1024,2112"/>
                <Baseline points="1034,2151 1103,2150 1172,2147 1242,2146 1311,2144 1381,2142 1450,2140 1519,2139 1589,2137 1658,2135 1728,2133 1797,2131 1866,2129 1936,2127 2005,2126 2075,2123 2144,2122 2213,2119 2283,2117 2352,2114 2422,2112"/>
                <TextEquiv>
                    <Unicode>allemande et il manie sa langue avec aufant d’habileté que les épi¬</Unicode>
                </TextEquiv>
            </TextLine>
            <TextLine id="r2l26" custom="readingOrder {index:25;}">
                <Coords points="1017,2226 2431,2161 2430,2122 2317,2121 1016,2172"/>
                <Baseline points="1025,2201 1094,2199 1164,2198 1234,2196 1304,2194 1374,2193 1444,2191 1514,2189 1584,2187 1654,2185 1724,2184 1793,2182 1863,2180 1933,2178 2003,2176 2073,2174 2143,2171 2213,2169 2283,2166 2353,2164 2423,2161"/>
                <TextEquiv>
                    <Unicode>gones des grandes époques, Geibel et Heyse. Ses articles de critique</Unicode>
                </TextEquiv>
            </TextLine>
            <TextLine id="r2l27" custom="readingOrder {index:26;}">
                <Coords points="1028,2254 2318,2232 2432,2195 1027,2224"/>
                <Baseline points="1037,2249 1106,2247 1175,2245 1245,2243 1314,2242 1383,2240 1453,2238 1522,2237 1591,2235 1661,2234 1730,2232 1799,2230 1869,2229 1938,2227 2007,2225 2077,2223 2146,2222 2215,2220 2285,2218 2354,2216 2424,2214"/>
                <TextEquiv>
                    <Unicode>sont ceux d’un homme müri par Pexpérience. Qu’il parle d’Annunzio,</Unicode>
                </TextEquiv>
            </TextLine>
            <TextLine id="r2l28" custom="readingOrder {index:27;}">
                <Coords points="1019,2299 2258,2289 2439,2233 1018,2257"/>
                <Baseline points="1028,2297 1098,2296 1168,2295 1238,2293 1308,2292 1378,2290 1448,2288 1519,2286 1589,2285 1659,2283 1729,2280 1799,2279 1869,2277 1939,2275 2010,2273 2080,2272 2150,2271 2220,2269 2290,2268 2360,2267 2431,2267"/>
                <TextEquiv>
                    <Unicode>d’Emerson ou de Walter Pater, de Bahr on de Bourget, toujours il</Unicode>
                </TextEquiv>
            </TextLine>
            <TextLine id="r2l29" custom="readingOrder {index:28;}">
                <Coords points="1022,2346 2434,2309 2359,2268 1021,2305"/>
                <Baseline points="1032,2345 1101,2344 1171,2342 1240,2341 1310,2339 1380,2338 1449,2336 1519,2334 1589,2333 1658,2331 1728,2329 1798,2327 1867,2326 1937,2324 2007,2322 2076,2320 2146,2318 2216,2317 2285,2315 2355,2312 2425,2311"/>
                <TextEquiv>
                    <Unicode>saura donner un apereu neuf, une opinion à lui. Pourlant, à travers</Unicode>
                </TextEquiv>
            </TextLine>
            <TextLine id="r2l30" custom="readingOrder {index:29;}">
                <Coords points="1022,2398 2444,2363 2443,2326 2277,2323 1021,2350"/>
                <Baseline points="1031,2395 1101,2394 1171,2393 1241,2391 1311,2390 1382,2388 1452,2387 1522,2385 1592,2384 1662,2382 1733,2380 1803,2378 1873,2376 1943,2374 2013,2372 2084,2370 2154,2368 2224,2366 2294,2364 2364,2362 2435,2359"/>
                <TextEquiv>
                    <Unicode>Télegance de sa phrase, dans la finesse de ses observalions, percera</Unicode>
                </TextEquiv>
            </TextLine>
            <TextLine id="r2l31" custom="readingOrder {index:30;}">
                <Coords points="1027,2445 2433,2416 2386,2368 1026,2399"/>
                <Baseline points="1036,2447 1105,2445 1174,2443 1244,2441 1313,2439 1383,2437 1452,2435 1521,2432 1591,2430 1660,2428 1730,2426 1799,2424 1868,2422 1938,2420 2007,2418 2077,2417 2146,2415 2215,2414 2285,2412 2354,2411 2424,2410"/>
                <TextEquiv>
                    <Unicode>toujours un certain desenchantement, une lassitude d’étresijenneet de</Unicode>
                </TextEquiv>
            </TextLine>
            <TextLine id="r2l32" custom="readingOrder {index:31;}">
                <Coords points="1030,2494 2202,2487 2440,2442 1030,2464"/>
                <Baseline points="1039,2494 1108,2492 1178,2490 1247,2488 1317,2487 1387,2485 1456,2483 1526,2482 1595,2480 1665,2478 1735,2477 1804,2475 1874,2473 1943,2472 2013,2469 2083,2468 2152,2466 2222,2464 2291,2462 2361,2460 2431,2458"/>
                <TextEquiv>
                    <Unicode>connaitrelant de choses. Cest lale danger quile guette.Al’ageon d’au¬</Unicode>
                </TextEquiv>
            </TextLine>
            <TextLine id="r2l33" custom="readingOrder {index:32;}">
                <Coords points="1036,2541 2307,2533 2444,2483 1035,2513"/>
                <Baseline points="1045,2542 1114,2541 1184,2540 1253,2539 1323,2538 1392,2536 1462,2534 1531,2533 1601,2531 1670,2528 1740,2527 1809,2525 1879,2522 1948,2520 2018,2518 2087,2517 2157,2515 2226,2514 2296,2513 2365,2512 2435,2512"/>
                <TextEquiv>
                    <Unicode>Ires debutent dans les lettres, il a compris la vanité qu'il yad écrire,</Unicode>
                </TextEquiv>
            </TextLine>
            <TextLine id="r2l34" custom="readingOrder {index:33;}">
                <Coords points="1032,2594 2306,2580 2441,2525 1031,2561"/>
                <Baseline points="1040,2594 1109,2592 1179,2590 1248,2588 1318,2586 1388,2584 1457,2583 1527,2581 1597,2579 1666,2577 1736,2575 1806,2573 1875,2571 1945,2569 2015,2567 2084,2565 2154,2563 2224,2560 2293,2558 2363,2555 2433,2552"/>
                <TextEquiv>
                    <Unicode>quand on porte sur ses épaulesle poids de lant de chefs-d’euvres d’au¬</Unicode>
                </TextEquiv>
            </TextLine>
            <TextLine id="r2l35" custom="readingOrder {index:34;}">
                <Coords points="1040,2644 2451,2610 2410,2565 1039,2600"/>
                <Baseline points="1048,2641 1117,2639 1187,2638 1257,2636 1327,2634 1396,2632 1466,2631 1536,2629 1606,2628 1675,2626 1745,2624 1815,2622 1885,2620 1954,2618 2024,2616 2094,2614 2164,2612 2233,2610 2303,2608 2373,2606 2443,2603"/>
                <TextEquiv>
                    <Unicode>trefois. Son fragment de drame, In Mort du Titien, son adorable petit</Unicode>
                </TextEquiv>
            </TextLine>
            <TextLine id="r2l36" custom="readingOrder {index:35;}">
                <Coords points="1032,2702 2451,2670 2391,2617 1031,2651"/>
                <Baseline points="1040,2690 1110,2689 1180,2688 1250,2686 1320,2685 1390,2683 1460,2681 1530,2679 1600,2678 1670,2675 1740,2673 1810,2671 1880,2669 1950,2667 2020,2665 2090,2663 2160,2661 2230,2660 2300,2658 2370,2657 2441,2656"/>
                <TextEquiv>
                    <Unicode>acte le Fou#el in Mort (2) portent des traces de ce découragement.</Unicode>
                </TextEquiv>
            </TextLine>
            <TextLine id="r2l37" custom="readingOrder {index:36;}">
                <Coords points="1036,2741 2442,2714 2381,2662 1035,2702"/>
                <Baseline points="1045,2739 1114,2738 1183,2737 1253,2735 1322,2734 1392,2732 1461,2730 1530,2729 1600,2727 1669,2725 1739,2723 1808,2721 1877,2719 1947,2717 2016,2715 2086,2713 2155,2711 2224,2709 2294,2707 2363,2705 2433,2703"/>
                <TextEquiv>
                    <Unicode>Cela est lout gethien. El, comme Gethe, il se préoccupe des rela¬</Unicode>
                </TextEquiv>
            </TextLine>
            <TextLine id="r2l38" custom="readingOrder {index:37;}">
                <Coords points="1037,2793 2364,2772 2455,2720 1036,2765"/>
                <Baseline points="1045,2788 1115,2786 1185,2784 1255,2782 1325,2780 1395,2779 1465,2777 1535,2775 1605,2773 1675,2772 1746,2770 1816,2768 1886,2766 1956,2765 2026,2763 2096,2761 2166,2759 2236,2757 2306,2755 2376,2754 2447,2751"/>
                <TextEquiv>
                    <Unicode>tions de Thomme avec T’univers. Quand nous donnera-L-ilson Hilelm</Unicode>
                </TextEquiv>
            </TextLine>
            <TextLine id="r2l39" custom="readingOrder {index:38;}">
                <Coords points="1041,2851 2458,2825 2457,2767 1040,2796"/>
                <Baseline points="1049,2838 1119,2836 1189,2834 1259,2833 1329,2831 1399,2829 1469,2827 1539,2825 1609,2823 1679,2822 1749,2820 1819,2818 1889,2816 1959,2814 2029,2813 2099,2811 2169,2809 2239,2807 2309,2805 2379,2804 2449,2802"/>
                <TextEquiv>
                    <Unicode>Meister? S’il devait etre jamais pris par le desespoir, il en serait sauve</Unicode>
                </TextEquiv>
            </TextLine>
            <TextLine id="r2l40" custom="readingOrder {index:39;}">
                <Coords points="1044,2912 2446,2853 2445,2816 2325,2814 1043,2852"/>
                <Baseline points="1053,2887 1122,2885 1191,2883 1260,2881 1329,2880 1399,2878 1468,2876 1537,2874 1606,2873 1675,2871 1745,2869 1814,2868 1883,2866 1952,2864 2021,2862 2091,2860 2160,2858 2229,2855 2298,2853 2367,2851 2437,2848"/>
                <TextEquiv>
                    <Unicode>par son grand amour de la vie et par son énorme curiosité des choses.</Unicode>
                </TextEquiv>
            </TextLine>
            <TextLine id="r2l41" custom="readingOrder {index:40;}">
                <Coords points="1075,2932 2378,2922 2451,2900 2450,2854 1074,2900"/>
                <Baseline points="1083,2934 1151,2932 1219,2931 1287,2929 1355,2928 1423,2926 1491,2925 1559,2923 1627,2921 1695,2920 1763,2918 1831,2916 1899,2914 1967,2912 2035,2910 2103,2908 2171,2906 2239,2904 2307,2902 2375,2899 2443,2896"/>
                <TextEquiv>
                    <Unicode>Les hommes dont Jj'ai parlé ici sont tous jeunes et presque à leurs</Unicode>
                </TextEquiv>
            </TextLine>
            <TextLine id="r2l42" custom="readingOrder {index:41;}">
                <Coords points="1036,2977 2448,2957 2446,2901 1035,2947"/>
                <Baseline points="1044,2983 1113,2982 1183,2981 1253,2980 1323,2979 1392,2977 1462,2976 1532,2974 1602,2973 1671,2971 1741,2969 1811,2967 1881,2965 1950,2963 2020,2961 2090,2959 2160,2957 2229,2955 2299,2953 2369,2951 2439,2949"/>
                <TextEquiv>
                    <Unicode>debuts. Pourquoi ne naitrait-il pas lä-bas, sur cette vieille terre de</Unicode>
                </TextEquiv>
            </TextLine>
            <TextLine id="r2l43" custom="readingOrder {index:42;}">
                <Coords points="1048,3051 2401,3015 2449,2972 1046,2989"/>
                <Baseline points="1056,3035 1125,3033 1194,3032 1263,3030 1333,3028 1402,3026 1471,3025 1540,3023 1610,3022 1679,3020 1748,3018 1817,3017 1887,3015 1956,3013 2025,3011 2094,3008 2164,3006 2233,3004 2302,3001 2371,2998 2441,2995"/>
                <TextEquiv>
                    <Unicode>T’Allemagne des traditions, à lécart del’'Empire prussien, un art nou¬</Unicode>
                </TextEquiv>
            </TextLine>
            <TextLine id="r2l44" custom="readingOrder {index:43;}">
                <Coords points="1034,3082 2451,3050 2348,3007 1033,3051"/>
                <Baseline points="1044,3086 1113,3084 1183,3082 1253,3080 1323,3079 1393,3077 1463,3076 1533,3074 1603,3072 1673,3071 1743,3069 1812,3068 1882,3065 1952,3064 2022,3061 2092,3059 2162,3056 2232,3054 2302,3050 2372,3048 2442,3044"/>
                <TextEquiv>
                    <Unicode>vean dans une culture nouvelle? Le jeune Loris n’a-t-il pas essayé</Unicode>
                </TextEquiv>
            </TextLine>
            <TextLine id="r2l45" custom="readingOrder {index:44;}">
                <Coords points="1040,3139 2465,3096 2464,3057 2305,3051 1039,3095"/>
                <Baseline points="1048,3131 1118,3130 1188,3129 1259,3127 1329,3126 1400,3124 1470,3123 1541,3121 1611,3119 1682,3117 1752,3116 1822,3114 1893,3112 1963,3110 2034,3107 2104,3105 2175,3103 2245,3101 2316,3098 2386,3096 2457,3093"/>
                <TextEquiv>
                    <Unicode>d’en donner jadis la formule? &amp; Car comme le peuple rebelle de la</Unicode>
                </TextEquiv>
            </TextLine>
            <TextLine id="r2l46" custom="readingOrder {index:45;}">
                <Coords points="1047,3202 2466,3154 2411,3102 1046,3153"/>
                <Baseline points="1055,3187 1125,3184 1195,3182 1265,3179 1335,3177 1405,3175 1475,3172 1545,3170 1615,3168 1685,3166 1756,3164 1826,3162 1896,3160 1966,3158 2036,3157 2106,3155 2176,3153 2246,3151 2316,3149 2386,3146 2457,3144"/>
                <TextEquiv>
                    <Unicode>grande ville sortit en masses sur la montagne sainte, ainsi a fui loin</Unicode>
                </TextEquiv>
            </TextLine>
            <TextLine id="r2l47" custom="readingOrder {index:46;}">
                <Coords points="1041,3250 2231,3233 2458,3216 2457,3155 1040,3202"/>
                <Baseline points="1049,3231 1119,3230 1189,3229 1259,3228 1329,3226 1399,3225 1469,3223 1539,3221 1609,3219 1679,3217 1749,3216 1819,3213 1889,3212 1959,3210 2029,3207 2099,3205 2169,3203 2239,3200 2309,3198 2379,3196 2449,3193"/>
                <TextEquiv>
                    <Unicode>de nous la foule de nos pensees de beauté et de bonheur. Loin de la</Unicode>
                </TextEquiv>
            </TextLine>
            <TextLine id="r2l48" custom="readingOrder {index:47;}">
                <Coords points="1082,3329 2383,3298 2469,3288 2468,3249 1080,3260"/>
                <Baseline points="1091,3311 1159,3310 1227,3309 1296,3308 1364,3306 1433,3305 1501,3304 1569,3302 1638,3301 1706,3299 1775,3297 1843,3295 1911,3293 1980,3290 2048,3288 2117,3285 2185,3283 2253,3280 2322,3277 2390,3274 2459,3271"/>
                <TextEquiv>
                    <Unicode>(1 M. Bahr m'a reproché dernièrement de l’avoir comparé à Camille Mauclair,</Unicode>
                </TextEquiv>
            </TextLine>
            <TextLine id="r2l49" custom="readingOrder {index:48;}">
                <Coords points="1058,3367 2354,3308 1056,3323"/>
                <Baseline points="1067,3353 1130,3352 1194,3350 1258,3349 1322,3348 1386,3346 1450,3344 1514,3343 1578,3341 1642,3339 1706,3337 1769,3335 1833,3333 1897,3331 1961,3329 2025,3326 2089,3324 2153,3322 2217,3319 2281,3317 2345,3315"/>
                <TextEquiv>
                    <Unicode>auquel it ressemble vagnement au physique. (Die Zeit, 8 décembre 1894.)</Unicode>
                </TextEquiv>
            </TextLine>
            <TextLine id="r2l50" custom="readingOrder {index:49;}">
                <Coords points="1085,3404 2156,3388 2339,3374 2356,3327 1084,3378"/>
                <Baseline points="1094,3396 1156,3393 1219,3391 1281,3388 1344,3386 1407,3384 1469,3382 1532,3380 1595,3378 1657,3376 1720,3375 1783,3373 1845,3371 1908,3369 1971,3368 2033,3366 2096,3364 2159,3362 2221,3359 2284,3356 2347,3353"/>
                <TextEquiv>
                    <Unicode>(2) Der Thor und der Tod, dans l’Almanach des Muses pour T’année 1894.</Unicode>
                </TextEquiv>
            </TextLine>
            <TextEquiv>
                <Unicode>box 37/1
LA REVUE DES REVUES
12
nous décrire l’atmosphère psychique de celte lente venue de la mort.
Une nouvelle pièce de lui va se jouer sur un grand théätre de
Vienne et demain le poête sera eélöhre.
Je devrais dire ici quelques mots de M. Charles de Torresani. Ses
récits militaires sont connus partout. L’un d’entre eux, le Quart
Cheure de grüce, vient d’étre reproduit par la Nerue de Poris. On le
comparerait volontiers à Ompteda, à Liliencron et aux Russes, seule¬
ment son stvle est läche — celuide Vienne est généralement excellent
— et ses livres manquent de composition. — Des poctes de talent
naissent la-bas. MM. Salten et Félix Doermann trouvent quelque¬
fois des notes heureuses. IIs ont troplu Bandelaire et leurs vers visent
bien souvent à larliliciel, plutôt qu’à la figuration d’un senliment
vrai.
Quand on parle à un Viennois lettré de Hugo von Hofmannsthal,
qui longtemps fut connu sons le pseudonyme de Loris, il sourit d’un
air entendu et se met à vons entretenir de la jennesse des grands
hommes. &amp; Loris est capable de tont faire; il saurait écrire lout ce
que les autres ont produit et cerlainement il fera bien davanlage
encore. 9 On le croit en mesure de tenir loutes les promesses. II dé¬
buta à quinze ans, ilen a vingt et un aujourd'hui (1). Ses vers — car
il fait surlout des vers — ont loute la pureté de la poésie classique
allemande et il manie sa langue avec aufant d’habileté que les épi¬
gones des grandes époques, Geibel et Heyse. Ses articles de critique
sont ceux d’un homme müri par Pexpérience. Qu’il parle d’Annunzio,
d’Emerson ou de Walter Pater, de Bahr on de Bourget, toujours il
saura donner un apereu neuf, une opinion à lui. Pourlant, à travers
Télegance de sa phrase, dans la finesse de ses observalions, percera
toujours un certain desenchantement, une lassitude d’étresijenneet de
connaitrelant de choses. Cest lale danger quile guette.Al’ageon d’au¬
Ires debutent dans les lettres, il a compris la vanité qu'il yad écrire,
quand on porte sur ses épaulesle poids de lant de chefs-d’euvres d’au¬
trefois. Son fragment de drame, In Mort du Titien, son adorable petit
acte le Fou#el in Mort (2) portent des traces de ce découragement.
Cela est lout gethien. El, comme Gethe, il se préoccupe des rela¬
tions de Thomme avec T’univers. Quand nous donnera-L-ilson Hilelm
Meister? S’il devait etre jamais pris par le desespoir, il en serait sauve
par son grand amour de la vie et par son énorme curiosité des choses.
Les hommes dont Jj'ai parlé ici sont tous jeunes et presque à leurs
debuts. Pourquoi ne naitrait-il pas lä-bas, sur cette vieille terre de
T’Allemagne des traditions, à lécart del’'Empire prussien, un art nou¬
vean dans une culture nouvelle? Le jeune Loris n’a-t-il pas essayé
d’en donner jadis la formule? &amp; Car comme le peuple rebelle de la
grande ville sortit en masses sur la montagne sainte, ainsi a fui loin
de nous la foule de nos pensees de beauté et de bonheur. Loin de la
(1 M. Bahr m'a reproché dernièrement de l’avoir comparé à Camille Mauclair,
auquel it ressemble vagnement au physique. (Die Zeit, 8 décembre 1894.)
(2) Der Thor und der Tod, dans l’Almanach des Muses pour T’année 1894.</Unicode>
            </TextEquiv>
        </TextRegion>
    </Page>
</PcGts>
