3392 4352
196 315 802 424 2. Cuttings
894 320 1351 411 box 37/1
1279 805 2378 1053 (D dn Oend
1478 1051 1944 1142 LE DROIT DE MOURIR
1015 1133 2424 1219 meme qui le tue après son consentement et ses prières, niest pas
1015 1204 1303 1276 punissable.
1067 1259 2438 1326 Cependant, à cette théorie morale et juridique, qui tient évi¬
1014 1311 2432 1373 demment à la conscience nonvelle qu'on a de lavie humaine au¬
1010 1365 2438 1429 jourd'hul, il fant ajouter une dernière remarque, pour la rendre
1015 1423 2431 1487 compléte et mienx correspondante anx données de la psycho¬
1019 1471 2447 1560 logie et de la psychopathologie du suicide individuel etdu snicide
1026 1531 1227 1590 à denx.
1067 1579 2432 1643 Je venx dire que lorsqu'on envisage Teuvre, non plus de celui
1027 1640 2440 1706 qui se fait tuer, mais de celui qui aide à mourir, il faut tenir
1031 1698 2048 1754 compte des motifs qui ont déterminé celui-ci.
1077 1745 2443 1816 Tont acte humain est moralement indifférent, envisagé en
1029 1799 2437 1848 Iui-mème: lner un homme peut étre un acte criminel ou bien
1035 1853 2437 1907 un acte légitime, suivant le motif qui détermine celui qui tue,
1033 1914 2439 1971 par exemple la vengeance ou la. légitime défense. De méme, un
1030 1974 2432 2039 acte apparent de bienfaisance peut étre immoral, s’il est déter¬
1032 2019 1757 2075 miné par des motifs immoranx.
1063 2036 2441 2137 De sorte que. meme dans le cas desimple concours an snieide,
1022 2118 2446 2193 la peine atténuée donnée indifféremment est absurde par dé¬
1022 2187 2440 2246 faut on par excès. Elle n’est qufune moyenne, une transaction
1034 2230 2440 2295 et partant elle est insigniliante, comme les capotes des conserits,
1036 2282 2439 2356 d’une mesure uniforme, trop longues pour les petits et trop
1030 2330 1607 2400 courtes pour les grands.
1077 2389 2433 2460 Si celui qui aide au suieide le fait pour des motifs immoraux
1023 2441 2436 2497 ou criminels, tels que la haine, la vengeance, la cupidité d’un
1032 2495 2440 2563 héritage, il n’est qu'un assassin (assassin par )rande au lien
1027 2547 2438 2622 d’étre assassin par riolence) et alors la peine spéciale etatténuée
1032 2620 2448 2685 nest pas adaptée à son erime ni à sa personnalité anti-sociale et
1020 2663 1379 2731 anti-humaine.
1077 2712 2437 2776 Mais, an contraire, si celui qui tue le fait, non seulement avec
1024 2763 2434 2821 le consentement de la victime et par ses prières, mais aussi pour
1037 2819 2437 2887 des motifs moraux et humanitaires (tels que la pitié, l’amitié,
1020 2888 2441 2936 T’amour), alors le droit de mourir et de se faire tuer chez la vie¬
1023 2933 2440 3001 time s’accorde avec l’intention bienfaisante de Tagent —qui n’est
1032 2996 2450 3054 pas un étre anti-social. Et alors, le jugement moral et légal sur
1033 3045 2443 3105 son acte doit etre d’acquittement et d’approbation, malgre les
1026 3093 2446 3179 habitudes mentales qui noussont imposées par une morale aussi
1038 3140 1829 3210 traditionnelle que conventionnelle.
2005 3206 2346 3285 Exnico FERR.
2586 956 2826 1178 2
