3344 4256
192 243 779 346 2. Cuttings
892 236 1336 333 box 37/1
1433 955 1941 1042 LA REVUE DES HEVUES
987 988 1077 1049 10
974 1033 2401 1131 je le merite. Personne ne doute de mol, mais tous sont embarrasses
989 1092 2403 1184 de cette question: Que fant-il done lire de lui?... , Revenn d’apen
994 1139 2403 1235 pres tous ses avatars, Bahr retourne au pays natal et s’y fixe. Avec
995 1185 2408 1278 son tempérament d’Autrichien au sang chand, il découvre Vienne.
988 1248 2407 1315 Dorénavant toute sa production aura un goüt de terroir: Dora, Coph,
999 1298 2412 1392 ses nouvelles. A cole de Tamour (1), son dernier roman, toutce quil
996 1351 2419 1409 ecrit respirera T’atmosphère de la patrie. S’il grimpe encore à la suile
994 1385 2414 1474 de M. Barrès comme jadis il avait fait à la suite de lant dautres, cest
1005 1440 2420 1511 queil eroit voir en lui, pour la jeunesse de son pays, un educateur
1012 1508 1441 1580 d’énergies futures.
1051 1529 2421 1617 Transporté dans un milieu qui lui était cher, M. Bahr. Tenfant
1007 1577 2421 1675 prodigue revenu an foyer, semblait mienx qu'un autre apte à recon¬
1015 1635 2420 1724 naitre la valeur de cette jeune Antriche dont maintenant il devient
1008 1687 2431 1777 un des chefs. Dans un des meilleurs chapitres de son dernier volume
1006 1730 2426 1805 de eritique (2). i essaya danalyser les différents côtes de ce monve¬
1018 1772 2424 1874 ment encore en formation. Son jugement frappe sonvent à fanx: par
1009 1823 2431 1905 exemple dans ce qulil dit d’Arthur Schnitzler, qui est bien plus que
1022 1872 2432 1964 lee virlnose d’une petite note s qu'il veut en Taire. Nais son auto¬
1020 1919 2440 2010 eritique à lui est, en quelques pages, un chef-d’euvre de finesse ei de
1024 1973 2433 2058 clairvoyance: * On ne voil pas T’essenliel On est trompe par des
1018 2013 2435 2109 poses que Faime a me donner pour etonner les bonnes gens... peut¬
1018 2074 2439 2156 etre aussi sonvent par réclame. on oublie que sur un point. je suis
1025 2117 2445 2195 différent des antres... Une seule note ne m’attire point, mais leur
1029 2177 2442 2249 foule monvante qui petille et scinlille quand elles se poussent eise
1036 2217 2438 2296 heurtent; je ne veux en approfondir aucune, mais je vondrais saisir
1026 2261 2453 2359 loute la surface de notre large époque, Tivresse de toutes les émo¬
1036 2309 2454 2387 tions des nerfs et des sens. Cela est une destinée. C’est pourquoi je
1037 2373 2449 2443 n’aurai jamais une suite dadmirateurs dévonés;on n'admire en deli¬
1031 2413 2454 2496 nitive, chez les autres, que soi mème, que ce qu'on a de commun
1037 2460 2455 2545 avec eux; mais en mol chacnn retronve plus que soi-méme et il reste
1035 2513 2460 2580 toujours un residn étranger qui interdit le dernier rapprochement.
1037 2567 2463 2640 Pourtant je puis me consoler, puisque c’est toujours une belle pen¬
1053 2604 2458 2688 sée, et qu’il est flatteur pour moi que, entre le Volga et la Loire, de
1048 2665 2461 2756 la Tamise au Guadalquivir, rien n'a été senti aujourd'hui que je ne
1044 2718 2463 2789 puisse comprendre, parlager et définir et que l’äme européenne n'a
1046 2775 1648 2846 pas de secret pour moi. „
1131 2770 2458 2883 #Ileur arrive sonvent, précisement la on ils sont Viennois, de
1061 2848 2473 2950 donner tont à fait Timpression des originanx parisiens v, dit ailieurs
1062 2902 2472 2994 M. Hermann Bahr. Arthur Schnitzler a écrit un volume de contes
1062 2949 2473 3036 dialogues qui pourrait tres bien éire une rénnion darlicles de la ##/.
1059 2997 2474 3089 parisienne. Son doux viveur Annfole (3), encore jeune et fringant,
1066 3046 2476 3137 ressemble parfaitement au jeune oisif rencontré tont à lheure. Mais
1065 3093 2477 3170 en Fregardant de plus pres, en analysant les caractères qu'avec une
1072 3139 2473 3250 sürete de main etonnante il sait poser en quelques traits, on remar¬
1104 3227 2089 3311 (1) Les trois volumes chez S. Fischer, éditeur à Berlin.
1111 3255 2449 3342 (2) Studien zur Kritik der Moderne. Francfort, Litterarische Anstalt, 1891.)
1112 3312 2195 3394 (3) Arthur Schnitzler. Anatol. (Berlin, Bibliogr. Bureau, 1893.)
