3248 4128
1572 -10 2351 92 en u en een en eeen
1557 74 2390 134 Tav den sorten, och denna omständighet
1561 117 2386 217 har alltid uppfyllt mig nied en viss till¬
642 106 734 227 4
1565 185 1893 254 fredsställelse.
2921 211 3012 317 2
1594 217 2384 311 Jag mötte Mathilde i närheten av dam¬
381 152 645 345 —
1565 297 2389 370 men. Hon promenerado. med en man
2962 264 3112 391 24
2626 283 2777 387 10
1552 353 2381 428 under arien. Han säg ut som en stu¬
1557 396 2390 481 dent. Hon presenterade honom für mig
1567 457 2388 537 som en släkting. Vi promenerade till¬
1569 506 2386 585 Isammans alla tre under livlig konversa¬
1560 562 2392 635 tion. Värdinnan kom emot oss i säll¬
927 522 1001 632 0
1267 593 1334 692 *
1556 622 2393 699 Iskap med Samodeski. Vi stannade, och
1563 670 2384 750 Itill min egen förväning sade jag bild¬
1569 723 2394 808 huggaren nägra mycket smickrande ord
1562 769 2390 854 Vom den grekiska danserskan. Det sked¬
1570 831 2395 906 de nästan mot min vilja. Det läg en
1562 898 2390 970 fridsam stämning i luften, som ofta fö¬
934 878 1024 949 050
1566 938 2384 1031 rekommer en vacker värkväll: männi¬
1557 993 2394 1080 skor, som anuars äro varandra likgiltiga,
2882 988 3139 1100 .
1568 1057 2389 1134 hälsa hjärtligt pä varandra, andra, som
1567 1110 2377 1193 man redan känner sympati für, ha ett
2359 1124 2726 1228 IIIustratör
765 1135 1135 1239 See ie Sere
1566 1164 2391 1258 behov av att lätta sitt hjärta. Nür jag
1569 1218 2378 1301 t. ex en stund senare satt pä en bänk
2375 1228 2930 1332 T. ARWIDSSON
1566 1288 2372 1347 och rökte en cigarrett, var det en herre,
1566 1339 2380 1413 vilken jag künde ytterst flyktigt, som
1565 1381 2372 1468 tydde sig till mig och plötsligt började
2359 1370 3149 1466 blick och i synnerhet haus grannes ner¬
1558 1440 2379 1513 lovsjunga de människor, vilka liksom vär
2353 1446 3151 1530 vösa munterhet, att den till synes oskyl¬
1565 1503 3157 1572 värd pä ett sà förnämt sütt använt sindigt underhällningen blev närd av en
1564 1553 3156 1631 rikedom. Jag höll med honom, ehuru hemlig eld. Naturligtvis mäste Mathilde
1563 1620 3159 1685 jag egentligen tyekte, att herr von War-läggn märke till det lika mycket som Jag.
1551 1677 3151 1750 tenheimer var en enfaldig snobb. Jag Men hon pratade pä, synbarligen obe¬
1566 1713 2375 1778 #á min sida meddelade denne herre min
2362 1736 3164 1786 rörd, ün med mig, än med sin granne.
1552 1768 3159 1830 uppfattning om den moderna skuipturen, ISä smäningom vände hon sig enbart till
1557 1820 3153 1908 som jag inte alls förstod mig mycket pä, mig, frägade mig om allt möjligt, och
1557 1895 3161 1973 meringar som för honom inte voro av nä-bad mig berätta om den resa till Aten,
1572 1936 3110 1998 got som heist intresse. Men under in- som jag företagit för ett ür sedan.
869 1883 1587 2060 Elsströms
61 1861 872 2060 Hnna Lenah
1573 1984 3165 2079 flytande av den underbara värkvällen gavgengäld berättade hor om sitt barn, som
1566 2038 3150 2126 han mig entusiastiskt medhäll. Jag märkvärdigt nog redan kunde sjunga sa¬
1577 2087 2371 2170 träffade senare nägra av värdens släk¬
2352 2103 3162 2177 Iker av Schumann efter gehör, om sina
69 2082 821 2181 VISSA DRAG i Anna Lenah Elg¬
911 2049 1583 2214 noveller
1564 2141 3163 2241 tingar, som funno festen ytterst roman- Iföräldrar, som nu pä gamla dar hade
68 2166 824 2233 Föms berättarkonst ha väl varit litet
1575 2203 3167 2292 tisk, huvudsakligen därför att lamporna Iköpt ett litet hus i Hietzing, och hundra!
64 2210 836 2289 ra att smälta för en och annan; och
69 2267 836 2331 mälaren känner sig alltjämt — efter
1564 2258 3168 2362 glimmade mellan bladen och därför att andra saker. Men under ytan föregick
64 2303 827 2387 ning av den till författarinnans fem¬
1569 2319 3169 2415 man hörde musiken i fjärran. I verklig-nägot annat mellan oss. En stum, för¬
919 2219 1590 2411 av GOSTA
52 2368 823 2439 ärsdag utkomna 'Noveller i urval“
1557 2381 3165 2458 heten stodo vi tätt intill en orkester. [bittrad kamp: hon försökte genom sitt
84 2412 840 2485 rätt kallsinnigt stämd inför den
1560 2455 3164 2516 Men ändä fann jag inte anmärkningen lugn överbevisa mig om hur lyeklig hon
52 2462 835 2559 tatiska förkunnelse, som nog ibland
1237 2398 1570 2571 ORPS
914 2395 1057 2566 A
1551 2491 3166 2563 abnorm. Sà till den grad var även Jag för närvarande var — och jag vägrade
55 2533 826 2605 n fä ett visst tycke av melodrama¬
1551 2532 2064 2615 gripen av stämningen.
2332 2550 3173 2623 Itro henne. Jag var tvungen att äter
74 2577 842 2651 och vars äkthet sälunda inte alltid
1600 2563 3168 2681 Supén serverades vid smäbord, dels pätünka pä den japansk-kinesiska kvällen
60 2602 2377 2732 rkar oomtvistlig. Men när man fär dagsmödor uppgäende, ändä utvalt den Iterrassen, dels i salongen, där de tre stora
2361 2660 3170 2738 i Samodeskis ateljé, där hon burit sig
87 2687 1598 2745 tvärsnitt genom Anna Lenah Elg-Tbättre delen. 1 själva verket har hon
1579 2704 3163 2782 glasdörrarna stodo pä vid gavel. Jagät pä liknande sätt. Men denna gang
60 2731 1591 2809 öms produktion under tjugu är, sä alltid trort motsatsen: hon har haft
1587 2772 3160 2834 satt vid ett bord ute pä terrassen med märkte hon tydligt, att hon inte uträtta¬
63 2786 1601 2871 fr det en ändä genast vilken rak och lextaserna och visionerna gemensamma
1580 2814 3172 2887 värdens brorsdotter pä min ena sida.de nägot mot min misstänksamhet och
62 2846 1592 2913 ruten linje den visar. Tiden har [med Maria. Det finns i hennes böcker
1581 2869 3162 2952 Mathilde med den unge herrn, som att hon var tvungen hitta pä näget all¬
64 2899 1602 2986 xlat, men författarinnan har levat iett helt galleri av typer, eftersom
1577 2931 3164 3000 süg ut som en student, hadedeles särskilt för att skingra den. Och
85 2962 1600 3021 och samma värld. Hon har inte Ihon ser myeket bre; men det finns
65 2964 3160 3086 rändrats, och hennes inspiration har jytterst fä individuella människor och itagit plats pä min andra sida.Idä fiek hon det infallet att själv tala
55 3083 3165 3144 rängt taget flutit ur en enda källa: levande gestalter, eftersom hon egent Mitt emot oss inne i salongen, satt Sa-Tom de bäda vackra fruarnas förülskade
62 3129 3161 3190 n har gett upphov bäde till hen-ligen bara varit intresserad av sina modeski med husets unga fru och en an- uppförande mot hennes man, och hur
63 3151 3162 3244 s bra saker och hennes sämre; ochifigurer i deras egenskap av medspelareinan vacker dam, som jeg inte kände. Istor lycka han gjorde hos damerna, vil¬
66 3199 3169 3291 an försfär varför de senare blivit ji ferate aktens stora heroiska fürkla-Inn kastade skümtande slängkyssar tillket hon som en god kamrat bara gladde
1589 3258 3173 3309 sin hustru. Hon log och nickade till ho-sig över, utan oro, utan misstänksamhet
50 3261 1600 3349 sslyekade. Ty hon har, som författa-ringsseen. Dylika sconer har hon känt
1583 3299 3163 3376 nom. Utan biavsikter betraktade jag liksom hon gladde sig över hans skönhet
87 3316 1610 3390 levat i en heroisk atmosfär, med jett oemotständligt behov att anordna
79 3391 3170 3445 heroism i släkt med Gustav IlI:s, Isä ofta som mögligt. Mänga av de Thonom noga. Han var verkligen vacker, loch geni. Men ju mer hon ansträngde!
66 3402 3184 3503 ithiofs och Gösta Berlings: de stora, Istyeken hon uppförde lämpade sig inte 1med stälblä ögon och ett längt, svart, Isig för att verka lugn och nöjd, desto
65 3468 3164 3557 äddfulia ögonblicken ha betytt alltför den sortens teater; och när hon Ispetsigt skägg, som han ofta strök medmer förmörkades hennes ansikte. Hen¬
57 3539 3163 3614 hallt annat intet; och det enda som andä följde sina Enskningar, kunde delsin vänstra hand. Men jag tror heller ’nes händer darrade, när hon en gäng
52 3587 3154 3665 rit vürt att se har varit hur en män- inte undgä att bli teatraliska. Hon linte, att jag nägonsin förr i livet sett lyfte sitt glas für att dricka med Samo¬
59 3665 3154 3715 ska plötsligt, i offrets ock hänryek-Iskuile alltid spünna sina skildringar sä len man bliva sä kurtiserad i ord, blickar Ideski, Hon ville dölja det, behürska
57 3715 3160 3776 ngens stund, blivit större än sig själv. härt som möjligt; och hur skall man och ätbörder som han den kvällen. IIsig. Men resultatet blev att inte bara
62 3745 3157 3830 nna Lenah Elgström har en gäng kunna göra det utan aft ibland ham- början verkade det som om han nätt och handen utan armen, ja, hela hennes ge¬
40 3794 3155 3878 rivit en berättelse- omtryekt i No- Ina i det melodramatiska? Sä gick det [jämnt ville finna sig i det, men jag fat-Istalt under nägra sekunder blev sä stel,
47 3843 3161 3931 ller i urval — där hon gissar att för gamle Verneille, ärans, de blixtran-tade snart, att döma efter det sätt, var-latt jag blev rädd. Hon fattade sig, säg
1008 3896 3186 3988 vorisättning pä sidan 11.Ipä han viskade till damerna, hans seger-hastigt pä mig, och dä hon märkte, att
55 3907 860 4011 arta, den b tryekta, betungade, 1 var¬
3055 354 3199 468 44.
3143 195 3224 289 *
