3204 4096
286 1199 461 1339 *
626 369 702 459 2.—
646 429 817 485 NI UI 9.—
632 457 909 542 r dinMageg“.
863 525 926 581 ##
568 3879 695 4007 2
649 3976 779 4052 *4
780 3865 933 4009 *
953 563 1166 662 K
1145 971 1324 1097 6
1103 1297 1192 1403 *
1130 2941 1258 3023 + #0
1245 3663 1349 3763 N
1704 128 3044 222 SVENSKA DAGBLADET
1494 286 3093 375 Hon höjde rösten sä starkt, att man joch bar den pä armen — sä som herrar
1509 356 3097 410 vid hennes mans bord kunde höra: 'Nä-[brukar göra. Det var redan tämligen
1508 405 3102 475 ja, när man har en sädan man, vacker lmörkt. Vi hade ätit middag pä en liten
1506 462 3090 512 och berömd och själv inte är just vacker restaurang, som läg pä den yttre bule¬
1507 519 3095 581 — och ändä vet jag, att efter det jag varden. Sen gick vi till Roulette, där
1496 572 3100 618 fick min lilla flicka har jag blivit lite Legay och Montaya sjöng: ’Tu t’en iras
1510 627 1760 703 vackrare!“
2286 630 3103 705 les pieds devant’. Ni har väl nyligen
1541 680 3099 759 Hon hade möjligen rätt. Men jag varlhört den här i Wien — inte sant?“
1500 744 3090 791 övertygad om att hennes ädla drag Mathilde tittade förstulet pä sin man.
1504 792 3094 863 aldrig haft nägon betydelse för hen-Men han märkte det inte. Det var som
1502 850 3088 906 nes man, och vad hennes figur angär som hon nu tog avsked av honom för en
1507 893 2299 973 hade den nu förlorat i skönhet efter det
2308 904 3088 973 längre tid. Och nu päskyndade hon sin
1502 962 3098 1022 hon mist sin jungfruliga slankhet. Menberättelse, talade fortarc och fortare,
1504 1012 2300 1069 Jag gav henne i smickrande ordalag rätt.
2299 1010 3093 1085 formligen rusade fram. I Roulette“
1512 1068 3093 1130 Hon blev glad för det och fortsatte mo-Isade hon, Pvar det en ytterst elegant
1509 1119 2304 1195 digare: Men jag har ju inte ett dugg
2299 1126 3090 1197 dam, som satt mitt emot oss, hon koket¬
1506 1169 2293 1257 anlag för svartsjuka. Det visste jag
2307 1177 3055 1251 terade med Gregor, men pä ett sätt —
1505 1227 3091 1311 verkligen inte om själv, det har fürst jeg försäkrar er, jag har aldrig varit
1507 1285 3095 1363 gätt upp för mig sä smäringom — hu-med om nägot liknande. Jag kan inte
1502 1340 3086 1405 vudsakligen för ett par är sedan i Paris. förstä, att inte hennes man ingrep, inte
1506 1399 2061 1470 Ni vet ju, att vi var där“.
2282 1393 3090 1476 Trent av dödade henne. Jag skulle gjort
1535 1450 3088 1508 Jag kom ihäg det. ’’Gregor modelle-Idet! Jag tror det var en hertiginna.
1497 1516 3095 1588 rade en byst av furstinnan La Hire, mi-Skratta inte, jag är säker pä att det var
1494 1561 3090 1622 nister Chaoquet och mänga andra. Visen verklig dam, trots hennes uppföran¬
1499 1612 3103 1689 levde där glada som unga människor —de. Egentligen hade jag ingenting emot
1506 1677 3102 1740 det vill säga, unga är vi bäda fortfaran-att Gregor skulle besvara hennes inviter,
1499 1721 3093 1806 de — jag menar som ett par förälskade, jag ville gärna varit vittne till, hur man
1499 1785 3101 1858 am vi ocksä emellanät levde med i stora inleder en sädan sak — jag ville att han
1506 1831 3078 1893 världen. Vi var ett par gänger hos skulle skriva nägra rader till henne —
1508 1897 3100 1968 österrikiske ministern, hos La Hir#heller vad han skulle gjort vid ett sädant
1501 1936 3105 2019 andra. Men pä det hela taget brydde tillfälle, innan jag blev hans hustru. Vi
1505 2005 3085 2055 vi oss inte om att leva med i stora värl-Ikvinnor är ju sä förfärligt nyfikna av
1504 2071 3096 2133 den. Vi bodde i Montmartre i ett an-Joss! Men Gregor hade till all lycka
1502 2124 3082 2187 sprükslöst hus, där Gregor ocksä hade inte lust. Vi giek snart ut i den bär¬
1494 2168 3088 2246 sin ateljé. Jag försäkrar er, att mänga liga majnatten. Vi promenerade som
1489 2227 3093 2301 av de unga konstnärer, som vi räkade där, Itre glada studenter. Och vi giek till
1496 2277 3086 2336 inte hade en aning om att vi var Moulin Rouge. Det hörde ju till pro¬
1490 2333 2303 2399 gifta. Jag var överallt med honom.
2298 2336 3095 2406 grammet. Det var ocksà nödvändigt, sä
1493 2391 3093 2464 Jag har mänga gänger tillbragt aftnar att det verkligen kunde hända nägot.
1488 2449 3084 2503 med honom i Café Athenes tillsammans Klochan 1 var vi i Moalin Rouge. Jag
1498 2498 3084 2549 med Léandre, Carabin och mänga an-hade egentligen förestüllt mig det heia
1494 2566 3095 2631 dra. Naturligtvis fanns det damer ivärre — det passerade i början inte det
1504 2614 3090 2682 värt sällskap, som jag antagligen aldrig minsta, och det säg ut som om detta
1504 2672 2155 2729 skulle umgätts med i Wien — —
2271 2669 3088 2731 upptäg varit förgäves. Jag var förer¬
1536 2717 3080 2799 Hon säg plötsligt bort pä fru Warten-[gad. ’Du är ett barn', sade Gregor.
1501 2772 3085 2842 heimer och fortsatte forcerat: MängaHur har du tänkt dig det? Vi kom¬
1497 2817 3083 2882 av dem var verkliga skönheter. Ett mer! Och de kasta sig till vära fätter!'
1497 2884 3089 2943 par gänger var jag ocksä tillsamman Han sade 'oss’ av hövlighet till Le’onee.
1497 2954 3078 3011 med Chabraus sista älskarinna, som ef-Och ändä vore det uteslutet att nägon
1498 2993 3086 3068 ter hans död alltid gick svartklädd och lskulle göra det för Le’once. Men just
1500 3051 3090 3109 varje vecka hade en ny älskare, som som vi stod beredda att gä hem, tog sa¬
1505 3102 3079 3175 hon begärde ocksä skulle gä omkringiken en annan vündning. Jag lade mär¬
1495 3162 3069 3221 sorgklädd — ja, man lärde känna enke till en person, som redan ett par gän
1495 3216 3083 3274 hei del besynnerliga människor. Niger gätt förbi oss. Hon var myeket all¬
1493 3275 3080 3334 förstär kanske, att damerna sprang intelvarlig och#g helt annorlundg ut än de
1500 3308 3078 3401 mindre där efter min man än pä undra andra. Hon val pä intet sätt utma¬
1497 3376 3081 3455 ställen. Det var sä man mäste skratta Inande — klädd i vitt, enbart vitt. Jag
1497 3420 3083 3495 ät det, men när jag alltid var tillsam- Thade observerat, att hon inte svaradetvä
1494 3468 3081 3563 mans ned honom — eller för det allra leller tre herrar, som tilltalade henne,
1504 3546 3076 3609 mesta — sä vägade de inre ###tigt wärma utan fortsatte förbi dem utan att bevär¬
1498 3591 3082 3660 sig honom, sä mycket mera s 1 de trod-diga dem med en blick. Hon säg bara
1501 3643 3081 3727 de, att jag var hans älskarinna. Ja, om Ipä dansen, lugn och intresserad, nästan
1498 3705 3086 3765 de vetat, att jag bara var hans hustru! studerande, skulle man kunna säga, Jag
1496 3776 3076 3831 Sä fick jag en gäng ett besynnerligt in-Ibad Lo’once fräga nägra bekanta, om
1496 3807 3086 3880 fall, som ni säkert aldrig skulle trott mig Inägon förr pä annat ställe trüffat denna
1495 3886 3077 3939 om, och uppriktigt sagt, jag förvänar skönhet, och en av dem erinrade sig, att
1495 3922 3075 3978 mig ännu i dag över mitt mod’. Honshan fürrn Vintern Seit-houng in di eeeren
1504 3971 3076 4040 säg stirrande framför sig och talade tys-Idagsbal i Quartier Latin. Pä nägot av¬
2711 4008 3097 4077 ## henne, och hon
