3344 4352
143 302 363 403 14
319 292 1309 404 amphlets, Offprints
226 1362 1385 1431 wirksam improvisierte Schaudermärchen, Rodomontaden,
218 1419 1387 1454 Tageskarrikaturen einem erlesenen Parterre von Baronen
216 1475 1389 1528 und Marquisen den angenehmen Ritzel bereitet, unter
226 1506 1394 1561 dem gefährlichsten Gesindel von Paris zu sitzen. Und
217 1565 1388 1624 wie sich draußen an dem entscheidenden Abend die
217 1595 1387 1674 Massen zu einem blutigen Spiele rüsten, zu einem
223 1664 1386 1707 riesigen Totentanz, in dem unerhörte Opfer fallen sollten,
220 1703 1382 1756 da beginnt hier das Leben über das Schauspiel zu
220 1754 1388 1808 triumphieren, dem Komödianten vergleichbar, der aus
218 1800 1387 1848 der Nachahmung der Leidenschaft das echte Gefühl von
218 1857 1380 1903 Haß und Empörung in sich erzeugt. Ganz der
209 1906 1380 1953 romantischen Denkweise gehorchend, stellt unser Dichter
208 1956 1383 2007 ein buntbewegtes Leben dar, wie es sich aus einem
205 2005 1384 2052 Spiele entwickelt. Diese Bande hat einen Schauspieler,
210 2051 1384 2100 der so oft und so glänzend den Taschendieb dargestellt
207 2098 1383 2147 hat, daß er darüber zum schlechten Stehler wurde. Hat
207 2147 1385 2189 einen Neuling, der zu morden versteht, aber nicht durch
218 2188 1387 2250 die Erzählung seiner Tat zu erschüttern. Und es bildet
218 2243 1382 2294 den eigensten Reiz dieser Groteske, daß Ernst und Spiel so
212 2297 1367 2345 seltsam durcheinanderfließen. „Alle scheinbaren Unter¬
209 2336 1381 2401 schiede sind sozusagen aufgehoben. Wirklichkeit geht in
211 2385 471 2447 Spiel über
505 2401 1383 2457 Spiel in Wieklichkeit.“ Und eben darin
212 2439 1377 2499 spiegelt sich die wilde Brandung einer Zeit wieder, die,
212 2490 1368 2541 mächtiger als die Individuen, ein ganzes Dolk mit Ver¬
214 2541 1376 2595 wirrung, Taumel und Trunkenheit erfüllt; bis sich hier
212 2585 1369 2652 das verwirrende Spiel von Schein und Sein in einem
203 2639 1380 2683 gewaltigen Finale auflöst. Die Wirklichkeit, die vordem
210 2683 1380 2723 nur hier und da durchblitzte, tritt dem Spiele auf den
216 2723 1375 2801 Nacken. Wirklich ermordet der Schauspieler Henri seinen
201 2780 1372 2857 Rivalen, dem er eben noch im wohlgespielten Scherze
215 2838 1255 2889 gedroht hat, und die Revolution kann beginnen.
305 2876 1372 2944 Man hat Schnitzler vorgeworfen, seine Gestalten
212 2937 1371 2985 feien Wiener, nicht Franzosen. Moderne Menschen, nicht
201 2987 1372 3031 Zeitgenossen der Revolution. Dem einzigen Dramatiker
198 3030 1372 3077 der französischen Revolution, Georg Büchner, hat man
200 3081 1374 3127 ähnlich entgegnet. Es erscheint kaum nötig, dies zu
212 3130 1372 3170 entkräften. Der Dichter ist natürlich außer stande, ob¬
213 3166 1388 3230 jektiv das Seelenleben einer vergangenen Epoche zu
755 3283 817 3355 32
1475 292 1926 387 box 36/2
1938 1374 3092 1430 schildern, außer stande, sich seiner eigenen Nationalität
1936 1425 3091 1481 zu entledigen. Nur gibt es Zeiten, die sich den Menschen
1926 1485 3095 1534 und Zuständen, die er schildern will, am besten an¬
1939 1523 3097 1573 schmiegen; erst der Rahmen macht das Bild ganz glaub¬
1924 1573 2437 1637 haft und überzeugend.
2029 1628 3092 1683 Aus einer ähnlichen Anschauung geboren, sind die
1945 1684 3099 1731 „Tebendigen Stunden“, wieder ganz wienerisch.
1926 1717 3097 1769 Manches will mir, selbst für eine dramatische Skizze, zu
1936 1765 3104 1815 schwach und farblos erscheinen. So die „Lebendigen
1927 1821 3098 1875 Stunden“ selbst, die das Thema für die folgenden Szenen
1934 1865 3089 1918 aufstellen. Es sind Dariationen über das Verhältnis
1935 1914 3101 1972 zwischen Leben und Kunst. „Was ist denn deine ganze
1935 1959 3103 2019 Schreiberei“ heißt es im ersten Satze dieser Spmphonie;
1925 2011 3099 2073 „und wenn Du das größte Genie bist, was ist sie denn
1928 2072 3090 2122 gegen so eine Stunde, so eine lebendige Stunde, in der
1930 2106 3090 2175 Deine Mutter hier auf dem Lehnstuhl gesessen ist und
1926 2160 3097 2214 zu uns geredet hat, oder auch geschwiegen, — aber da
1937 2204 3095 2259 ist sie gewesen — dal und sie hat gelebt, gelebt!“ Solche
1942 2255 3092 2315 Töne der Derachtung gegen alles, was Literatur heißt,
1925 2305 3091 2350 lassen sich in der modernen Dichtung nicht selten ver¬
1936 2352 3099 2411 nehmen. Erschütternd in den letzten Dramen Ibsens.
1937 2408 3099 2463 „Ist's denn nicht unvergleichlich wertvoller“ meint der
1927 2449 3094 2514 Bildhauer Rubek, „ein Leben in Sonnenschein und
1936 2500 3096 2550 Schönheit zu führen, als sich bis ans Ende seiner Tage
1924 2564 3092 2609 in einer naßkalten Höhle mit Thonklumpen und Stein¬
1929 2599 3091 2647 blöcken zu Tode zu plagen?“ Offenbar entspringt dieser
1934 2656 3108 2711 künstlerische Skeptizismus der Tatsache, daß die moderne
1931 2695 3102 2749 Dichtung bisher nieht imstande war, die Fülle des neu
1934 2749 3097 2808 Geschauten und Empfundenen in eine entsprechende
1934 2803 2347 2867 Form zu bannen.
2050 2836 3090 2904 In allen vier Dramen des Cyklus klingt der Drotest
1927 2911 3096 2949 gegen das Literatentum durch, dessen einfältigen Kunst¬
1935 2936 3102 2999 übungen das Leben mit seinen wahrhaft tragischen, unendlich
1933 2986 3108 3040 tieferen Accenten gegenübergestellt wird. Die Tendenz
1929 3040 3103 3083 ist allzu offensichtlich und nur bei der höchst gelungenen
1930 3094 3097 3147 Satire „Literatur“ berechtigt, als welche das literarische
1933 3131 3094 3204 Gigerltum (auch Uebermenschentum genannt) unserer Lage
1922 3184 3111 3253 lustigpersifl iert. Nur „Die letzten Masken“ dürfen einen
