3344 4352
141 323 1333 439 1. Panphlets, Offprints
719 1387 828 1469 III.
286 1459 1363 1514 Derselbe Dichter, der hier das wahrhaft Tragische
194 1516 1364 1572 so klar erkannte und zu gestalten wußte, hat nicht
202 1573 1360 1621 weniger als drei Thesenstücke geschrieben, die eigentlich
196 1612 1360 1660 allem widersprechen, was hier zu seinen Gunsten gesagt
205 1673 1359 1723 wurde: „Das Märchen“ noch vor der „Liebelei“ ge¬
199 1688 1363 1761 schrieben (die 1895 ihre Erstaufführungen an der Wiener
205 1755 1360 1808 Burg erlebte), „Freiwild“ (Deutsches Theater, 1896),
208 1811 1200 1868 „Das Vermächtnis“ (Deutsches Theater, 1898).
293 1869 1357 1927 „Das Märchen“ ist ein herzlich schwaches Stück,
198 1929 1356 1986 langatmig, unsicher, quälend, mit einer Ueberfülle von
190 1975 1355 2021 Dersonen behaftet, die man sich gerne wegwünscht.
203 2034 1361 2084 Fedor Denner, Schriftsteller, Revolutionär, für seine
206 2071 1371 2116 dreißig Jahre auffallend unreif, will das Märchen von
203 2124 1363 2184 dem gefallenen Weibe durch die Oraxis beseitigen,
197 2173 1360 2211 indem er es unternimmt, eine junge Schauspielerin mit
202 2227 1363 2287 einer Vergangenheit zu heiraten: „Wenn uns so ein
196 2268 1353 2324 Wesen entgegenkommt, das geirrt, geliebt wie wir,
197 2325 1363 2378 dann darf sie nicht einmal verlangen, daß wir an ihre
196 2364 1360 2415 Liebe glauben? . . . Ja, aber merken Sie denn nicht,
196 2417 1361 2458 daß wir sie erst damit erniedrigen, ihnen damit die
203 2463 1367 2528 Rückkehr unmöglich machen, sie tiefer und tiefer stoßen?
198 2513 1369 2567 Ich rede ja nicht von dem Weib, das sich verkauft
202 2561 1354 2611 oder verschleudert — aber woher nehmen wir nur das
196 2611 1361 2664 Recht, jedes Weib für rechtlos zu erklären, das die
205 2658 1351 2714 Kühnheit hatte, zu lieben, bevor wir erschienen?“ Der
202 2713 1347 2769 Versuch unseres Helden mißlingt. Die Macht der Er¬
193 2767 1353 2821 innerungen, die seine Ohantasie an das Geschehene
194 2809 1363 2854 knüpft, ist zu groß. Er kann darüber nicht hinweg.
200 2854 1351 2904 So allgemein ist dieses heikle Thema eben nicht zu be¬
200 2903 1361 2955 handeln, und sein Unvermögen, das übrigens nicht hin¬
193 2953 1360 2995 reichend begründet ist, beweist so wenig gegen seine
196 3016 1348 3060 These, wie man umgekehrt nach Arteiner vorlauten Eman¬
206 3053 1352 3106 zipation Orinzipien des Lebens in Thesen ausschöpfen
197 3097 1352 3162 kann. Der Dichter kann nur den individuellen Fall beweisen.
310 3161 1356 3230 In „Freiwild“ ist gleichfalls ein novellistischer Stoff
191 3220 1376 3286 zu Unrecht ins Dramatische übersetzt worden, oder
1482 314 1942 410 box 36/2
1917 247 2158 303 —
1967 1402 3125 1465 besser in's Theatralische, nur daß dieser Begriff bei
1964 1461 3119 1514 Schnitzler einer besonderen Erklärung bedarf. Ihm ist
1958 1501 3129 1569 die novellistische Form in weit stärkerem Maße eigen
1973 1545 3124 1605 als die dramatische, trotz seiner ausgezeichneten Begabung
1969 1595 3127 1660 für den fein geschliffenen Dialog. Andrerseits weiß er,
1976 1646 3129 1706 daß das Drama zwingende und schlagende Situationen
1973 1703 3128 1754 nun einmal nicht entbehren könne. So führt er sie
1971 1739 3126 1794 mehr mit Dernunft als aus dem Instinkt der Hand¬
1976 1792 3125 1851 lung herbei, er setzt Trümpfe auf, die bei diesem im
1977 1853 3126 1902 Grunde stillen und feinen Doeten theatralisch wirken.
1967 1887 3134 1948 Im „Freiwild“ tritt das am stärksten zu Tage. Mit
1964 1960 3131 2005 dem Titel will er, der sich stets im engen Kreise der
1970 1983 3130 2036 Bühne, der kleinen und großen Gesellschaftswelt hält,
1968 2035 3134 2096 das selbständige junge Mädchen bezeichnen, dessen
1965 2094 3131 2148 Schönheit ein Freibrief für männliche Impertinenzen
1977 2135 3131 2200 ist. Anna Riedel gastiert als jugendliche Naive in
1973 2197 3137 2242 einem kleinen Badeort. Sie hält sich fern von den
1971 2241 3123 2292 Anschauungen und Lebensgewohnheiten des Theaters.
1974 2293 3136 2345 Ihre Führung ist tadellos. Ein junger Offizier,
1973 2340 3139 2394 großer Jäger und Schuldenmacher vor dem Herrn, tut
1974 2391 3131 2444 ihr einen Schimpf an und wird dafür von dem Freunde
1968 2437 3143 2494 der Schauspielerin geohrfeigt. Die Duellforderung wird
1974 2475 3135 2540 abgelehnt, trotzdem damit für den Offizier alles
1977 2519 3135 2576 auf dem Spiele steht. Anna Riedel und ihr Beschützer,
1983 2575 3122 2628 durch die allgemeine Fehme aneinander gejagt, be¬
1984 2623 3131 2683 schließen ihr Tos zu vereinen. Auch der junge Mann,
1986 2670 3131 2720 der das Duell verweigert, ist nun „Freiwild“ geworden.
1990 2725 3139 2777 Er will dem Sturme trotzen, verzögert seine Abreise.
1974 2781 3127 2830 Im letzten Momente tritt ihm der Beleidigte ent¬
1977 2816 3143 2872 gegen, schießt ihn nieder. Das ist eine Reihe von
1976 2860 3130 2923 Unglücksfällen, in nichts eine tragische Notwendigkeit.
1975 2916 3133 2976 Ueberall regen sich gefährliche Einwendungen und
1985 2967 3139 3031 Zweifel. Dor allem entstehen die Konflikte unter
1976 3023 3138 3077 Menschen, die nichts miteinander gemein haben. Die
1978 3072 3144 3116 Offizierswelt, das Theater, die Gruppe der beiden
1985 3114 3140 3172 jungen Leute, sind nur äußerlich mit einander bekannt.
1987 3170 3142 3219 So kann ein tieferer Konflikt, eine lebendige Tragik
1987 3203 3159 3281 nicht aufkommen. Es ist auch nicht zweifelhaft, daß
2528 3318 2592 3384 27
