3344 4352
167 303 1329 414 .Panphlets offprints
233 1389 1387 1441 zu geben. Indes, dieser subjektive Impressionismus
234 1442 1395 1485 will den künstlerischen Gewaltaft auf ein Minimum
227 1494 1395 1554 reduziert wissen. Ihm liegen gerade die unwesentlichen
234 1541 1388 1593 Begleiterscheinungen seelischer Vorgänge am Herzen. Er
229 1590 1387 1645 ist mit einem Operateur zu vergleichen, der alles Blut¬
230 1639 1394 1682 vergießen vermeiden will. Und also räumt er dem Leben
222 1696 1392 1746 selbst jene Schöpfertätigkeit ein, die es in seinen be¬
222 1736 1395 1780 deutenden Stunden besitzt. Anders ausgedrückt: diese
228 1783 1389 1834 Kunst geht vom Leben aus, nicht vom Menschen. Das
228 1835 1390 1875 Leben ist ihr jenes gemeinsame Medium, das jede Kunst
217 1884 1386 1935 besitzen muß, um den Eindruck der Totalität zu er¬
230 1930 400 1990 wecken.
319 1971 1384 2045 Und so eignet allen Helden Schnitzlers eine augen¬
227 2036 1388 2079 scheinliche Ehrfurcht vor den geheimen Gesetzen des
227 2078 1382 2130 Lebens, denen willensstarke Naturen wohl energisch
223 2144 1393 2192 zu trotzen vermögen. Willfährig beugen sie sich
227 2181 1395 2224 vor den unsichtbaren Daseinsmächten, und wo sie
223 2235 1396 2287 handelnd auftreten, stehen sie jedesmal im Bunde
229 2276 1393 2326 mit diesen innersten Gesetzen des Lebens, als
230 2327 1387 2384 seine Fürsprecher. Besonders deutlich wird dies am
221 2368 1395 2435 „Paracelsus“ (Der grüne Kakadu), vielleicht der feinsten
227 2421 1392 2468 und zartesten Schöpfung des Dichters. Der mittel¬
224 2485 1388 2539 alterliche Hexenmeister wirkt hier nur durch reine
226 2520 1391 2572 Menschlichkeit. Ein Arzt der Seele, läßt er gegenüber
220 2573 1387 2616 den Verhältnissen die menschliche Natur zum Durch¬
215 2623 1391 2681 bruch kommen. Sie ist sein Arcanum, und es wirkt um
228 2668 1385 2724 so überraschender, als es von allen Teilnehmern un¬
229 2719 1387 2766 mittelbar mitempfunden wird. Der heimatlose Arzt
222 2772 1387 2810 und Mystiker, der allenthalben als Wundermann und
226 2820 1395 2862 Quacksalber gepriesen oder verschrieen wird, kommt in
227 2867 1390 2919 seine Daterstadt Basel, in das Haus eines Waffen¬
222 2915 1392 2971 schmiedes, der seine Jugendliebe heimgeführt hat. Und
223 2965 1381 3022 nun besteht die ganze Handlung eigentlich darin, daß
218 3008 1378 3058 er das prahlerische Selbstbewußtsein des feisten Rats¬
220 3056 1385 3108 herrn, der sich auf seine Ahnen, sein Anwesen, sein
226 3110 1394 3163 Weib nicht wenig zugute hält, im Innersten erschüttert,
228 3163 1386 3205 ihn auf einen Augenblick erkennen läßt, daß sein hoch¬
230 3212 1398 3286 gepriesener Besitz vor dem Lebendig=Wirklichen in nichts
789 3320 831 3365 30
1482 297 1943 381 box 36/2
1933 1396 3092 1454 zusammenschrumpft. Wir sehen, wie sein Weib ver¬
1939 1451 3093 1515 schwiegene Träume und heimliche Sehnsucht nach Schön¬
1938 1509 3092 1563 heit und Jugend nährt und nur durch das Gebot der
1935 1556 3098 1611 Sitt gewaltsam die Stimme des Blutes übertönt. Das
1940 1600 3099 1640 Nora=Problem erscheint hier in einer eigenartigen, neuen
1936 1666 3102 1710 Fassung. Der Besitz des Weibes will immer aufs neue
1938 1707 3090 1757 erworben sein, denn seine Liebe dürstet nach immer neuer
1928 1745 3096 1796 Erfüllung. Es ist sehr fein, daß einem einzigen Geschehen
1934 1795 3100 1857 alle Personen ganz verschieden gegenüberstehen. In jedem
1936 1841 3091 1913 Mitspieler löst es eine verschiedene Empfindungswelt,
1928 1904 3101 1946 ein eigenartiges Erkennen aus. Und es ist wiederum
1940 1942 3103 1992 charakteristisch, daß Paracelsus nicht als weiser Mann
1932 2048 3098 2097 bringt ihm unerwartete Wirrnis statt der erhofften Klar¬
1934 2084 3099 2137 heit, und nicht zuletzt fühlt er sich durch die plötzlich aus¬
1936 2134 3091 2181 brechende Leidenschaft Justinas für den jungen Edel¬
1930 2194 3103 2247 mann seelisch betroffen, muß er doch glauben, daß die
1930 2233 2887 2282 Liebe seiner Jugend noch lebendig fortwirkt.
2032 2275 3085 2339 Sein kräftiges Gegenstück findet der „Daracelsus“
1934 2332 3099 2379 in dem „Grünen Kakadu“ einer geradezu klassischen,
1937 2388 3099 2438 dramatischen Szene. Don dieser Groteske aus ließe sich
1939 2428 3106 2468 die Entwicklung des modernen, historischen Dramas
1927 2475 3096 2526 interessant verfolgen. Wir glauben nicht mehr an die
1941 2522 3098 2590 Möglichkeit, den Geist einer Zeit zu versinnbildlichen,
1942 2575 3107 2622 wenn wir ihre Taten und Helden aufmarschieren lassen.
1933 2624 3095 2674 Ja das endliche Ereignis, das auf einen großen, ge¬
1932 2677 3103 2730 schichtlichen Namen getauft wurde, berührt uns hart
1940 2734 3094 2778 und nüchtern in seiner brutalen Nacktheit. Wohl aber
1944 2769 3089 2814 werfen die Ereignisse jedesmal einen Schatten voraus.
1930 2830 3102 2881 Dom Zeitgeist durchdrungen, zittert ihnen die Seele des
1933 2868 3097 2927 Menschen entgegen, vorlebend noch ungeborenen Stand
1941 2925 3100 2976 der Dinge. Aus diesem Gefühl heraus erfand sich die
1939 2961 3087 3016 moderne Dichtung das Mittel der indirekten Wieder¬
1940 3026 3099 3079 gabe der Ereignisse. Oder sie fängt, wie in unserer Komödie,
1934 3074 3103 3124 ein großes, grausiges Schauspiel in einem kleinen, auf jedem
1930 3123 3094 3170 Dunkte lebendigen, Mikrokosmos auf. Zeit: der Abend
1941 3169 3087 3223 des Bastillesturmes; Ort: eine Spelunke, in der ein ge¬
1940 3220 3107 3276 wesener Schmierendirektor mit seiner Truppe durch
