3344 4320
211 207 1321 315 PanphletsOffrints
182 1427 1334 1517 ergeht an das Genie gleichsam der Befehl, seine Ab¬
174 1513 1346 1574 stammung, seine Zeit, ja in gewissem Sinne selbst seinen
180 1566 1346 1608 Charakter zu verleugnen und zu bekämpfen. Der geniale
173 1609 1343 1663 Mensch muß sich erst alle Möglichkeiten schaffen, deren
186 1641 1351 1704 er zur Verwirklichung seiner Ideale bedarf. Eine Welt,
181 1711 1347 1761 in der er leben kann, eine Dosition, die ihm Macht¬
177 1756 1341 1803 mittel in die Hand gibt, eine Persönlichkeit, die im¬
182 1803 1348 1857 stande ist, jeden scheinbaren Trotz des Schicksals in einen
176 1841 1344 1894 Glücksumstand zu verwandeln. So bestand Goethes
187 1898 1346 1953 heroische Lebensaufgabe darin, den Dämon in seiner
192 1940 1339 2014 Brust zu bewältigen, verheerende Leidenschaften in lebens¬
186 1985 1352 2058 starke Gewalten umzusetzen, durch Liebe, Tätigkeit und
193 2051 1346 2098 eine immer stärkere Konzentrierung des Persönlichen
184 2105 1350 2159 zur Wesenheit der Welt und zur letzten Ergründung
196 2143 846 2212 des Menschlichen zu gelangen.
282 2190 1346 2255 Feminine Naturen hingegen wachsen durchaus hervor
186 2245 1345 2304 aus der Kultur ihres Landes und ihrer Zeit, die sie
191 2284 1340 2344 nicht gleich dem vorbedeutenden Genie geschaffen haben.
201 2331 1347 2409 die sie vielmehr erst durch ihren Zusammenschluß bilden
183 2381 1354 2436 und stützen. In ihrer durchaus sozialen Veranlagung
191 2450 1354 2503 bildet das Individuelle eine Note, nicht den eigentlichen
192 2490 1354 2549 Wesenskern. Den mag man getrost in der sozialen
187 2550 1349 2619 Ofrche der Zeitgenossen suchen, die ihn völlig ein¬
188 2594 1357 2648 gefangen hölt und in seinen künstlerischen Leistungen
194 2642 1360 2710 bis auf die Nuance bestimmt. Solche Menschen werden
194 2691 1360 2742 nicht, sie sind. Weshalb sie auch niemals Charaktere
189 2727 1358 2785 darstellen, die im Kampfe mit der Umwelt ihre Lebens¬
199 2783 1353 2839 energie erproben und als Sieger oder Besiegte aus
191 2848 1360 2904 diesem Streite hervorgehen. Dielmehr bilden sie Menschen
194 2889 1360 2934 ab, deren Existenz durchaus mit der Umgebung zusammen¬
207 2933 1356 2988 fließt. Menschen, die leben, genießen, trauern oder ver¬
204 2970 1355 3033 kümmern, weil das Leben sie mit sich reißt. In der
195 3023 1359 3079 Anschauung dieser Dichter führt also das Leben Tra¬
197 3079 1364 3144 gödien auf, hat das Schicksal seinen Spott mit dem
206 3119 1362 3183 wlehrlosen Menschen. Ganz entsprechend liegt die
204 3194 1367 3231 Totalität der Dichtung in der Handlung, nicht in
206 3213 1378 3290 gleichgestimmten Charakteren, die ein Stück Handlung
210 3281 385 3337 erleben.
1434 195 1889 291 box 36/2
2019 1424 3100 1515 Am charakteristischsten zeigt sich dieser Typus der
1930 1517 3086 1566 Literatur in der österreichischen Doesie, die fast ebenso
1937 1545 3097 1616 stark nach Wien tendiert, wie die französische pariserisch
1935 1614 3091 1663 ist. Sie ist Literatur im höchsten Sinne des Wortes,
1926 1642 3091 1701 aber eben doch nur Literatur, das heißt der geistige Nieder¬
1932 1698 3094 1765 schlag einer alten und hochstehenden Kultur, deren Ueber¬
1936 1759 3093 1810 legenheit wir Norddeutschen neidlos anerkennen, nicht
1924 1813 3090 1864 aber der Versuch, diese Kultur wieder zur Natur herauf¬
1926 1845 3099 1909 zuführen, wie es die moderne Dichtung in ihren größten
1938 1905 3091 1958 Repräsentanten will. Die Wiener Dichtung liebt die
1939 1949 3099 2005 mittleren Zustände, in denen die Menschen ihr Leben
1940 1991 3095 2045 hinführen; sie vergoldet sie mit dem Schimmer hoher
1936 2042 3094 2100 Träume, schwängert sie mit dem Duft frohen Genießens.
1934 2103 3093 2172 Dazwischen eine melancholische Note, die über den Sinn
1940 2139 3099 2195 des Daseins reflektiert, aber doch meist im natürlichen
1929 2194 3096 2254 Umkreis des Dargestellten verweilt; hingegen die eigentlich
1939 2244 3096 2301 deutsche Dichtung, und vorzugsweise die norddeutsche,
1926 2285 3103 2343 bemüht ist, menschliches Erleben bis an die Wurzeln
1927 2334 3098 2401 zu verfolgen und andererseits, vom Willen geleitet, bis
1939 2384 3107 2470 zum Göttlichen in der Menschenbrust aufwärts zu führen.
2045 2434 3108 2501 Sehr treffend hat man die österreichische Dichtung
1943 2489 3107 2547 mit der romanischen verglichen, denn zwischen ihr und
1937 2546 3106 2603 der germanischen Doesie besteht der gleiche Gegensatz
1938 2578 3110 2637 wie zwischen dem romanischen Stil und der Gotik.
1933 2628 3099 2706 Hier, in der Gotik hochstrebender Ofeiler, die den Trieb
1945 2687 3103 2744 ins Unermeßliche versinnbildlichen, Charakter und Persön¬
1937 2728 3106 2793 lichkeit, die die Form verachten und vernichten, eine Phan¬
1937 2775 3107 2843 tasie, die, im Irdischen wurzelnd, tausend neue Möglich¬
1938 2829 3110 2903 keiten entdeckt. Dort eine Kunst, die das Leben in stille,
1935 2891 3104 2941 ruhige Formen zwängt und zuerst darauf aus ist, ihr
1942 2928 3110 2984 feste Grenzen, bindende Formen zu geben. Jetzt also
1955 2975 3103 3035 ist die Dhantasic des Künstlers an die Normen eines
1942 3031 3098 3091 feststehenden Tppus gebunden, nicht aber an die un¬
1940 3081 2567 3153 endliche Freiheit des Lebens.
2043 3111 3110 3189 Ganz so hebt die französische Dichtung ihren Dor¬
1944 3191 3111 3241 wurf völlig aus der Lebenssphäre heraus, sodaß er als
1961 3224 3118 3283 selbständiges Gebilde auftritt, in dessen Ausgestaltung der
1951 3272 3124 3345 Dichter frei schalten darf. Das gibt seinen Schöpfungen
