3344 4320
253 231 1348 321 PaneOffbrin
199 1370 1377 1430 die unendliche Geschlossenheit, die wir auch in der
210 1436 1376 1498 klassischen italienischen Kunst bewundern. Naturgemäß
211 1482 1369 1553 tritt das am stärksten im Drama hervor. Der Franzose
200 1536 1368 1590 kennt nur Werke, die wir von unserem gewiß national
200 1583 1367 1630 beschränkten Standpunkte als Theaterstücke ansehen. Das
203 1646 1368 1691 Theatralische ist für ihn durchaus dar Drimäre, wie
219 1689 1376 1745 für uns das Dramatische. Er gibt Dorstellungen, wir
209 1728 1370 1783 Darstellungen. Das Sein ist absichtlich in eine Welt
203 1776 1374 1833 des Scheins erhoben, in der es nur lebendig angeschaute
219 1830 1376 1894 Bilder, nur äußerliche, keine inneren Entwicklungen gibt.
303 1889 1375 1938 Auch Wien ist nicht durch Laune und Zufall
206 1936 1369 1989 Theaterstadt geworden. Es besaß dazu das notwendige
201 1977 1374 2041 Element einer starken Vergesellschaftung, ein lebhaft
213 2040 1372 2097 entwickeltes Gemeingefühl in Lebensenschauung, Ge¬
212 2075 1369 2133 schmack, Idealen. Hier repräsentiert der Dichter jedes¬
218 2143 1375 2184 mal eine Gruppe ähnlich Denkender und Fühlender.
208 2175 1379 2230 Er ist Wiener durch und durch. Er hat den Horizont
209 2231 1363 2293 der Zeitkultur, des Dublikums im idealen Sinne. Hin¬
214 2284 1375 2339 gegen wir, nach einer künstlerischen Kultur strebend, sie
211 2335 1371 2390 nur erreichen können durch Abschwächung unserer besten,
206 2382 1362 2430 weil individuellen Instinkte. Noch einmal, die be¬
219 2418 1371 2479 deutenden oder berühmten österreichischen Dichter sind
208 2482 1375 2535 Wiener: die Grillparzer, Raimund, Bauernfeld, Halm
208 2516 1375 2570 (Anzengruber bildet eine Ausnahme). Ihre Dichtungen
213 2573 1373 2634 tragen ein spezielles Lokalkolorit. Lebensfrische und
218 2620 1378 2677 Anmut wohnt ihnen nur da inne, wo — wie in Bauern¬
218 2667 1372 2728 felds Lustspielen oder in der tiefgründigen Zauber¬
214 2728 1377 2779 poesie Raimunds — das lokale Element sich unmittelbar
213 2768 1378 2815 mit dem dargestellten Stoffe verbindet. Bei Grillparzer
213 2828 1373 2876 ist das durchaus nicht der Fall. Es fehlt seiner Tragik,
210 2880 1369 2925 die der Wiener merkwürdigerweise als modern empfindet,
217 2915 1369 2966 durchaus an dem großen Atem, an heißer Leidenschaft.
208 2976 1379 3022 Grillparzers Welt ist nicht nach Zerstörung des ererbten
221 3015 1375 3058 Bildes aus eigenem aufgebaut, sie ist vielmehr durchaus
212 3060 1384 3109 klassizistisch, aus der Literatur stammend. Seine Menschen
219 3111 1391 3174 sprechen nicht unter dem Zwange einer charakteristischen
214 3177 1395 3223 Situation, vielmehr so glatt und schön als hätten sie
215 3209 1391 3273 sich zu einer wohlklingenden Rede vorbereitet. Das
1485 216 1942 309 box 36/2
1956 1408 3115 1466 Erlebnis greift hier nicht an die Wurzeln der Existenz,
1955 1467 3114 1514 um aus ihrem Mutterschoße unbewußtes heraufzuholen
1958 1526 3123 1579 und im Wiederaufsteigen aus der Tiefe erstaunte Worte
1958 1562 3123 1613 zu finden; es geht nur so weit, bis es das fertige Wort
1956 1620 3122 1672 findet, das ein seelisches Erlebnis charakterisiert. Es ist
1956 1664 3112 1721 Bildung mit einem starken poetischen Fonds, die aus
1957 1722 3130 1770 seinen Werken spricht, keine Kunst aber, die zur höheren
1952 1759 3122 1808 Natur wird. Typisch ist in dieser Hinsicht „Des Meeres
1958 1807 3127 1874 und der Liebe [ellen“. Ein Hochgesang auf die Liebe,
1961 1862 3124 1917 die aller priesterlichen Satzungen spottet und zum
1954 1905 3119 1965 Menschlich=Reinen hinaufführt, statt der Liebe selbst in
1958 1953 3120 1998 ihrer elementaren Leidenschaft, in ihrem Erlösungs¬
1961 2018 3123 2066 verte. Unschwer erkennt man in Hero das „süße
1948 2055 3120 2115 Mädel“ der Wiene. Dorstadt wieder, das zu früh den
1957 2104 3119 2150 Jugendrechten entsagt hat, um sich einer ewigen Neusch¬
1944 2151 3120 2216 heit zu weihen. Dir vermissen die großen ethischen
1958 2197 3118 2245 Momente, die eine Driesterin zum liebenden Weibe
1957 2251 3120 2301 machen können, die einen Menschen aus himmlischen
1961 2297 3119 2352 Idealen in irdische Daradiese versenken. Wohl hat
1951 2345 3115 2403 man hier mit Recht die Elemente moderne Stimmungs¬
1958 2396 3122 2472 poesie gefunden; aber ist Stimmung der wezentliche Gehalt
1959 2442 3109 2501 eines Dramas? Damit soll der Bedem. a Grillparzers,
1954 2495 3129 2541 die nach einer ganz anderen Seite lieg., kein Abbruch
1956 2543 3116 2610 geschehen. Man halte Kleist gegen ihn, will man die
1950 2595 3125 2657 ganze Begrenzung der österreichischen Doesie verstehen.
1955 2653 3124 2703 Der weichen Anmut eines Grillparzer setzt er eine herbe
1946 2691 3119 2736 Männlichkeit entgegen. Dort eine im sanften Wohllaut
1952 2753 3110 2803 dahinfließende, ziemlich undifferenzierte Sprache, hier
1958 2792 3113 2846 ein knorriger, zerhackter Stil, der alle Schönheit der
1944 2841 3117 2883 knappen Anschaulichkeit zu Liebe zum Teufel jagt.
1957 2889 3109 2942 Kleist schildert durch plastische Situationen, die in sich
1957 2937 3121 2993 selbst überzeugend wirken; er verfolgt ein seelisches Motiv
1944 2988 3112 3032 bis in seine letzten Ausläufer, hingegen Grillparzer stets
1954 3032 3117 3093 hösischen Anstand bewahrt und eine wesentlich reflek¬
1942 3095 3116 3149 tierende Natur ist. Nichts charakteristischer für den
1950 3134 3116 3196 Gegensatz norddeutschen und wienerischen Geschmacks
1953 3207 3126 3245 als das Mißtrauen und Unverständnis, mit dem man
1945 3231 3131 3306 Kleist an der Donau bis heute begegnet. Der kluge
