3392 4384
426 65 1793 170 1 den   erte e e e e
415 73 2940 218 ventitterten Räumen des alten, unbequemen Hauses so viel zu bato an die R ühr, sein Stück wird vatig fuhri
425 156 2939 272 friedenheit und Behaglichkeit erwarben. Sie begreifen den Rappel der Premiere löste ihn los aus dem alten Kreise, er stieg hinab
427 249 2933 312 nicht, der die Leute erfaßte, als es an den Umzug ging, und un= ins Parkett, und die Galerie soh mit neidischen Blicken nach ihm.
428 243 2945 353 begreiflich ist es ihnen, daß neben einer modernen Schauspielkunst Aber das dauerte nicht lange. Der Erfolg hielt nicht stand. Nur ein
426 335 2947 400 auch eine alte, wohlakkretierte bestehen durfte. Das ist der paar Jahre verflossen, und nun hat er wieder seinen alten Platz oben
424 395 2945 444 Kampf der Geschlechter, in dem immer die Jugend Recht behält. in der Nähe des blitzenden Lusters. Ihn umwogt ein neues
541 432 2940 501 Die Melancholiker auf der Galerie und in den Logen, die Geschlecht von Hoffenden, er hört ihr kindisches Lallen, er schaut
430 438 2944 560 immer noch den Ton der Wolter im Ohre haben und das in ihre Blütenträume und hat für ihre tönenden Worte ein
431 482 2956 597 Profil Roberts im Auge, bleiben in der Minorität, schüchtern schweigendes Lächeln. Er weiß es besser, wie es mit den
424 576 2957 663 noch zeigen sich die Schwärmer, die der Abschiedsvorstellung im Triumphen ist. Auch die Stammgesellschaft aus dem alten Hause
437 586 2950 698 alten Haus gedenken und des Epilogs, da Sonnenthal die Zeit soll erwähnt werden. Früher einmal, als Studenten, standen sie
427 631 2953 753 pries, in der die Burgtheaterkunst in einem Haus mit Oesterreichs zusammen, jetzt sind sie Advokaten und Richter und sitzen
1680 706 1928 770 beieinander.
429 734 982 817 Kaiserk one durfte wohnen.
1788 710 2961 814 In den Pausen tratscht die Galerie und sieht von den
534 742 1698 833 Der Rest geht mit der neuen Aera durch Dick und Dünn und
1690 775 2955 861 hohen künstlerischen Bestrebungen ab. Wie sie einstmals um Robert
433 809 1694 887 wendet sich erbittert gegen die Menschenfeinde, die im „Husaren¬
1696 823 2947 902 und Krastel Legenden spann, so erzählt sie jetzt von Erz¬
440 858 1698 942 fieber“ eine Schädigung des Burgtheaterorganismus erblicken
1682 866 2968 968 herzoginnen, die Stücke verbieten, von Obersthofmeistern, die
436 928 610 999 wollen.
553 920 2956 1030 Der Kaiser ist bis in die letzte Zeit ein treuer Besucher Schauspieler protegieren, von Kainzens Gage und von Frau
427 981 2957 1098 des Burgtheaters geblieben, er liebt die heiteren Stücke, lacht Hohenfels, die seit ihrer Verehelichung mit Baron Berger
435 1040 2573 1129 gern und bleibt auch in den Pausen in seiner Loge. Vom kaiser= bei jedem Auftreten einen Rosenstrauß erhält.
1804 1035 2950 1144 Sie drängen sich in den Queues vor Beginn der Vor¬
442 1094 1707 1182 lichen Hause sind es sonderlich der Thronfolger Franz Ferdinand,
1700 1109 2955 1203 stellung. Der Dienstmann, der dann seine Karte dem Besteller
440 1148 1711 1224 Erzherzog Karl Franz Josef und die Töchter des Erzherzogs
1708 1154 2972 1243 übergibt, der galante Student, der für eine Konservatoristin in
437 1197 1704 1271 Friedrich, die das Burgtheater häufig besuchen. Von fremden
1698 1205 2972 1285 die Schranken tritt, sie sind alle aufs neue erstanden. Und der
441 1245 1699 1316 Souveränen läßt Fürst Ferdinand von Bulgarien keinen Wiener
1710 1249 2971 1346 „Wasser=Franz“ erzählt ihnen oben, wenn er gut gelaunt ist,
443 1292 1707 1380 Besuchstag verstreichen, ohne einer Burgtheatervorstellung beizu¬
1705 1296 2972 1386 aus dem Schatz seiner reichen Erfahrungen. Markante Figuren
450 1369 655 1441 wohnen.
1706 1345 2974 1440 finden sich unter ihnen, Leute, die einst in Logen saßen und so
586 1364 1725 1464 Schlenther ist allabendlich in seinem Hause. Er taucht da
1710 1393 2977 1484 tief sanken, daß sie nun höher steigen mußten, und alte, ver¬
453 1438 1714 1519 und dort auf, kommt auf einen Akt und verschwindet wieder,
1694 1445 2973 1549 witterte Komödianten, die ohne das Theater nicht leben können.
445 1501 1267 1589 wenn das grelle Licht eine Pause kündet.
562 1534 2979 1610 Aus den Logen sind die kleinen Komtessen, die einst dem Tönt die Klingel, dann schweigen die Flüsterstimmen, etwas von
445 1533 2979 1656 Theater den Namen gaben, längst verbannt, es scheint, daß sie der Heiligkeit der alten Burgtheaterstimmung zieht durch den
460 1623 1878 1713 ins Volkstheater oder zu Jarno übersiedelt sind oder daß sie Raum.
1817 1621 2976 1725 Und nach der Vorstellung harren sie genau so wie ihre Väter
451 1671 1735 1752 an der Operette Geschmack gefunden haben, im Burgtheater sind
460 1713 2990 1812 sie heute nicht öfter zu sehen, als man notgedrungen vor dem an den Bühnenausgängen, wissen um die Schleichwege, deren sich die
459 1705 2996 1857 Eintritt in die aristokratische Assemblee an Schiller, Shakespeare Künstler bedienen, und versuchen es, Sonnenthal und Baumeister“
466 1805 2228 1913 und Goethe zu sich genommen haben muß. — Die Politik hat die Pferde auszuspannen.
1814 1805 2987 1907 Der Enthusiasmus ist der gleiche, die großen Namen, sind
460 1862 1730 1942 erst seit kurzem wieder ihr Herz für die Kunst in unserem obersten
1727 1875 2992 1965 serhalten geblieben, es wird ihnen immer unklarer, warum man noch
469 1914 1725 1999 Schauspielhaus entdeckt. Der Ministerpräsident läßt keine halbwegs
1730 1933 2824 2030 immer von einem glücklichen „alten Burgtheater“ faselt.
465 1967 1720 2045 wichtige Vorstellung im Burgtheater vorübergehen. Es ist übrigens
2717 1950 2962 2036 A. D.-G.
461 2012 1731 2107 wahrscheinlich, daß er diese Neigung auch schon früher hatte, nur
470 2072 1484 2146 stand er als Privatier nicht so sehr unter Kontrolle.
575 2109 1743 2187 Unter den Titel „Gesellschaftliche Ereignisse“ fällt auch die
458 2146 1739 2241 Burg=Premiere. Sie ist nun freilich längst keine Sensation mehr,
468 2220 1745 2295 sondern ein ganz normales Geschehnis. Irgend ein Turf¬
458 2246 1753 2340 evenement oder das Nikolofest einer wohltätigen Vereinigung ab¬
468 2321 1081 2405 sorbieren das gleiche Interesse.
589 2345 1759 2438 Die Premiere von ehemals stellte das ganze literarische
473 2383 1757 2491 Wien auf den Kopf. Und der Telegraph hatte am Abend nach
465 2449 1755 2519 der Vorstellung kein dringlicheres Geschäft, als den Erfolg oder
473 2495 1760 2573 Mißerfolg in die Welt zu posaunin. Die Wiener Aristokcaten in
465 2546 1765 2640 den Logen, die Wiener Börse, die Wiener Literatur und vor
479 2578 1759 2678 allem die verständnislosen Beaus, die in den Sa'ons
471 2639 1748 2725 unmöglich waren, wenn sie nicht von der Burgtheater¬
485 2673 1768 2782 Neuigkeit plappern konnten, im Parkett. Sie bildeten mit den
484 2729 1765 2829 Strakosch=Schülern und mit den Konservatoristen auf der Gilerie
485 2775 1775 2871 ein festgefügtes Ensemble, das allen Premieren den eisernen
487 2818 1773 2919 Bestand des Hauses sicherte. Die Frage des Tages
494 2871 1780 2963 lautete zu jener Zeit: „Was sagen Sie zu dem neuen
480 2921 1770 3011 Burgtheater=Stück?“ Und die Frage von heute ist: „Sie
495 2955 1759 3061 waren bei der Premiere im Burgtheater?“ Die Selbst¬
487 3019 1779 3121 verständlichkeit wird zur Rarität. — Das hat wahrscheinlih mitt
500 3073 1774 3159 dem Rang der Burg nichts zu tun und die Abschwächung des
485 3125 1776 3218 Interesses ist nur durch die erhöhte Produktion und durch
495 3185 1772 3268 das Auftauchen neuer großer Bühnen zu motivieren. Aber der
500 3203 1781 3302 Premierenwert ist nun einmal gesunken und der Triumph des
496 3263 1770 3350 Burgtheaterdichters, der einstmals in den, dem alten Haus be¬
505 3302 1785 3397 nachbarten Kaffeehäusern mit mächtigem Schall verkündet wurde,
503 3354 1777 3469 findet heute nur mehr in jenen Restaurauts und Cafés Wider¬
502 3409 1785 3502 hall, in denen die Kritiker ihre Referate schreiben. Ein Sitz zur
499 3464 1784 3538 Burgtheater=Premiere war einstmals ein nicht teuer genug zu
508 3508 1794 3608 schätzendes Gut, heute ereignet es sich bei Premieren vielfach, daß
520 3544 1785 3644 Plätze unbesetzt bleiben, die Agiotage hat das Burgtheater längst
520 3628 866 3696 ad acta gelegt.
628 3645 1780 3752 Im Wasserglase stürmt es natürlich noch immer. Die kleine
523 3702 1794 3792 Schar derer, „die dazugehören“ findet sich tapfer ein. Denn ein
518 3750 1792 3842 beträchtlicher Teil der großen Gesellschaft läßt sich's natürlich nicht
509 3804 1800 3897 nehmen, bei der Premiere gesehen zu werden. Die Logen füllen
529 3860 1799 3948 die normalen Stammgäste, in deren Kreisen es der gute Ton
529 3902 1797 3983 gebietet, im Burgtheater abonniert zu sein, und auf den Galerien
518 3953 1787 4065 harrt ein hoffnungsfreudiges, dichterisch und schauspielerisch ver¬
