3392 4384
1124 309 1588 390 box 41/4
117 312 980 419 11. Miscellaneons
998 450 1222 520 Christiania¬
143 497 1222 569 Sen, Kopennagen, London, Madrid, Mailand, Minneapolis.
134 529 1226 602 New-Vork, Paris, Rom, San Francisco, Stockholm, St. Peters¬
515 574 831 633 burg, Toronto.
433 617 915 678 (Quellenangabgegfine Gewähr.)
648 658 799 698 -rze
130 659 1150 769 Ausschnitt aus: Wiene Freie Worte
789 749 962 827 Wien
122 765 293 826 vom:
396 756 691 835 110K11912
245 900 1031 1004 Literatur und Kunst.
272 989 974 1064 Redakteur: Karl F. Kocmata.
243 1062 1116 1114 Herr Anton Habera sendet uns nach¬
148 1103 655 1172 stehende „Widmung“:
262 1159 849 1228 Dem, der für die Wahrheit ist,
266 1209 772 1272 Sei er auch ein Antichrift,
268 1254 848 1321 Sei er auch ganz glaubenslos,
268 1304 873 1362 Ein Monist und Freigeist „blos,“
270 1356 849 1412 Welcher um des Guten Willen
264 1404 875 1471 Uebt das Gute auch im Stillen,
263 1456 871 1518 Ohne dies und das zu glauben:
272 1501 910 1570 Sollst du nicht die Achtung rauben!
273 1552 850 1616 Freigeistvoll, moralisch leben,
278 1598 879 1662 Ist der freien Schule Streben:
278 1648 782 1719 Helfe jeder oft und viel
275 1694 828 1774 Ihr zu diesem schönen Ziel!
279 1783 1015 1870 Brutaler, unkünstlerischer
478 1854 843 1935 Realismus.
256 1914 1126 1985 Georg Hirschfeld, 1873 in Berlin ge¬
160 1973 1138 2030 boren, war mir in seinen Werken bisher
174 2024 1142 2085 fremd. Ich kaufe mir die Modernen erst zum
168 2071 1145 2131 herabgesetzten Preis: man verliert da weni¬
173 2112 1150 2180 ger, denn auf Gewinn rechne ich bei den
177 2158 1146 2219 Modernen nicht. So kommt es, daß ich die
179 2215 1139 2276 sympathischen Schriftsteller, so sich um Ger¬
169 2262 1180 2323 hart Hauptmann und Arthur Schniß¬
167 2317 1147 2383 Ier scharen, lange Zeiten schon im Bilde
333 2355 1147 2426 Bilder gibts von ihnen mehr als
177 2376 302 2424 kenne
179 2407 1159 2469 Bücher — und komme ich billig zu einem
183 2457 1158 2518 Buch von ihnen, dann muß ich allerdings
186 2516 1157 2573 den alten Wahrsatz zur Gänze unterschreiben:
184 2559 847 2632 Wer billig kauft, kauft teuer.
288 2606 1155 2662 Ich kaufte mir „Erlebnis“ von Georg
186 2651 1156 2714 Hirschfeld. Ist bei Albert Langen in München
189 2710 1155 2757 erschienen. Eine Sammlung Novellen. Und
184 2761 1153 2807 nun bereue ich diese Ausgabe der wenigen
178 2796 1163 2858 Heller, die ich da geopfert. Ich will gar nicht
177 2846 1163 2905 darauf eingehen, die Mängel der Novellen
178 2907 1168 2954 hervorzuheben. Einerseits werden ja Haupt¬
178 2955 1163 3009 mann und Schnitzler wenig Freude an Hirsch¬
178 2992 1167 3044 feld, dem „Mitstrebenden“ überhaupt haben,
183 3054 1151 3104 anderseits begnüge ich mich damit, die Qua¬
181 3086 1160 3153 lität des Herrn Hirschfeld in dem „Führer
179 3151 1153 3205 durch die moderne Literatur“ von Hanns
189 3185 1163 3241 Heinz Ewers gerecht gewürdigt zu sehen.
188 3243 1156 3298 Dort wird ihm unter anderem dilettantischer
184 3295 1162 3352 Uebereifer vorgehalten. Schließlich wäre mir
198 3336 1165 3389 dies nicht maßgebend, aus verschiedenen Grün¬
183 3393 1166 3458 den nicht. Aber ich mußte unter anderen auch
182 3431 1161 3480 die Novelle „Jenseits“ lesen und folgende
192 3477 1175 3534 Stelle läßt an Kraßheit und unkünstlerischem
198 3529 1173 3602 Realismus nichts mehr zu wünschen übrig:
278 3579 1171 3640 Der Garten lag dicht am See, breite Kastanien¬
193 3626 1170 3688 zweige über den Tischen gaben leiswehenden Duft,
198 3681 1182 3740 das Bier war aus München und das Essen
200 3730 475 3787 erträglich.
289 3761 1162 3835 Moderne Dichtkunst! Leiswehender Duft,
198 3820 1157 3872 Bier und Essen: Motive, mit denen Hirsch¬
204 3866 1169 3928 feld arbeitet, der in Dachau bei München
206 3923 354 3986 wohnt.
288 3962 1177 4019 Ich werde nun alle modernen Dilettanten
206 4027 1161 4070 abgrasen und werde prüfen, was alles erträg¬
206 4071 1182 4117 lich ist und aus München stammt. Mein
210 4123 1183 4172 Buchhändler pflegt nun alle Modernen in
222 4165 638 4227 seinem Antiquariat.
1963 211 2215 296 ——
1681 1367 2593 1483 #### Uraufführung in Darmstadt.
1663 1459 2819 1551 „Sommer“, Komödie in drei Akten von Thaddäus Rittukt,
1736 1511 2815 1588 Artbur Schnitzler kann es zwar bedeutend besser, aber.
1661 1553 2777 1643 sein Wiener#ann Thadäus Rittner kann es auch
1663 1589 2775 1677 ganz gut: Menschen durcheinander= und aneinander vor¬
1663 1604 2830 1714 beischieben und Teilchen ihrer Seelen vermischen, so daß an
1674 1669 2785 1752 Ende des Reigens zwar das alte Gesamtbild wieder hergestellt“
1673 1693 2812 1795 ist, aber die einzelnen Partien des Bildes anders angefärbt###
1660 1771 2797 1827 erscheinen. Man glaubt, es geschehen Zeichen und Wunder an ;
1662 1789 2810 1872 einigen der Menschen, aber zum Schlusse schiebt Gewöhnung.'
1664 1837 2790 1910 und Vernunft das Größe, das geschehen sollte, wieder in
1668 1868 2792 1946 die alte Ordnung zurück, und man sieht — auf der Bühne und
1661 1906 2800 1991 im Parkett — mit melancholischem Lächeln ein, daß“ sich
1675 1945 2796 2031 nur ein kleiner Konstruktionsfehler in die vielrädrige (Ma¬
1680 1991 2794 2074 schinerie der gesellschaftlichen und seelischen Beziehungen ein¬
1682 2023 2793 2117 geschlichen hatte. Man verläßt, ein wenig unbefriedigt und
1677 2073 2818 2150 ein wenig beglückt vom „Schlaf der Welt“, den Schauplah
1744 2113 2795 2196 In Rittners Komödie währt die Aufregung einen Som¬
1678 2167 2796 2243 mer, einen kurzen Sanatoriumssommer. Der spröde Medi¬
1685 2179 2806 2275 zinalrat, der das Sanatorium leitet, hat eine für ihn etwas
1679 2216 2869 2319 zu junge, angenehm hysterische Frau. Ihre Hysterie wird
1681 2275 2801 2343 aber in dem Augenblick unangenehm, wo ein Mann auf
1681 2314 2845 2387 der Bildfläche erscheint, in dem jene lyrisch überhauchte
1677 2373 2740 2435 Sehnsucht schwingt, nach der die hysterischen Frauen
1672 2392 2807 2465 gerne, wie nach der Erlösung von allen widrigen Realitäten,
1680 2432 2806 2515 greifen. Ein Achtundzwanzigjähriger, ein blonder, schüch¬
1673 2476 2802 2546 terner, liebeshungriger Gelehrter seufzt um die junge Frau.
1676 2516 2806 2581 Mehr zu tun als zu seufzen, dazu fehlt ihm der Mut. Aber
1679 2554 2800 2626 der Medizinalrat wittert in ihm den Feind und will ihn
1690 2588 2796 2662 kampfunfähig machen. Er erzählt daher einem Mädchen
1678 2632 2808 2714 für alles, der junge Mann habe nur noch diesen Som¬
1691 2667 2806 2740 mer zu leben, und erzählt es so, daß der angeblich dem
1677 2700 2801 2778 Tod Geweihte es hören muß. Die Wirkung ist überraschend:
1679 2745 2815 2823 aus dem Schüchternen wird ein Wagemutiger, aus dem lyri¬
1691 2775 2818 2857 schen Hauch seiner Seele ein dramatischer Antrieb. Der
1687 2830 2814 2899 junge Mann hat sich nämlich vor dem Ende des Sommers
1682 2869 2813 2946 gefürchtet, das ihn zwingen würde, als Schulmeister zu
1698 2898 2824 2980 frohnden. Nun sieht er statt des unfrohen Winters ein
1692 2954 2815 3025 seliges Nirvana vor sich und reißt den Sommer, diese letzte
1695 2975 2822 3053 isommerliche Möglichkeit seines Lebens, jauchzend an sich. Er
1685 3023 2814 3100 Fält die junge Frau Medizinalrat in seinen Armen, küßt
1687 3070 2816 3130 alle Frauenhände, die vor ihn kommen, kurz: er bekommt
1779 3100 2810 3168 im Angesicht des Todes Mut zum Leben. Die letzte
1680 3128 1780 3182 erst
1686 3139 2819 3218 Süßigkeit des Sommers will er auf einer Reise mit der
1689 3197 2117 3268 Geliebten auskosten.
1778 3225 2823 3297 Schon sind die Koffer gepackt, da beginnen auch dieses
1701 3268 2821 3338 Sommers Blätter und Blüten welk und müde zu werden.
1703 3306 2832 3383 Der Medizinalrat nämlich hat seine forshe Männlichkeit an
1702 3355 2836 3414 ine Patientin, die von ungefähr ein* Operetten fingendes
1710 3382 2826 3463 eichtes Persönchen ist, hingegeben, im seine Frau in
1704 3395 2878 3504 irren. Und das gelingt ihm. Oder vielmenr: die Oystern
