3392 4384
1118 268 1555 365 box 41/4
88 285 967 403 1. Miscellaneeus
100 1420 1801 1535 siatischen Kontin=] Verteidigung des Vaterlandes, die Durchführung der Verfassung,
595 1566 1804 1644 ein Narr, der sich nicht beizeiten darauf einrichtet, auf keinen
108 1586 571 1649 iert ist, umso übler ist er
602 1624 1184 1705 Menschen angewiesen zu sein.“
106 1631 575 1701 er Verständnis hat, das
709 1655 1802 1745 Es ist wohl möglich, daß ein Paar, das gegenseitig zur Ge¬
105 1685 578 1744 in Leben teilt, auf das
596 1733 1803 1778 meinsamkeit stimmt, harmonisch miteinander altert, und eine
95 1735 579 1811 rigt ihn der Zwang der
609 1765 1806 1836 schöne Lebenserfüllung mag das sein. Doch die Philemon= und
103 1780 578 1846 nd Reizbarkeit sind die
606 1809 1811 1878 Baucis=Legende zu generalisieren, geht bei der „Gebrechlichkeit der
96 1829 586 1902 Dispositionen haben, soll¬
603 1860 1810 1930 menschenlichen Natur“ doch wohl nicht an. Jahrelanges Beieinan¬
113 1885 572 1938 Existenz vorziehen. Auch
607 1911 1810 1977 derleben kann bei schwierigen, komplizierten Persönlichkeiten —
106 1931 581 1994 durch das Refugium des
611 1961 1803 2033 sic brauchen darum noch nicht unedel zu sein — viel eher zu einem
101 1979 589 2041 e Regie und Einteilung
611 2032 1809 2078 Auseinanderleben führen. Zuviel speichert sich an Feindschaft,
107 2028 583 2092 ertauchen und ausfliegen
607 2073 1803 2119 Gegensätzen und inneren Widerständen auf; zum Haß kann das
113 2074 584 2141 mulierend ist, man kann
611 2105 1801 2185 führen, zu stummen Erbitterungen, zu leidenschaftlichen Abrech¬
111 2127 580 2191 zwegen, ohne Profeß ab¬
605 2174 770 2239 nungen.
109 2175 591 2235 fine eigenen Widersprüche
724 2206 1812 2272 Gottfried Keller erzählt im „Grünen Heinrich“ von den
120 2226 593 2294 für präsentiert zu. be¬
608 2249 1815 2320 alten Leuten, die schlaflos im Bett aufsitzen und in endlosem
605 2284 1820 2379 Hader ihr ganzes Leben unerbittlich einander vor die Füße
110 2302 575 2386 imt die böse Zeit heran,
601 2365 774 2436 werfen.
110 2374 591 2434 ifen, das hat noch keinem
706 2384 1816 2465 Und Geijerstam schildert als ein Wissender in seinen Ehe¬
129 2418 594 2478 das Alter, das ist das
611 2446 1814 2515 büchern, wie gerade zwischen denen, die aus stärkstem Liebes¬
123 2465 584 2537 schreckt ihn dräuend die
608 2497 1819 2563 zwang zusammenkamen, in der gedehnten Alltäglichkeit der häus¬
606 2546 1813 2604 lichen Existenz die quälendsten Zersetzungen sich begeben. Und er
116 2552 597 2636 diese Heiratsmotivierung
610 2592 1812 2660 verdichtet beklemmend die Wetterzeichen seelischer Meteorologie.
129 2612 592 2672 Lebens aus Scheu vor
616 2643 1814 2710 Er spricht von den „bösen Gedanken“ und ihrer Macht. Sie ist
115 2665 594 2728 wenn er anständiges Ge¬
607 2691 1820 2756 nie größer, als wenn zwei Menschen lange Seite an Seite schwei¬
129 2705 579 2772 heiraten, um eine Pfle¬
606 2760 1817 2807 gen und bitter voneinander denken. Die Bitterkeit des einen geht
109 2758 378 2825 s zu haben.
609 2797 1817 2858 hinüber und vermehrt die Bitterkeit in der Seele des anderen. In
113 2783 587 2858 en waren zu bestrickend
616 2841 1809 2908 solchen Stunden spricht Seele zu Seele stärker als mit Worten,
132 2850 588 2913 Nachspiel geben möchte,
611 2892 1809 2948 und was da gesagt wird, wirkt mächtiger, weil es direkt aus
120 2901 594 2962 hnitzlers Herr von Sala,
614 2941 1812 3002 unserem unbewußten Wesen entspringt, das unser Tiefstes ist.
114 2949 587 3014 ala formuliert dies auch
614 2985 1633 3061 Die eine Seele kann da eine andere zu Tode schlagen.
113 2994 599 3068 erblaßt, zu spät und aus
719 3033 1816 3097 Mein Junggeselle weiß davon, er liebt über alles die Har¬
114 3048 604 3113 hten möchte: „Es graut
609 3084 1814 3140 monie, er ist auch wohl verzärtelt und empfindlich, er könnte in
127 3095 585 3153 Sie eine Frau an Ihrer
609 3139 1816 3200 solcher Atmosphäre nicht atmen. Und er ist sich selbst nur zu
111 3137 602 3204 in? Und wenn Kinder
610 3191 1816 3243 klar, daß gerade eine sensible „unbezwingliche Gemütsart“ den
129 3186 587 3257 nicht? Und wenn uns
611 3232 1817 3294 gefährlichsten Nährboden für solche zerstörerischen Lebenskrisen
113 3240 587 3306 Peg hinab gehen wir alle
619 3280 1821 3356 geben könnte. So erspart er sich und vielgeliebten Frauen das be¬
124 3291 591 3352 hört haben. Das Altern
129 3332 1039 3421 ng für unsereinen: und 1 denkliche Experiment.
2952 1412 3029 1461 Pe
1829 1412 3035 1491 wäre unaufrichtig genug, um zu erklären, daß kriegerische Tugen¬
1826 1481 3026 1536 den keine vitale Rolle im Leben gesunder und ehrliebender Völker
1827 1534 3027 1582 spielen, oder wer schließlich wäre töricht genug, um anzunehmen,
1822 1571 3028 1621 daß ein langer Antagonismus, der sich aus der Geschichte und
1824 1621 3026 1671 der Zeit erklärt, stets durch glatte, an der Oberfläche bleibende
1819 1658 3038 1733 Konventionen von Politikern und Diplomaten ausgeglichen werden.
1820 1714 3037 1754 könnte? Großbritannien müsse für alle Fälle gerüstet sein. Es
1820 1753 3035 1819 sei gut, geduldig, bedächtig, friedliebend zu sein, aber es sei nicht
1822 1798 3026 1865 genug. „Wir müssen“, schloß Churchill, „auch stark, voll Selbst¬
1827 1840 2340 1903 vertrauen und einig sein.“
1939 1876 3025 1936 Paris, 31. Oktober. (Spezialtelegramm.) Es
1828 1917 3030 1978 verlautet dem „Echo de Pavis“ zufolge, daß auch Rußland mit
1830 1965 3021 2031 Wien verhandle und daß Poincaré diese Intervention unter¬
1833 2019 2667 2081 stütze. Man sieht mit großer Hoffnung einer
2231 2064 2626 2120 baldigen Konferenz
1828 2079 2586 2179 entgegen, die in Paris stattfinden soll.
2001 2222 2831 2319 Wetterbericht für die Ostsee=Häfen.
1882 2293 2965 2347 Hamburger Seewarte, 31. Oktober, 8 Uhr morgens.
2213 2381 2296 2431 8 2
2824 2392 3026 2471 Seegang:
1892 2391 2120 2470 Stationen:
2545 2371 2723 2478 Wetter:
2210 2383 2505 2488 S 5 Wind:
2729 2438 2837 2484 85
2822 2467 3026 2560 leicht bew.
1836 2461 2034 2544 Studesnäs
2181 2455 2690 2537 1744.5 NNW stark swollig
1836 2530 2109 2587 Sylt (Keitum)
2188 2526 2682 2581 746,3 SW mäßig bedeckt
1835 2571 1925 2617 Kiel
2196 2563 2682 2617 748,5 SSW schwachswolkig
1824 2598 2091 2657 Swinemünde
2816 2597 2975 2655 schlicht
2180 2613 2678 2655 759,0 SSW leicht wolkig
1835 2639 2174 2708 Rügenwaldermünde
2182 2644 2681 2693 750,6 SSW mäßig bedeckt
2811 2643 3021 2715 leicht bew,
2187 2686 2681 2737 759,0 WSW schwachlbedeckt
1833 2687 2106 2746 Neufahrwasser
1829 2724 1984 2779 Memel
2192 2726 2673 2772 750,1 NNW s. leicht Nebel
1831 2762 1996 2818 Stagen
2187 2762 2686 2812 743,3 SW leicht lbedeckt
2191 2798 2681 2854 748,0 WSW schwach Dunst
1831 2795 2066 2875 Kopenhagen
2183 2831 2675 2891 747,1 SSW leicht Regen
1823 2843 1973 2893 Wisby
2182 2882 2672 2932 749.9 WSW frisch Dunst
1835 2872 2041 2932 Bornholm
1836 2921 2032 2981 Stockholm
2170 2919 2685 2976 746,2 SO leicht Regen
1929 2958 3038 3024 Uebersicht der Witterung. Maxima von über 765
1828 2994 3034 3051 Millimeter über dem Schwarzen Meer und nordwestlich von Schoit¬
1831 3040 3037 3089 land, Minimum von unter 745 Millimeter über dem Nordseegebiet,
1825 3087 3031 3131 sehr starkes Steigen des Baromeiers über England. Im Kanal starke
1834 3123 3038 3167 westliche, an der deutschen Küste meist schwache südwestliche Winde.
1820 3155 2419 3230 Wetter trübe, mild und regnerisch.
1951 3226 2912 3295 Wetteraussichten für Freitag, den 1. November.
1937 3287 3017 3352 Mildes, vorwiegend trübes Wetter mit Regenfällen und mäßigen
1808 3313 2649 3402 bis frischen Winden aus westlichen Richtungen.
