3392 4384
1677 91 2262 179 e e
1688 150 3024 230 ze bemüht sich, von epigrammatischer Kürze zu sein und sein Stil ist
1674 196 3012 294 und von der Schlankheit der Satzformen eines Nietzsche, mägerer noch
1681 243 3007 323 die als der Satzbau Schopenhauers, asketischer noch als die Schreib¬
1664 280 3018 395 jel= weise von Karl Kraus. Von der Stilsette her ist ihm wohl
1132 283 1603 387 box 41/4
112 297 1004 399 11. Miscellaneens
1670 360 3008 417 zät. Marimilian Harden unsympathisch, und er wird nicht müde,
1672 389 3022 479 irde Harden zu verletzen und zu einer Polemik herauszusordern.
1674 440 3024 525 zuf=] Einmal nennt er ihn eine Grunewaldgröße (Harden wohnt in
1766 472 3030 554 der kleinen Gemeinde Grunewald bei Berlin), dann wieder einen
1682 514 1787 566 nte
1686 530 3027 605 uch Deklamator mit dem Konversationslexikon (weil Harden gar so
1689 569 3014 649 ät= belesen tut). Dann wirft er ihm seinen „Bandwurmstil“ vor,
1686 616 3037 713 de.seine Schauspielervergangenheit (indem er ihn Schminkeles heißt),
1683 676 3030 739 tieg spricht in einem Atem von ihm als dem alten ehrlichen Harden,
1687 725 3025 801 Be= also höchst ironisch, und behauptet ein andermal, er wäre in Kunst¬
1776 742 3034 840 fragen „schwach begabt wie Bohnenstroh, aber sehr befähigt, glänzend
1691 799 1791 865 ieg
1787 805 3046 886 sensationelle Artikel zu verfassen". Auf alle diese Schmeicheleien!!
1686 851 1792 922 sien
1786 854 3031 933 hat Harden, der sich selbst als Raufbold in der Literatur und in
1686 895 1794 960 per
1793 899 3042 979 der Publizistik einen Namen gemacht hat, niemals mit einer
1694 943 1792 1016 m
1788 950 3037 1026 Sterbenssilbe, nicht mit der verstecktesten Andeutung geantwortet.
1687 983 1785 1049 mit
1785 994 3031 1076 Ich habe Kerr einmal gefragt, wie er sich das Schweigen von
1697 1033 1787 1092 den
1793 1040 3060 1123 Harden erkläre, und er sagte mir: „Das Berliner Gerücht, das
1706 1068 1786 1146 ti¬
1782 1098 3078 1177 bestimmt davon wissen will, ich hätte gegen die Privatperson
1790 1128 3085 1223 Harden kompromitticrendes Material im Schreibtisch liegen, und
1711 1162 1794 1241 en
1788 1192 3031 1264 Harden fürchte im Fall einer Polemik die Ausnützung dieser
1784 1243 3042 1315 Dinge gegen ihn, ist nicht mehr als ein Gerücht. Die
1787 1288 3039 1366 Sache liegt vielmehr so: Für so unehrlich ich auch Herrn
1776 1332 3049 1414 Harden halte, so glaube ich doch, daß er sich selbst einigermaßen
1790 1381 3057 1456 kennt und auch ahnt, daß ich ihn erkannt habe. Hardens Taktik
1790 1423 3094 1514 ist es immer gewesen, zu schweigen, wenn er im Unrecht war! k
1792 1487 2528 1576 und nicht unbedingt antworten mußte!“
1712 1480 1792 1583 se
1889 1525 3067 1620 Dr. Kerr stammt aus Breslau, steht in der Mitte der
1728 1577 1796 1677 n
1788 1596 3096 1672 vierziger Jahre, und seinen Ruf — er wird von Autoren und je
1799 1643 3097 1726 Schauspielern in gleichem Maße gefürchtet — verdankt er nichtg
1729 1706 1791 1766 n
1792 1713 3105 1772 so sehr seinem Können, seinem Geist und seinem Urteilsvermögen, k.
1795 1745 3023 1818 wie dem Skandal, den er oft und oft erregt hat. Das fing er schon
1723 1757 1801 1814 in
3021 1754 3098 1815 is
1804 1791 3112 1859 vor 25 Jahren an. Damals spielte ein, seither völlig vergessener
1789 1842 3045 1912 Musikkritiker eine gewisse Rolle in Bertlin. Er hieß Tappert,
1785 1891 3043 1963 und Kerr erfuhr, daß sich Tappert gelegentlich für seine
1797 1936 3043 2003 kritischen Urteile mit barem Geld bezahlen ließ. Diese
2835 1971 2937 2036 in
2929 1956 3139 2059 der X
1792 1982 2807 2044 Sünden des armen Teufels deckte Kerr
1794 2032 3055 2111 „Neuen Rundschau“, deren ständiger Mitarbeiter er
1789 2060 3066 2152 war und ist, auf, und es gab einen Höllenlärm. Noch mehr
1790 2122 3045 2190 machte sein Streit mit Hermann Sudermann von sich reden.
1790 2159 3057 2252 Eines Tages ließ Sudermann jene paar Artikel über
1789 2210 3047 2306 die Verrohung der Kritic los. Als einen der rohesten
1797 2262 3058 2342 unter den Rohen bezeichnete er Kerr. Darauf faßte Kerr seine
1797 2302 3062 2390 Aufsätze über Sudermann schleunigst zu einer Broschüre zusammen,
1799 2363 3021 2438 der er den Titel gab „Hier Sudermann — der D ... Di
1799 2378 3137 2484 Dichter". Das wirbelte unerhörte Staubmassen auf. Auch seither
1806 2437 3096 2535 ist es durch Kerr noch manchmal zu einem Riesenkrach gekommen.
1914 2507 3098 2604 Von den deutschen Dramatikern schätzt er nursch
1808 2554 3109 2625 Gerhart Hauptmann; Ludwig Fulda rühmt er als den
2139 2589 3093 2688 Geburtstagsdichter. Max Dreyer ist ihm
1812 2621 2069 2695 anmutigsten
1812 2641 3091 2733 „ein Naturspiel der Farblosigkeit“ an Hermann Suder¬
1806 2691 3116 2787 mann findet er kein echtes Haar, nur falsche Rührung, falsche
1813 2750 3068 2826 Leidenschaft, falsche Schlichtheit. Die Oesterreicher, Schönherr
1817 2808 3048 2876 Schnitzler, Hoffmannsthal, schneiden bei ihm besser ab. Vor¬
1819 2856 2463 2945 behalte macht er auch bei ihnen.
906 2817 1526 2950 Alfred Kerr.
1921 2901 3148 2984 So meint er von Hoffmannsthal: „Bei ist das Dramatischel m¬
982 2929 1444 3000 Ein Porträt.
1809 2958 3129 3041 äußerst schwach. Ich möchte sagen, seine Werke haben keineflat
950 2973 1465 3065 (Von unserem Korrespondenten.)
1823 3011 3072 3074 Rippen, und seine strahlenden, dekorativen Verse, seine
1281 3006 1792 3110 Berlin, im Oktober.
1830 3032 3166 3125 Beionungen sind so leise, daß er für das Theater nicht mis
685 3078 1820 3159 Die drei Millionen Menschen, die Berlin bevölkern, haben
1834 3096 3200 3172 taugt, und das Herausarbeiten, Hervorkehren, Aufblitzen=Die
571 3130 1820 3206 in diesem steinernen Ungeheuer eine mehr oder weniger kom¬
2660 3141 3153 3225 Artur Schuitzle###
1820 3144 2635 3232 lassen ist seine Sache schon gar nicht.
585 3182 1824 3269 sortable Wohnung, aber darum noch lange kein Heim und des¬
1821 3184 3135 3275 ist ein Kenner, ein geistvoller Empfinder, aber mehr ein Dichter mi¬
581 3227 1823 3301 wegen auch kein Theater — trotz der dreißig Bühnen, auf denen
3042 3243 3140 3315 W
1820 3238 3050 3308 als ein Ausarbeiter. Auch ihm fehlen die wuchtigen Akzente.
581 3274 1818 3354 hier Komödie gespielt wird. Und wie das gesamte Beiliner
1832 3285 3118 3359 Es ist eine Episodenpoesie, aber es ist so viel Grazie und Nach¬ A
585 3324 1824 3409 Publikum, so hat auch der Berliner Theaterkritiker fürs Theater
1831 3320 3141 3412 denklichkeit darin, daß man das mitfrißtz was dem Kritiker ##
573 3357 1820 3467 nicht ein bißchen Liebe übrig. Dem Pud. 'um dieser kühlen und
3042 3386 3130 3469 sich
1827 3395 2124 3477 widerspricht!“
577 3419 1821 3512 nüchternen Stabr isi das Theater auch im tiefsten Frieden nur
1928 3414 3149 3512 Kerr ist kein Freund Reinhardts — sein Mann war Ottosme
573 3457 1835 3541 eine Stundensensation für die arbeitswunden Nerven, eine
1824 3495 3169 3564 Brahm, und unter den Schauspielern liebt er nur die Leute ger
584 3508 1828 3611 gesellschaftsmögliche Form des Rummelplatzes, dem Kritiker eine
1824 3538 3064 3607 Brahms (Bassermann, Reicher, die Else Lehmann) und — Girardi,
579 3563 1824 3664 lästige Fessel, die ihn so lange drückt, bis er ganz freuslos,
3053 3552 3144 3644 al
580 3574 3071 3686 ganz mürrisch ganz gleichgültig und geschäftsmäßig wird, venn den er über alle Mas# verehrt und den er sogar in Veisen
2767 3618 3172 3713 Drt E. B.“ b
579 3643 2272 3748 ##  nit sm nnn s ans m #mtlte m#h pon bisungen hat.
553 3782 874 3968 ½
