3392 4384
125 310 997 420 11. Miscellaneons
1147 298 1592 390 box 41/4
2238 336 2717 421 Neues Wiener Journai
2000 435 3145 489 Sogar Alfred Kerr, der von allen am zornigsten und am
1856 479 3135 546 begeistertsten sein kann, sogar Kerr ist kein Theaternarr, sondern
1888 531 3115 583 ein Historiker, der die Literatur auf dem Theatermarkt sucht.
1900 576 3134 634 Seine Kritiken setzen sich nicht zusammen aus lauter Leidenschaft!
1884 612 3131 679 fürs Theater, sondern aus Geist, Sprachkunst, Literaturkenntnis
1894 672 3136 731 und Wahrheitsliebe. Er selbst definiert sich und sein Handwerk
1828 667 1875 730 ch
1900 707 3182 774 folgendermaßen: „Der Kritiker soll die Kritik des Hasses und der 2#
1826 716 1878 785 er
1896 758 3172 815 Liebe geben, temperiert durch historische Gerechtigkeit. Sie trachte,g.
1901 809 3189 876 die Werke zu sehen, wie sie der Literaturhistoriker in fünfund=e
1846 810 1892 875 se
1884 836 3135 922 zwanzig Jahren sehen wird. Sie schäme sich der ungezwungensten
1826 897 3139 960 in Regungen nicht: des Hasses und der Liebe. Denn die Kritik ist
2730 949 2872 1024 Man
2901 947 3054 1015 sieht,
2236 956 2683 1026 keine Wissenschaft.“
1831 951 2199 1020 ens eine Kunst,
1816 990 3135 1068 cht kommt von Nietzsche und Ibsen, hat von der Kunst,
1825 1041 3138 1118 en zu kritifieren, eine hohe Meinung und schätzt sie produktiver
1903 1093 3140 1150 Tätigkeit gleich. „Gepfefferte Inhaltsangaben sind freilich keine
1825 1094 1895 1173 in
1883 1134 3139 1203 Kritik. Aber der wahre Kritiker ist ein Dichter, ein Gestalter.
1900 1194 3141 1259 Er reproduziert den Kern der Gehirnkonstruktion eines Autors.
1816 1193 1893 1255 sse
1831 1237 3150 1314 hr Eine gute Rezension hat Aussicht, länger zu leben als ein
1829 1275 3137 1357 hr schlechtes Stück!“ Voraussetzung dieser Lebenskraft ist natürlich,
1896 1327 3140 1410 daß die Artikel, die Kerr für die gebildetste Zeitung
1824 1336 1899 1397 ir¬
1827 1374 3133 1437 die des Scherlschen Verlages, den roten Tag „dichtet", zu Bänden
2352 1412 3139 1496 demnächst kommen bei S. Fischer in
1828 1428 1898 1495 ir¬
1900 1433 2266 1493 gesammelt werden
1900 1475 3136 1528 Berlin die gesammelten Werke von Kerr, fünf Bände, heraus.
1825 1483 1897 1545 #e
1912 1518 3167 1594 „Selbstverständlich kann der Kritiker produktiv sein“, sagte
1825 1531 1896 1583 in:
1912 1562 3153 1634 er mir einmal in einem vielstündigen Gespräch, „als Kritiker
1842 1581 1895 1640 73
1916 1619 3165 1681 kann er es sein. Er ist es, wenn er ein Kunstwerk erzeugt.
1913 1644 3157 1725 Warum sollte Kritik nicht als eine Dichtungsart angesehen werden
1836 1677 1900 1734 m
1820 1710 3154 1782 zen können? Ich finde, nicht das Publikum, sondern der Kritiker hat
1828 1758 3149 1822 des zu geringen Respekt vor seinem Geschäft. Ich treibe das Ver¬
1903 1807 3220 1878 fassen von Rezensionen nicht wegen des Publikums und nicht#
1823 1856 2712 1935 hen wegen des Autors, sondern meinetwegen!“
2011 1899 3184 1980 Kerr will also ein Herr und nicht ein Diener der launen=z
1818 1926 1896 2009 die
1917 1963 3179 2031 haften Menge sein. Und er ist ein kurz angebundener Herr dasu.
1823 2002 1908 2074 des
1915 2015 3186 2076 „Kritik soll Extrakt sein“, meint er, „und nicht Limonade. Zu¬
1913 2067 2811 2132 sammendrängung bleibt die Form der Zukunst.“
1830 2101 1907 2157 in
2017 2115 3174 2190 Wenn Kerr ein Wort, einen Satz gefunden hat, der ihm
1819 2146 1906 2209 de,
1812 2169 3153 2261 sch=besonders gefällt, dann wiederholt er ihn auf der Stelle und ge¬
1813 2228 3168 2300 upt braucht ihn in seiner Abhandlung noch ein halbes Dutzend Mal,
1911 2268 3160 2348 er sagt oder verschweigt vieles in Punkten, aber über drei bis vier
1819 2291 1912 2347 und
1827 2345 3156 2392 Un= enge Feuilletonspalten hinaus reicht sein Atem selten. Diese hundert
1827 2375 3151 2442 den Zeilen teilt er meist auch noch in fünf oder sechs Kapitel ein. Er
1915 2418 3160 2488 bemüht sich, von epigrammatischer Kürze zu sein und sein Stil ist
1828 2437 1910 2497 sie
1913 2446 3166 2523 von der Schlankheit der Satzformen eines Nietzsche, magerer noch
1827 2485 1906 2546 und
1824 2508 3156 2591 die als der Satzbau Schopenhauers, asketischer noch als die Schreib¬
1823 2553 3146 2636 iel= weise von Karl Kraus. Von der Stilseite her ist ihm wohl
1828 2618 3144 2678 zät= Marimilian Harden unsympathisch, und er wird nicht müde,
1917 2654 3154 2716 Harden zu verletzen und zu einer Polemik herauszufordern.
1822 2675 1916 2737 irde
1821 2719 3153 2791 uf Einmal nennt er ihn eine Grunewaldgröße (Harden wohnt in
1827 2739 3159 2833 nte der kleinen Gemeinde Grunewald bei Berlin), dann wieder einen
1925 2791 3166 2864 Deklamator mit dem Konversationslexikon (weil Hurden dar so
1832 2813 1912 2878 uch
1919 2846 3164 2894 belesen tut). Dann wirft er ihm seinen „Bandwurmstil“ vor,
1836 2870 1911 2925 ät¬
1929 2885 3168 2964 seine Schauspielervergangenheit (indem er ihn Schminkeles heißt),
1833 2917 1908 2976 de.
1917 2947 3166 3012 spricht in einem Atem von ihm als dem alten ehrlichen Harden,
1835 2966 1921 3025 sieg
1824 2999 3159 3065 Be= also höchst ironisch, und behauptet ein andermal, er wäre in Kunst¬
1919 3036 3165 3103 fragen „schwach begabt wie Bohnenstroh, aber sehr befähigt, glänzend
1827 3060 1906 3120 sieg
1925 3089 3164 3162 sensationelle Artikel zu verfassen“. Auf alle diese Schmeicheleien
1833 3112 1908 3165 nen
1929 3134 3164 3195 hat Harden, der sich selbst als Raufbold in der Literatur und in
1838 3156 1915 3212 Her
1924 3194 3178 3247 der Publizistik einen Namen gemacht hat, niemals mit einer
1840 3207 1917 3259 em
1925 3225 3174 3292 Sterbenssilbe, nicht mit- der versteckteften Andeutung geantwortet.
1839 3241 1930 3304 Rit
1920 3293 3170 3339 Ich habe Kerr einmal gefragt, wie er sich das Schweigen von
1832 3294 1909 3365 sen
1918 3320 3182 3394 Harden erkläre, und er sagte mir: „Das Berliner Gerücht, das
1838 3346 1916 3415 xi¬
1910 3363 3179 3450 bestimmt davon wissen will, ich hätte gegen die Privatperson
1918 3407 3180 3483 Harden kompromittierendes Material im Schreibtisch liegen, und
1916 3452 3163 3540 Harden fürchte im Fall einer Polemik die Ausnützung dieser
1913 3514 3148 3573 Dinge gegen ihn, ist nicht mehr als ein Gerücht. Die
1920 3561 3154 3623 Sache liegt vielmehr so: Für so unehrlich ich auch Herrn
1912 3603 3164 3663 Harden halte, so glaube ich doch, daß er sich selbst einigermaßen
1913 3656 3165 3716 kennt und auch ahnt, daß ich ihn erkannt habe. Hardens Taktik
1921 3710 3217 3775 ist es immer gewesen, zu schweigen, wenn er im Unrecht war#ke
1918 3756 2648 3829 und nicht unbedingt antworten mußte!“
1847 3759 1915 3838 je
2021 3815 3216 3892 Dr. Kerr stammt aus Breslau, steht in der Mitte der#
1857 3865 3156 3935 in vierziger Jahre, und seinen Ruf — er wird von Autoren und
1856 3915 1903 3979 n
1926 3891 3216 3991 Schauspielern in gleichem Maße gefürchtet — verdankt er nichtg
1851 3972 1897 4015 n
1918 3964 3214 4029 so sehr seinem Können, seinem Geist und seinem Urteilsvermögen, k#
1851 4007 1911 4071 n
1910 4017 3216 4082 wie dem Skandal, den er oft und oft erregt hat. Das fing er schons#
1927 4041 3159 4122 vor 25 Jahren an. Damals spielte ein, seither völlig vergessener
3156 4087 3218 4144 1
1913 4112 3149 4169 Musikkritiker eine gewisse Rolle in Bertlin. Er hieß Tappert,
1909 4146 3139 4198 und Kerr erfuhr, daß sich Tappert gelegentlich für seine
