3392 4384
1154 326 1624 420 box 41/4
144 338 1016 451 11. Miscellaneons
320 1480 831 1580 110, Stockholn, St. P ciers¬
145 1538 433 1617 urg, Toronto.
146 1582 546 1677 angabe ohne Gewähr.)
140 1641 863 1770 eutsches Volksblatt, Wien
882 1762 3131 1900 wichtigsten Befähigungsnachweis seinen erst einige Monate Kunst und Literatur anzumaßen sucht. Man verstehe uns
876 1814 3115 1937 alten Tausschein gehalten zu haben scheint, ist wohl als recht. Wir sind keineswegs Gegner der Moderne, wir ver
150 1853 867 1957 Direktor des Hofburg¬
890 1900 3121 1977 abgetan zu betrachten. Ebenso tonn man wohl beruhigt langen nicht, daß das Burgtheater seinen Spielplan aus¬
895 1895 3130 2021 darüber sein, daß Herr Reinhardt, dem für seine Aus=schließlich aus den Werken der Klassiker bestreite:
184 1924 518 2026 thegters?
1989 1960 3127 2041 wir verlangen sogar ausdrücklich, daß der neue
892 1987 1998 2064 stellungskünste die Bühne zu enge geworden ist und der daher
2001 1990 3128 2075 Tirektor des Burgtheaters ein durchaus moderner Mensch
153 1992 900 2073 chen Ceckt un die Erde den heim¬
907 2013 2016 2108 die Zirkusmanege an ihre Stelle treten läßt, niemals Ge¬
1997 2038 3139 2117 sei, der seine Zeit versteht und der ein scharfes Auge hat
150 2050 908 2129 en Mieger (Hofbühne. Schon an seiner
908 2076 2010 2149 legenheit haben wird, an. Burgtheater seine „reformatorische
2009 2091 3132 2161 für jede wirkliche Begabung, mag sie sich nun auf bühnen¬
155 2095 905 2166 Frage= und-Antportspiel: „Wer wird
896 2122 2002 2198 Tätigkeit“ zu entfalten. Man hat in den letzten Tagen
2001 2126 3132 2207 literarischem oder auf darstellerischem Gebiete äußern. Man
148 2135 914 2206 ofburgthhaters?“ begonnen. Das Haus
899 2165 2012 2238 überhaupt aufgehört, Namen zu nennen. Man läßt keine
2000 2156 3142 2250 kann aber ein durchaus moderner Mensch und Theaterdirektor
154 2181 909 2250 nge it, sa noch immer das Ziel sehn¬
905 2204 2014 2283 Versuchballons mehr aufsteigen, sondern verlegt sich aufs
2011 2204 3130 2299 sein, ohne deshalb etwas nur deshalb, weil es modern ist,
148 2215 910 2291 allet,“ die mit dem Theater in irgend¬
156 2256 2014 2336 ange stehen. Der Schauspieler sieht sich in Warten und aufs Intrigieren hinter den Kulissen.
150 2254 3138 2380 imen als Darsteller auf den Brettern der Wir können deshalb die Frage: „Wer wird Burgtheater= auch schon für künstlerisch vollkommen anzusehen. Das ist
2013 2311 3144 2380 aber der springende Punkt. Die Clique sagt: Wir sind da,
154 2337 2009 2418 hne“, Autoren, denen der Sinn eigentlich direktor?“ vorläufig nur ganz unpersönlich auffassen, und da
2014 2347 3141 2420 wir wollen leben und die Theater sind dazu da, unsere
144 2371 2010 2462 antiemen steht, würden gerne etwas müssen wir von dem neuen Direttor — wer immer es
2008 2403 3139 2463 dramatischen Schöpfungen zu finanzieren, ohne Rücksicht
911 2423 2020 2502 sei — verlangen, daß das klassische Repertoire wieder¬
2012 2431 3135 2505 darauf, ob sie inneren Wert haben oder nicht. — Da muß
157 2433 930 2520 enn eines ihrer Werke burgtheater¬
162 2467 2013 2565 werden sollte, denn das be¬ hergestellt wird, das heute nur noch in einzelnen Trümmern
2006 2470 3137 2556 der Leiter der Hofbühne die Energie besitzen, den ihm vor¬
261 2512 2017 2586 viel, wie sonst für den porhanden ist. Was in den letzten Jahren unter den früheren
2018 2507 3142 2596 gehaltenen Revolver resolut beiseite zu schlagen. Er muß
383 2546 2020 2629 der Adelsbrief. Und Tirektoren in dieser Beziehung geschehen ist, ist längst schon
2020 2558 3147 2638 das Gefühl dafür haben, daß es nicht angeht, Schnitzler
149 2574 397 2649 erblichen
2013 2605 3162 2687 gewissermaßen zum Hausdichter des Burgthefters werden
153 2594 2023 2691 Für alle Zeit geweihten Stätte als Erster, wieder abgebröckelt und zerfallen. Allzu viel war es ja nicht.
917 2646 2015 2730 Im wesentlichen hatte man sich darauf beschränkt, mit
2017 2653 3155 2729 zu lassen. Er muß es fertig bringen, Herrn Fulda seine
2014 2701 3163 2767 Stück zurückzusenden, wenn sie so wenig teugen wie die
927 2689 2022 2777 Zuhilfenahme frischer Dekorationen und der Drehbühne einige
163 2671 914 2775 einigermaßen für möglich hielt, in die
2018 2729 3174 2809 letzten. Und er wird es schließlich auch wagen müssen, Herrn #
923 2721 2023 2817 neue Bühnenbilder zu schaffen. Was die Hauptsache gewesen
150 2748 922 2819 n ausgenommen zu werden, der bemüht
2026 2781 3149 2849 Blumenthal zu verstehen zu geben, daß für seine greisen¬
925 2780 2024 2858 wäre, der innere Wiederaufbau der Klassikeraufführungen
161 2790 930 2856 von einem der Tagesblätter lancieren zu
2019 2807 3153 2891 hafte „Muse“ auf der Wiener Hofbühne kein Platz mehr:
927 2826 2032 2903 durch gute Neubesetzungen, durch wirkliche künstlerische Ver¬
173 2835 927 2896 bes eigentlich keinen, es war also nicht
2020 2855 3152 2939 ist. Es kommt nur auf den Versuch an, denn einmal muß#
928 2872 2022 2943 tiefung und Herstellung eines wohlausgeglichenen Zusammen¬
161 2878 930 2940 ler von den vielen genannt zu werden,
2026 2902 3157 2989 ja doch der Anfang damit gemacht werden, die Diktatur ?
933 2911 2028 2995 spieles, das läßt noch heute auf sich warten. Ein möglichst
163 2924 925 2992 setzung des verwaisten Postens eventuell
2025 2951 3149 3031 zu brechen, die das Literaturkartell über unsere Theater
934 2957 2032 3034 rasches Ausfüllen der Lücken im Ensemble wird deshalb die
149 2961 930 3037 en konnten. Die den Hoftheatern vorge¬
2011 2992 3157 3063 ausübt. Wer aber sott in dieser Beziehung mit gutem Bei¬
935 2988 2033 3078 unumgängliche Voraussetzung eines erfolgreichen Wirkens der
156 3002 936 3081 in der richtigen Erkenntnis, daß auf die
2032 3028 3149 3129 spiele vorangehen, wenn nicht der Leiter des Hofburgtheaters?
162 3055 931 3125 bern zu treffende Auswahl das Wort:
926 3056 1375 3138 neuen Direktion sein.
2109 3074 3159 3156 Wir haben keinen Kandidaten in petto, den wir dend
165 3092 945 3162 h Weile“ Anwendung findet, vorerst ein
995 3091 2038 3173 Aber der neue Mann wird das Burgtheater nur dann
2033 3110 3150 3199 maßgebenden Stellen empfehlen, wir halten es aber für
177 3132 939 3210 iffen. Die Gefahr, daß durch einen über¬
934 3151 2029 3228 einer besseren Zeil entgegenführen, wenn er die Kraft hat,
2037 3150 3154 3239 unsere Pflicht, es offen auszusprechen, was die deutschef
223 3176 939 3256 Burgtheater und seine Traditionen
938 3171 2030 3272 sich seine Freihet und Unabhängigkeit vor den Einflüssen
181 3233 947 3300 it überantwortet werden könnten, die
166 3212 3159 3343 iese dem Wiener Publikum bedeuten, ist jener Clique zu bewahren, die ohne eine Sxur innerer Be= Bevölkerung von dem Manne, der das Erbe Baron Bergers,
2904 3260 3121 3325 —91—
179 3268 2514 3413 mieden. Herr Dr. Brahm, der für den  rechtigung sich das entscheidende Wort in allen Fragen der antreten wird, erwartet.
