3392 4384
1128 357 1608 461 box 41/4
467 383 519 442 C
111 365 992 486 1. Miscellaneous
2626 695 3046 787 —. —
2645 770 3031 853 12 Heller.
2605 837 3071 912 Bezugsbedingungen:
2721 894 2967 952 Vierteljährig:
2879 887 3101 982 K 1•50
2581 912 2732 978 Wien
2592 948 3097 1005 Österreich=Ungarn  1·80
2595 997 2975 1035 Deutsches Reich
2583 1018 3113 1088 Welt=Postverein 2·50
2729 1057 2954 1118 Ganzjährig:
2871 1086 2984 1140 K
2581 1065 2748 1138 Wien
2583 1092 3109 1163 Österreich=Ungarn „ 7·20
2592 1151 3044 1202 Deutsches Reich 8
1246 1119 1784 1237 D.
2219 1125 2497 1223 15
435 1132 931 1252 U
2586 1176 3110 1238 Welt=Postverein 10•—
2612 1217 3084 1277 Redaktion und Administration:
2599 1257 3097 1337 Wien, IX/2. Pelikangasse 4.
2726 1307 2985 1366 Buchbruckerei:
2620 1310 3084 1411 Johann N. Vernay, IX/2.
2680 1386 3033 1442 Mariangengasse 17.
2595 1394 3111 1494 Redaktion am Sonntag von 11 Uhr
2778 1463 2924 1506 nachts:
646 1344 2148 1542 Wiener Montagblatt.
2638 1474 3070 1548 IX/2. Mariannengasse 17.
2616 1526 3113 1592 Telephon 21.604 und 16.118.
2875 1622 3037 1716 ang.
849 1637 1951 1721 Wlien, Montag, 9. September 1912.
1973 1780 3124 1863 glänzenden Früchte schon nach kurzer Arbeitszeit in
132 1791 792 1874 en unsere Abonnenten bei
813 1795 1953 1873 Jetzt, am Anfang seiner jungen Herrschaft, nimmt man
1962 1838 3122 1903 Erscheinung treten. Das Burgtheater hat eine große
136 1852 789 1930 um genaue Angabe der letzten
811 1873 1955 1918 noch eine zuwartende Haltung ein, ist es doch allgemein
1958 1883 3122 1957 Mission zu erfüllen und nur eine schöpferische Kraft im
816 1909 1951 1974 bekannt, daß Herr Thimig, dank seiner guten Beziehun¬
1976 1927 3115 2007 rechten Augenblick ans Werk berufen, könnte ihr ge¬
684 1917 802 2015 menn
811 1951 1948 2011 gen, aus dem Provisorium seiner direktorialen Tätig¬
1967 1988 3124 2053 recht werden. Was nützt es heute, die letzten drei Burg¬
815 1995 1965 2070 keit ein Definitivum zu schaffen imstande wäre. Er ist
1966 2031 3134 2097 theaterdirektoren, Burckhard, Schlenther und Berger,
819 2054 1958 2118 vielleicht der weltklügste, sicher der lustigste Intrigant,
1965 2083 3118 2150 kritisch zu zerfasern. ihre Tätigkeit zu vergleichen? Sie
814 2100 1966 2170 der in deutschen Landen aufzufinden ware. Ihm war
140 2079 758 2190 vom Bonnlag.
1970 2137 3127 2207 sind vorbei und eine neue Epoche soll einen neuen
818 2147 1959 2216 ja das Regime Schlenthers zu verdanken, denn wäh¬
1975 2180 3124 2250 Mann an der Arbeit finden. Vorläufig leitet ein Pro¬
148 2189 782 2263 gestern aus Ischl in Wien
811 2189 1961 2267 rend der arme Burckhard sich noch mit neuen Plänen
1976 2221 3122 2297 visorischer das Amt, denn man will Zeit gewinnen und
822 2243 1966 2309 abmühte, war seine Einkreisung von einer Koterie der
1970 2283 3123 2345 suchen, bis man den Besten gefunden hat. Wenn es so¬
813 2288 1956 2358 Hofburgschauspieler schon vollzogen, die im Triumph
1974 2320 3136 2394 wäre, könnte man vor Freude jubeln, denn in der Tat
144 2311 789 2400 rd stürzte bei einem Schauflug
816 2342 1965 2413 den Berliner Theaterkritiker an die Stätte führten, wo
1968 2367 3132 2453 ist gerade der beste deutsche Literat und Theaterfach¬
146 2389 789 2457 Publikum. Vier Personen
817 2390 1963 2455 einst Laube das Szepter inne hatte. Berger, der in
1983 2423 3145 2485 mann für diesen Posten gut genug. Allein man fahndet
817 2447 1972 2501 diesem Augenblick der natürlichste Prätendent für den
1980 2471 3139 2536 viel weniger nach dem Besten, als nach jenem, den die
818 2488 1969 2544 Direktorposten war, mußte seine Fähigkeiten erst durch
1972 2517 3139 2587 besten Beziehungen mit jenen Kreisen verbinden, die im
818 2537 1971 2612 die Gründung eines großen deutschen Theaters be¬
184 2524 791 2605 ließ gestern zwei Mil¬
1981 2565 3136 2630 Burgtheater am liebsten das Programm des Bürger¬
160 2581 795 2639 einer Flugschrift „Josephs¬
812 2582 1960 2640 weisen, während Dr. Schlenther förmlich wie ein
1975 2628 3144 2688 theaters sehen wollen, wo die Passionsspiele ihren
150 2626 795 2682 terreichischen Städten
803 2626 1971 2696 Messias der deutschen Kunst von der Cottagegilde begrüßt
1989 2670 3135 2727 Siegeszug angetreten haben. Wollte man wirklich einen
152 2676 802 2735 iwilligen Kolporteure, darunter
818 2685 1961 2744 wurde. Die Schadenfreude seines Sieges über Baron
161 2721 565 2796 wurden verhaftet.
1980 2716 3138 2778 tüchtigen, erfahrenen und interessanten Theatermann
827 2730 1971 2794 Berger klingt noch jetzt in einem Feuilleton nach, das
1976 2762 3140 2827 für die Hofbühne gewinnen, dann könnte die Wahl nicht
826 2775 1970 2843 Schlenther einige Tage nach dem Tode Bergers ver¬
145 2795 799 2879 saschwimmen „Quer durch
1977 2806 3139 2877 schwer werden, denn der natürliche Kandidat, der mitdem
812 2832 1958 2895 öffentlicht hat. Geradezu grausam entkleidet er darin
147 2867 799 2920 en und eine Dame teil. Es
1984 2861 3134 2923 österreichischen Theaterwesen eng verwachsen ist, dessen
831 2884 1958 2942 den auf der Bahre liegenden Rivalen, der nichts an¬
148 2901 804 2986 in einer Stunde zurückgelegt.
1985 2915 3133 2977 Name als Literat bei uns und im Ausland einen guten
826 2922 1967 2988 deres getan hat, als jahrzehntelang zu warten. Als
1980 2954 3139 3022 Klang besitzt, ist da — Hermann Bahr. Daß er der rich¬
819 2971 1956 3051 man ihn endlich für reif hielt, ins Burgtheater einzu¬
153 2971 801 3060 hat Graf Berchtold die Be
1983 3000 3134 3076 tigste Mann für die „Burg“ wäre, wird wohl niemand
817 3031 1960 3096 ziehen, war er leider schon überreif, denn als kranker,
156 3038 802 3116 nds für die Intervention der
1976 3056 3146 3116 ernstlich in Abrede stellen. Er ist ein Österreicher und
827 3077 1970 3136 gedemütigter und illusionsarmer Mann kehrte er nach
145 3088 505 3161 genommen.
1978 3116 3151 3173 dies könnte bei Besetzung eines Wiener Hoftheaters
830 3116 1969 3183 Wien zurück, wo man dank Schlenthers bierlustiger
1980 3162 3133 3219 doch nicht gegen ihn sprechen, er ist ein Theaterfach¬
816 3160 1970 3230 Tätigkeit eine starke unverbrauchte Kraft dringend
161 3146 797 3249 er Feuerbestattungsvereine be¬
1993 3186 3155 3265 mann, der alle Kunstgebiete der letzten Jahrzehnte mit
164 3226 403 3291 eratungen.
831 3212 1970 3276 nötig hatte. Es liegt ein Stück Österreicher Schicksal in
1986 3230 3150 3315 Aufmerksamkeit verfolgte und in seinen Kritiken manche
829 3262 1963 3330 Baron Bergers Werdegang. Ehe einer bei uns nicht
1986 3303 3154 3372 lebende Zeichen von Produktivität gegeben hat, er ist
151 3295 807 3368 5 Nordsee herrschen schwere
822 3315 1966 3376 schwere Anzeichen von Arteriensklerose aufweist, gilt
1983 3321 3151 3418 auch ein Schriftsteller, dem vieles geglückt ist und dessen
156 3352 801 3416 wina hat das Hochwasser
833 3371 1967 3423 er nicht für vollwertig und reif und muß warten, bis
1992 3383 3145 3470 schlechte Stücke vielleicht erregte Auseinandersetzungen,
161 3403 404 3471 angerichtet.
831 3411 1984 3466 die zerrütteten Nerven und der geschwächte Organis¬
1993 3422 3159 3516 niemals aber eine einschläfernde Wirkung ausgeübt
833 3455 1973 3530 mus, in Verbindung mit der Abgeklärtheit des Geistes
1988 3505 2162 3583 haben.
836 3503 1912 3577 und der Gesinnung, sich als Fürsprecher anmelden.
162 3495 692 3635 aterprätendenten.
2074 3542 3153 3631 Dennoch wird er nicht Burgtheaterdirektor wer¬
922 3575 1976 3640 Einen Blick hinter jene Kulissen zu werfen, wo die
1985 3606 3145 3668 den, denn er ist das, was man in Österreich nicht ver¬
828 3613 1972 3682 Komödie, wie man Burgtheaterdirektor wird, zur Auf¬
158 3619 819 3713 sch hat schon begonnen! Wer
1995 3653 3145 3724 trägt, ein interessanter Mensch mit selbständigen An¬
836 3675 1977 3732 führung gelangt, müßte ungemein heiter wirken, wenn
158 3683 814 3754 sit die Namen! .. . In jedem
1997 3703 3141 3768 sichten und eigenem Wollen. Burckhard war aus ähn¬
820 3722 1973 3780 die Sache nicht allzu ernst wäre. Die Frage, wer am
159 3730 822 3798 esheute von Prätendenten für
1996 3748 3142 3818 lichem Holze geschnitzt und ist nur darum in die Direk¬
834 3765 1976 3821 Burgtheater zu regieren hat, ist vielleicht wichtiger als
161 3792 814 3838 lund zwischen Wien und Ber¬
1995 3794 3147 3867 tionskanzlei eingezogen, weil jene, die ihn ernannt
831 3816 1977 3879 die, wer Unterrichtsminister werden soll. Das geistige,
165 3827 809 3898 sisantes Intrigenspiel entwickelt
1989 3844 3142 3915 haben, sich in ihm getäuscht hatten. Bahr aber ist zu be¬
827 3865 1973 3925 künstlerische Leben der Residenz und darum auch des
164 3880 823 3942 ancen des einen, bald die des
1995 3904 3148 3958 kannt. Man weiß alles, was er geschrieben und viel¬
830 3935 1985 3987 ganzen Landes hängt vielfach von der Person ab, die
162 3933 820 3985 dert oder zerstört. Die große
1983 3943 3142 4018 leicht noch besser, was er gesprochen. Hätte er in jungen
847 3961 1981 4023 an der Spitze unserer Hofbühne steht. Man kann
164 3975 814 4039 das geistige Oberhaupt der be¬
1996 3999 3140 4058 Jahren irgend ein schweres politisches Verbrechen be¬
829 4005 1977 4071 Talente allerdings nicht aus der Erde stampfen, allein
163 4015 827 4093 ühne werden soll, dürfte aber
1988 4047 3145 4127 gangen und wäre es ihm geglückt, wenige Jahre später
841 4054 1978 4126 ein tüchtiger Sämann kann das Theaterfeld und den
163 4072 815 4131 an das Gefühl haben wird, daß
1987 4092 3156 4149 als Abgeordneter eines oberösterreichischen Wahlortes
171 4102 1991 4189 igs seinem Ende entgegengeht. Acker der Literatur so vortrefflich bebauen, daß die
1400 4158 1564 4214 —
