3392 4384
1189 315 1654 415 box 41/4
252 320 847 427 Miscellan
782 336 1054 435 „DonS
696 911 996 984 Redaktion:
2164 893 2676 986 Pränumerationspreise:
1439 934 1836 1028 Herausgeber:
2222 973 2621 1023 Oesterreich-Ungarn:
526 955 1178 1043 Wien, III/1, Hauptstrasse 9.
2087 987 2733 1076 ganzjährig K 10.— halbjährig K 5.—
662 1017 1020 1099 Telephon Nr. 8913.
2306 1041 2510 1084 Ausland:
1237 1025 2043 1120 Dr. Gustav Morgenstern
2101 1055 2706 1124 Deutschland ganzjährig Mk. 10.—,
2108 1088 2738 1148 alle anderen dem Weltpostverein
524 1068 1173 1153 Administration und Expedition:
2111 1118 2726 1185 ##ergehörigen Länder Fres 12.50 -
520 1142 1169 1208 Wien, IV/1, Mühlgesse Nr. 3
2176 1152 2674 1221 Inserate laut Spezial-Tarif.
1265 1140 2014 1229 Lrscheint am 1. und 15. jeden Monate
623 1171 1073 1254 TELEPHON Nr. 1028/II.
2094 1200 2750 1274 Manuskr. werden nicht retourniert
564 1227 1112 1302 Postsparkassen-Konto 100.483.
2332 1295 2695 1370 VI. Jahrgang.
1186 1315 1970 1393 Wien, am 15. September 1912.
566 1336 792 1410 Nr. 18.
642 1414 2747 1527 Inhalt: Vom Burgtheater. — Das Strafverfahren. Von Dr. Karl Richter. — Die Mission des Kommis. Von
540 1513 2758 1565 Wilhelm Nhil. — Mitteilungen aus dem Publikum. — Notizen: Buchlau. Von L. Landesgerichtsrat Dr. Stolz.
530 1515 2747 1620 Das europäische Gleichgewicht. Schöffen oder Geschworene. Lebhafter Beifall und Händeklatschen. Der Ver¬
531 1554 2757 1642 urteilungswille. — Wirtschaft: Eine Reform des Scheckwesens. Von Dr. Heinrich Herbatschek. Das serbische
536 1596 2751 1686 Getreideausfuhrverhot. — Theater, Kunst und Literatur: Deutsches Volkstheater. — Feuilleton:
529 1667 1661 1741 Reisebriefe. Von-g. m. Truglicht. Von Julius Thumann.
1642 1780 2764 1889 Schreier, der, soweit ihm sein schwerer Dienst
842 1818 1359 1927 Vom Burgtheater.
1660 1855 2749 1944 freie Zeit lässt, selbst literarisch tätig ist, Her¬
1666 1909 2751 1991 mann Bahr wirklich für einen „Theaterfach¬
631 1891 1646 1982 Wir gestehen es offen ein, niemals wäre es
1656 1949 2767 2042 mann, der alle Kunstgebiete der letzten Jahr¬
545 1963 1642 2026 uns eingefallen, über den langjährigen Degene¬
1653 1986 2766 2086 zehnte mit Aufmerksamkeit verfolgte und in
556 2000 1656 2090 rationsprozess im Burgtheater auch nur ein
1656 2046 2767 2126 seinen Kritiken manche lebende Zeichen von
559 2056 1648 2127 Wort zu verlieren. Haben wir uns ja schon
1658 2093 2772 2175 Produktivität gegeben hat“? Ja, gewiss, er ver¬
545 2106 1655 2185 lange mit dem Gedanken abgefunden, dass
1658 2145 2769 2225 folgte sie mit Aufmerksamkeit, aber nicht um
553 2159 1646 2234 alles, was lebt, des Unterganges wert ist, und
1663 2188 2769 2270 der „Kunstgebiete“ willen, sondern bloss zu
547 2208 1652 2286 nur in seltenen, sehr optimistischen Momenten
1661 2237 2775 2316 seinem eigenen Nutzen und Frommen. In allem
551 2258 1654 2321 überkam uns der Gedanke: Vielleicht doch,
1665 2289 2764 2372 und jedem gab er seine nichtssagende Meinung
563 2299 1654 2371 vielleicht wird einmal für das Burgtheater der
1664 2341 2769 2421 ab, um für sich Reklame zu machen, um sich in
562 2358 1648 2423 Mann erstehen, der der ersten Stätte deutscher
1661 2386 2769 2467 Szene zu setzen, was ihm auch, wie figura zeigt,
549 2411 1651 2470 Dichtkunst den alten Glanz und Ruhm wieder
1672 2438 2774 2515 tatsächlich gelungen ist. „Dass er der richtigste
555 2455 1663 2536 zu verleihen vermöchte. Also, wie gesagt, wir
1663 2484 2780 2584 Mann für die „Burg“ wäre, wird wohl niemand
559 2505 1659 2565 hätten die misslichen Zustände im Burgtheater
1675 2536 2771 2614 ernstlich in Abrede stellen?“ Verzeih’, lieber
555 2548 1660 2612 und die durch den Heimgang Baron Bergers
1675 2576 2772 2659 Freund, aber wir glauben, wir sind nicht die
561 2595 1658 2669 aktuell gewordene Direktorfrage niemals zum
1671 2644 2768 2726 ersten, die dies ganz entschieden in Abrede
562 2642 1663 2713 Gegenstande unserer Betrachtung gemacht, hätte
1672 2678 2775 2757 stellen. Denn ganz abgesehen davon, dass seine
552 2694 1660 2760 nicht unser achtungswerter Freund und Kollege
1677 2728 2774 2816 Regiekunst in den Berliner Kammerspielen ver¬
569 2739 1658 2816 Ma. Schreier im „Morgen“ vom 9. d. M.
1680 2774 2783 2860 sagte, ist dieser literarische Commis voyageur
563 2807 1671 2854 Herrn Hermann Bahr ganz ernstlich als den
1673 2816 2774 2919 bar jenes Ernstes, ohne den die wahre Kunst
571 2829 1655 2911 „natürlichen Kandidaten“ für den Direktor¬
1673 2872 2781 2952 nicht existieren kann. In Amerika ist neuerlich
561 2880 1661 2973 posten vorgeschlagen. Auch Artur. Schnitz¬
1686 2924 2772 3009 die Frage aufgetaucht, ob es nicht dem Arzte
575 2932 1670 3001 lers gedenkt Schreier in seinen Ausführungen
1674 2962 2783 3061 zu gestatten wäre, seinem unheilbaren Kranken
571 2978 1669 3053 und er sagt von ihm, er wäre der „zweifellos
1690 3019 2784 3107 ein rasch und sicher tötendes Gift darreichen zu
570 3033 1665 3096 bedeutendste Schriftsteller, der je das Direk¬
1683 3067 2777 3154 dürfen. Will man das Burgtheater für einen so
571 3081 1668 3157 tionsamt im Burgtheater bekleiden würde“ ein
1689 3115 2784 3194 aussichtslosen Kranken halten, dann wäre wohl
568 3109 1676 3213 Ausspruch, dessen Richtigkeit wir allerdings
1686 3166 2784 3251 Hermann Bahr das sicherste und am raschesten
568 3180 1673 3266 gerne bestätigen. Fragt sich nur, ob die beden¬
579 3226 1673 3311 tendste schriftstellerische Tätigkeit jemanden
1699 3235 2027 3313 tötende Gift.
571 3272 1684 3353 auch zum bedeutendsten Burgtheaterdirektor
1770 3259 2782 3344 Hermann Bahr und Burgtheater! Herrgott,
579 3325 1684 3387 qualifiziert? Und es fragt sich weiter, ob im
1692 3334 2375 3417 bewahr’ uns vor dieser Not!
584 3374 1681 3445 Falle der Bejahung dieser Frage nicht vorzu¬
1776 3381 2785 3461 Auch Baron Bergers erinnert sich der Ar¬
588 3415 1674 3487 ziehen wäre Artur Schnitzler, diesen wirklich
1694 3448 2778 3528 tikel. Es wird um sein Haupt eine Gloriole
583 3463 1686 3544 nérvorragendsten Dramatiker Oesterreichs auf
1699 3493 2788 3577 gewoben, die wir praesente cadavere nur sehr
589 3525 1689 3591 seinem Posten zu belassen, statt ihm nit
1702 3531 2795 3616 ungerne berühren. Wir möchten viel lieber
576 3560 1684 3643 Regie-, Repertoiresorgen und administrativen
1695 3588 2795 3660 dem altbewähten Sprichworte: de mortuis nil
586 3623 1172 3694 Agenden zu belästigen.
1687 3638 2790 3714 nisi bene huldigen, als den harten, aber not¬
681 3652 1676 3743 Um aber auf Hermann Bahr zurückzukom¬
1709 3687 2790 3764 wendigen Worten: de mortuis nil nisi vere.
585 3717 1679 3776 men. Wir stehen nicht an, offen zu erklären,
1688 3731 2798 3818 Aber dennoch müssen wir es tun, bei aller
582 3763 1685 3843 dass uns die furchtbare Selbsttäuschung unseres
1699 3774 2787 3867 Achtung vor den übrigen Qualitäten des, leider
596 3814 1682 3873 ehrenwerten Freundes und Kollegen Max
1715 3830 2796 3903 Verstorbenen, und man möge uns deshalb nicht
595 3848 1691 3938 Schreier mit einer gewissen Art von Kummer
1705 3894 2796 3965 für pietätlos halten, wenn wir die Erklärung
588 3913 1679 3969 und Traurigkeit erfüllt hat. Wie? Also nicht
1710 3927 2799 4003 wagen: auch Baron Berger war nicht der Direk¬
591 3959 1694 4018 nur die misera plebs in der österreichischen
1707 3973 2796 4058 tor, den das Burgtheater gebraucht hat. Und
584 4004 1686 4082 Literatur, sondern auch seriöse Männer sitzen
580 4062 2803 4132 diesem Verderber der Kunst auf? Hält Max j wenn wir durch diesen unsern Ausspruch der
