3392 4384
163 307 1031 424 1. Miscellaneaus
1181 310 1629 388 box 41/4
1418 1058 1750 1118 Vertlelungen:
1016 1098 2115 1171 in Berlin, Basel, Budapesi, Chicago, Cleveland, Christiania,
1020 1150 2115 1213 Genf, Kopenhagen, London, Madrid; Mailand, Minneapolis,
1022 1187 2122 1249 New-Vork, Paris, Rom, San Francisco, Stockholm, St. Peters¬
1430 1229 1719 1282 burg, Toronto.
1317 1258 1817 1323 (Quellgnangabe ohne Gewähr.)
1347 1304 2106 1411 esiauer morgen Zeitung.
1009 1312 1419 1393 Ausschnitt äus
1360 1370 1708 1455 CK T. 1812
1329 1455 1773 1533 Allerlei Neues.
971 1517 2205 1589 Eingeinliche Gegenüberstellung. In der neuesten Nummer
900 1566 2197 1612 dePantwir#dem Wiener Bühnenschriftsteller und Kritiker
905 1600 2178 1667 Paul Lzinner, der in der Halbmonatsschrift „Der Merker“
916 1640 2189 1716 über Arthur Schnitzler geschrieben hatte, ein recht handgreifliches
914 1683 2210 1749 Plagiat nachgewiesen, das er sich mit Alfred Kerrs „Das neue
907 1735 2185 1788 Drama“ geleistet hat. Eine Gegenüberstellung der beiden Urteile
905 1752 2183 1814 wird auch den Nachsichtigsten erkennen lassen, mit welcher rührenden
911 1792 2200 1880 Verehrung Czinner zu Kert aufblickt und sich dessen Zuneigung
929 1875 1751 1931 durch Nachsprechen seines Urteils zu
1752 1880 2227 1955 erhalten sucht. Ueber
943 1927 1754 1996 Schnitzlers „Der einsame Weg“ äußert sich:
1183 1968 1347 2027 Kerr:
1778 1958 2046 2038 Czinner:
977 1992 2226 2069 Positiv: er gab ... wie soll ich Reizend ist, was viele haben
944 2045 2232 2105 sagen . . . Reize. Aber was sind möchten. Dieser Dichter gibt das
939 2090 1082 2138 „Reize“
1239 2098 1845 2156 Dinge, bei deren Reizende.
1143 2096 1202 2143 —
936 2109 1586 2194 Anbli#achter rufen: „Ich
940 2160 1270 2217 möchte auch
1097 2199 2239 2267 er gibt nachdenkliche Le= Aus dem wildbewegten, vorbei¬
938 2230 2246 2295 bensausschnittchen, auch er hält rauschenden Strome des Lebens
934 2278 2231 2336 aus dem allgemeinen Dahinrau= versteht er ein feines, gedanken¬
929 2306 2231 2361 schen der Erscheinungen bald ein volles Bild festzuhalten, das nur
928 2361 2231 2418 ironisches, bald ein gedankenvolles dem Auge eines Dichters nicht
933 2402 2240 2462 Seelenbild fest, das nur durch eines davongleiten konnte, das nur ein
928 2445 2140 2491 wahren Dichters Hand dem Strom Großer zu erfassen vermochte.
927 2471 1383 2526 lentrissen werden kann.
953 2500 2227 2573 Ich weiß, daß viele Kipfe — Viele Köpfe und nicht gerade
928 2559 2235 2622 und nicht die schlechtesten, die wir die schlechtesten, standen seiner
915 2590 1073 2643 haben
1098 2600 2240 2670 dieser Kunst unschlüssig, Kunst lange kalt und verschlossen
922 2623 1565 2682 ja achselzuckend gegenüberstehen ...
1577 2636 1813 2689 gegenüber.
917 2666 1576 2725 Aber mag Schnitzler nicht mit
1607 2681 2226 2737 Mag er nicht gewaltig und
923 2703 1558 2773 wuchtigen Akzenten und nicht als
1572 2710 2240 2787 wuchtig, nicht als Promethide
924 2738 1504 2801 ein Promethide kommen ...
1574 2754 1817 2805 kommen ...
1005 2793 2224 2865 Auch Schnitzlers „Liebelei“ hat den Wiener „Kritiker“ Alfred
927 2818 1473 2897 Kerr in die Arme geführt:
1162 2877 1329 2931 Kerr:
1774 2882 2009 2942 Czinner:
963 2919 2228 2986 Aus der Welt des Anatol kam Durch die „Liebelei“ geht der
917 2967 2221 3020 die „Liebelei“... Alles zu höherer Dichter der Welt des „Anatol“:
928 2996 2230 3056 Schlichtheit gereift, das Spiele= aber gereifter, ernster. Das Spiele¬
924 3037 2231 3098 rische verschwunden, einfache Tragik rische ist geschwunden. Was uns
930 3078 1263 3144 greift ans Herz.
1570 3079 2235 3147 das Werk so naherückt, ist die ein¬
1563 3129 2075 3181 fache Tragik, die ergreift.
957 3137 1578 3207 Diese lautlos eingegebene Ge¬
1605 3161 2221 3221 Christine ist Mädchen in jeder
929 3190 1564 3250 stalt, die innig und zurückhaltend,
1571 3201 2231 3261 Regung, völlig naiv, innig und
920 3238 1571 3292 glücklos und selig und in jeder
1580 3246 2228 3301 zurückhaltend, freudlos und doch
924 3272 1563 3345 leisesten Regung Mädchen ist ...
1562 3285 2236 3349 selig, eine stumm hingegebene Ge¬
1573 3318 1699 3372 stalt.
950 3340 1573 3407 wie es unsere Träume in Voll¬
1596 3346 2233 3417 wie wir sie in Träumen glück¬
926 3400 1568 3450 gestalten an glücklichen Abenden
1572 3393 2187 3462 licher Stunden manchmal sehen.
932 3430 1072 3484 sehen.
995 3466 2214 3542 Czinner wird sich vielleicht damit trösten, daß mancher
916 3499 2218 3578 Plagiator, nachdem er sich einen reichen Schatz von fremden
928 3563 2217 3602 Urteilen erworben hatte, doch noch ein „großer Kritiker“ ge¬
926 3597 1178 3658 worden ist! —
1657 3623 2216 3708 W. 6. ##. Mksictan
2184 201 2251 287 —
