3392 4384
1900 192 2206 273 ——
1775 271 3051 340 #anlagtes Geschlecht, bis die Stunde seiner Berufung naht. Das
1140 276 1611 382 box 41/4
302 279 420 365 Mi
124 290 1009 411 11. Ascellaneons
1794 323 3070 407 sind die gefährlichsten und schärfsten Kritiker. Vor ihren Augen
1787 365 3073 434 gedeiht keine Protektion, sie verurteilen und vernichten, sie ent¬
1794 440 3070 491 scheiden allein, ein wehrhaftes Häuflein gegen das Votum des
1789 482 2120 555 übrigen Hauses.
1909 499 3067 579 Die Premiere sieht noch immer den vormärzlichen Hofrat,
1784 558 3079 634 der seinen Stolz darein setzt, alle Erstaufführungen in seinem Tage¬
1793 614 3072 672 buch zu verzeichnen, die liebenswürdige, kunstfreudige Gräfin,
1788 647 3080 726 die seit Jahrzehnten die Aufführungen als Gesandte ihres Kreises
1788 697 3079 766 besucht, um darüber zu urteilen, ob die Stücke auch wirklich passend
1805 741 3094 832 sind, und den berühmten Alt=Wiener Schneider, der seinen Freunden:
1793 804 2713 881 noch immer den Rockschnitt Hartmanns predigt.
1910 830 3068 909 Der Mittelgang des Parketts gehört der Kritik. Um
1793 900 3069 955 Wittmann, den ersten deutschen Feuilletonisten, sammelt sich der
1504 922 1786 993 be P Dert.
1800 942 3079 1004 Kreis. In den Pausen betrachtet die Galerie der Kommenden
1487 964 1794 1070 #n 0n
1790 984 3092 1049 diese Männer mit Aufmerksamkeit. Der schärfste von ihnen ist
1786 1032 3078 1118 tot, der geistreiche, spitzige Hofrat. Die Schauspieler und Dichter
605 931 1724 1141 Wiener Gesellschaftsbilder.
1794 1087 3073 1148 denken noch heute mit Schaudern an sein kalt mitleidloses Antlitz,
1811 1143 2468 1204 das immer unheilkündend schaute.
1009 1129 1413 1215 Burgtheater.
1908 1174 3078 1250 Die Literatur taucht spärlich auf, Hermann Bahr, immer
663 1179 1828 1272 Den größten Reiz hat es für die Fremden. Die bewundern
1817 1232 3081 1300 Bewegung, immer Unruhe und immer darauf bedacht, zu inter¬
552 1246 1812 1309 am Vormittag die Pracht des Hauses und eine gut geschulte
1816 1281 3079 1347 essieren. Artur Schnitzler, blond und gesprächig und temperament¬
553 1294 1807 1353 Kraft gibt die Erläuterungen: So und so viele tausend Kerzen,
1812 1328 3085 1389 voll, Karl Schönherr, blond und zaghaft und verschlossen. Das
558 1344 1815 1414 so und so viele Pferdekräfte und so und so viele Millionen
548 1375 3078 1441 Gulden! Von der breiten Treppe führt man sie zum Rundgang, sind die Blondheiten zweier Welten. Neben Literatur und Bani¬
548 1415 3087 1496 da sehen sie die köstlichen Bilder der Unsterblichen und mit einem welt tauchen Offiziere der Garde und Sektionschefs auf. Die
557 1483 2964 1538 Schlage tut sich ihnen das Wunder an Schönheit und künstlerischer Repräsentationspflicht zwingt sie auf die teuren Parkettsitze.
1914 1515 3065 1585 Die Galerie hat einen sonderlich interessanten Stammgast.
556 1521 1832 1594 Vergangenheit auf, das unter dem Namen Burgtheater erhalten
1808 1568 3078 1642 Hart neben der historischen Vierer=Bank im alten Haus war schon
557 1585 1827 1652 ist. Und nun sind sie würdig, um am Abend die Eindrücke aufzu¬
548 1622 3070 1697 nehmen, die diese Männer, diese Werke, diese Menschen hinterlassen. vor Jahren sein Platz. Er hatte sich vollgesogen an den Schön¬
674 1659 3088 1732 Das sind aber auch die einzigen, die den Freudenbecher ohne heiten der antiken Komödie, wieder und wieder suchte er das
545 1757 3081 1779 Bitterkeit schlürsen. Die Wiener, die Kritiker und die Habitués Land der Griechen mit der Seele. Er war der verzücktesten und
551 1769 3089 1853 das sind die Feinde des Hauses, sie können es dem neuen Theater begeistertsten einer, seine Freunde wußten, daß es in ihm schwoll
564 1821 2052 1876 nicht verzeihen, daß es einmal ein altes Burgtheater gab. Die und reifte.
1923 1837 3087 1929 Dann hatte er sein Lebensziel erreicht, das Werk war
558 1863 1837 1948 Jugend freilich läßt sich derlei Dinge nicht weismachen. Die ist
559 1930 3079 1984 mit der Galeric des neuen Burgtheaters aufgewachsen und schert fertig. Er war noch immer Galeriebesucher und Enthusiast, und
567 1956 3083 2032 sich den Teufel darum, daß die Väter in den engen, schlecht rings um ihn raunten sie sich die Kunde zu: Der kommt nun
558 1995 3087 2077 ventilierten Räumen des alten, unbequemen Hauses so viel Zu= bald an die Reihe, sein Stück wird aufgeführt! — Der glänzende Tag
564 2044 3084 2132 friedenheit und Behaglichkeit erwarben. Sie begreifen den Rappel der Premiere löste ihn los aus dem alten Kreise, er stieg hinab
564 2104 3086 2170 nicht, der die Leute erfaßte, als es an den Umzug ging, und un= ins Parkett, und die Galerie sah mit neidischen Blicken nach ihm.
569 2144 3094 2233 begreiflich ist es ihnen, daß neben einer modernen Schauspielkunst Aber das dauerte nicht lange. Der Erfolg hielt nicht stand. Nur ein
555 2199 3091 2266 auch eine alte, wohlakkretierte bestehen durfte. Das ist der paar Jahre verflossen, und nun hat er wieder seinen alten Platz oben
567 2266 3096 2346 Kampf der Geschlechter, in dem immer die Jugend Recht behält. in der Nähe des blitzenden Lusters. Ihn umwogt ein neues
674 2293 3084 2356 Die Melancholiker auf der Galerie und in den Logen, die Geschlecht von Hoffenden, er hört ihr kindisches Lallen, er schaut
567 2335 3084 2427 immer noch den Ton der Wolter im Ohre haben und das in ihre Blütenträume und hat für ihre tönenden Worte ein
563 2401 3099 2456 Profil Roberts im Auge, bleiben in der Minorität, schüchtern schweigendes Lächeln. Er weiß es besser, wie es mit den
558 2431 3091 2532 noch zeigen sich die Schwärmer, die der Abschiedsvorstellung im Triumphen ist. Auch die Stammgesellschaft aus dem alten Hause
563 2501 3089 2561 alten Haus gedenken und des Epilogs, da Sonnenthal die Zeit soll erwähnt werden. Früher einmal, als Studenten, standen sie
566 2520 3098 2618 pries, in der die Burgtheaterkunst in einem Haus mit Oesterreichs zusammen, jetzt sind sie Advokaten und Richter und sitzen
1818 2587 2075 2665 beieinander.
557 2603 1135 2677 Kaiserkrone durfte wohnen.
1926 2607 3090 2703 In den Pausen tratscht die Galerie und sieht von den
681 2633 1832 2710 Der Rest geht mit der neuen Aera durch Dick und Dünn und
1824 2678 3100 2751 hohen künstlerischen Bestrebungen ab. Wie sie einstmals um Robert
570 2689 1827 2756 wendet sich erbittert gegen die Menschenfeinde, die im „Husaren¬
1827 2724 3097 2789 und Krastel Legenden spann, so erzählt sie jetzt von Erz¬
569 2749 1832 2825 fieber“ eine Schädigung des Burgtheaterorganismus erblicken
1815 2760 3104 2854 herzoginnen, die Stücke verbieten, von Obersthofmeistern, die
571 2797 751 2867 wollen.
687 2824 3097 2896 Der Kaiser ist bis in die letzte Zeit ein treuer Besucher Schauspieler protegieren, von Kainzens Gage und von Frau
563 2861 3095 2955 des Burgtheaters geblieben, er liebt die heiteren Stücke, lacht Hohenfels, die seit ihrer Verehelichung mit Baron Berger
566 2909 2701 3009 gern und bleibt auch in den Pausen in seiner Loge. Vom kaiser= bei jedem Auftreten einen Rosenstrauß erhält.
1926 2942 3100 3037 Sie drängen sich in den Queues vor Beginn der Vor¬
572 2977 1832 3056 lichen Hause sind es sonderlich der Thronfolger Franz Ferdinand,
1829 2997 3095 3087 stellung. Der Dienstmann, der dann sein karte dem Besteller
573 3037 1833 3106 Erzherzog Karl Franz Josef und die Töchter des Erzherzogs
1833 3065 3093 3132 übergibt, der galante Student, der für eine Konservatoristin in
575 3084 1829 3150 Friedrich, die das Burgtheater häufig besuchen. Von fremden
1822 3115 3104 3179 die Schranken tritt, sie sind alle aufs neue erstanden. Und der
577 3125 1824 3192 Souveränen läßt Fürst Ferdinand von Bulgarien keinen Wiener
1831 3158 3097 3237 „Wasser=Franz“ erzählt ihnen oben, wenn er gut gelaunt ist,
571 3177 1831 3259 Besuchstag verstreichen, ohne einer Burgtheatervorstellung beizu¬
1829 3193 3108 3274 aus dem Schatz seiner reichen Erfahrungen. Markante Figuren
579 3238 775 3308 wohnen.
1829 3253 3101 3329 finden sich unter ihnen, Leute, die einst in Logen saßen und so
715 3254 1833 3342 Schlenther ist allabendlich in seinem Hause. Er taucht da
1831 3301 3101 3372 tief sanken, daß sie nun höher steigen mußten, und alte, ver¬
575 3328 1838 3401 und dort auf, kommt auf einen Akt und verschwindet wieder,
1819 3345 3098 3432 witterte Komödianten, die ohne das Theater nicht leben können.
580 3377 1385 3452 wenn das grelle Licht eine Pause kündet.
687 3397 3104 3479 Aus den Logen sind die kleinen Komtessen, die einst dem Tönt die Klingel, dann schweigen die Flüsterstimmen, etwas von
575 3449 3104 3510 Theater den Namen gaben, längst verbannt, es scheint, daß sie der Heiligkeit der alten Burgtheaterstimmung zieht durch den
574 3511 1985 3582 ins Volkstheater oder zu Jarno übersiedelt sind oder daß sie Raum.
1935 3518 3099 3608 Und nach der Vorstellung harren sie genau so wie ihre Väter
578 3552 1850 3626 an der Operette Geschmack gefunden haben, im Burgtheater sind
567 3568 3163 3668 sie heute nicht öfter zu sehen, als man notgedrungen vor dem an den Bühnenausgängen, wissen um die Schleichwege, deren sich die
570 3640 3124 3727 Eintritt in die aristokratische Assemblee an Schiller, Shakespeare Künstler bedienen, und versuchen es, Sonnenthal und Baumeiste#“
571 3693 2338 3768 und Goethe zu sich genommen haben muß. — Die Politik hat die Pferde auszuspannen.
1928 3730 3101 3802 Der Enthusiasmus ist der gleiche, die großen Namen, sind
573 3754 1849 3820 erst seii kurzem wieder ihr Herz für die Kunst in unserem obersten
1836 3772 3106 3851 erhalten geblieben, es wird ihnen immer unklarer, warum man noch
571 3805 1830 3865 Schauspielhaus entdeckt. Der Ministerpräsident läßt keine halbwegs
1840 3834 2934 3923 immer von einem glücklichen „alten Burgtheater“ faselt.“
574 3852 1834 3917 wichtige Vorsiellung im Burgtheater vorübergehen. Es ist übrigens
2832 3857 3055 3940 A. D.-G.
575 3899 1842 3957 wahrscheinlich, daß er diese Neigung auch schon früher hatte, nur
2894 3929 3067 4010 e
586 3948 1593 4012 stand er als Privatier nicht so sehr unter Kontrolle.
689 3979 1852 4062 Unter den Titel „Gesellschaftliche Ereignisse“ fällt auch die
572 4043 1844 4112 Burg=Premiere. Sie ist nun freilich längst keine Sensation mehr,
570 4084 1849 4154 sondern ein ganz normales Geschehnis. Irgend ein Turf¬
573 4131 1849 4189 evenement oder das Nikolofest einer wohltätigen Vereinigung ab¬
