3296 4256
465 141 537 211 D
632 133 1128 214 Neissagung
1268 135 1672 234 box 2/9
252 136 1147 239 19. Bnenenen nge
613 1240 1693 1317 wins Theorie die Gemüter sehr erregte, was sie doppelt
617 1285 980 1349 interessant macht.
714 1336 1695 1400 In Karl Goldmanns Die Rettung des Narren?
619 1393 1699 1469 greift Till Eulenspiegel in die Handlung ein. Jedoch
609 1459 1695 1515 nicht der derbe Spaßmacher, dessen lose Streiche einst
611 1499 1685 1573 so viel zur Volksbelustigung beitrugen: Eulenspiegels
618 1561 1697 1622 Signum ist nur mehr ein Lächeln, ein heiteres und
618 1595 1697 1661 doch ernsthaftes Lächeln. Er will seinen Mitmenschen
609 1658 1700 1722 dazu verhelfen, daß sie sich bis zu diesem überlegenen
613 1713 1688 1762 Lächeln durchringen, doch gelingt ihm das nur sehr
611 1749 756 1815 selten.
702 1799 1685 1887 Der junge Mönch, der arme Narr, den er retten
616 1856 1688 1928 will, bringt die Kraft, die dazu gehört, nicht auf: Er
607 1918 1695 1970 hat das Gelübde der Keuschheit gebrochen und muß
610 1975 1685 2036 zur Strafe für sein Vergehen der Hinrichtung der ge¬
613 2019 1690 2065 liebten Frau beiwohnen. Nachher wird er in eine Ge¬
613 2074 1686 2123 birgswüste verbannt und hofft, auf der einsamen Wan¬
606 2120 1682 2171 derung zu erfrieren. Eulenspiegel rüttelt ihn noch ein¬
603 2172 1679 2232 mal wach, er will den Versuch machen, den Unglücklichen
607 2223 1680 2277 in das Leben zurückzugeleiten. Leider nützt diesem
606 2274 1675 2337 armen, verquälten Menschen seine Fürsorge nichts mehr:
608 2328 1689 2371 das überlegene Lächeln zaubert erst der Tod auf seine
603 2370 769 2432 Lippen.
697 2430 1683 2502 Eine ähnliche Rolle wie Till Eulenspiegel in der
593 2480 1674 2540 Rettung des Narren spielt der Freiherr von Münchhausen
603 2538 1679 2596 im Bad der Gesundheits von Hans Müller. Müller
599 2586 1676 2641 vermeidet jedoch Reflexionen: Gleich den alten Erzählern
608 2640 1678 2691 Leidet er traurige Wahrheiten in das schillernde Gewand
591 2694 1679 2738 des Märchens oder der Fabel, und Scherz und Ernst
601 2740 1661 2822 wechseln stets in anmutendster Weise miteinander al
675 2795 1657 2869 Münchhausen erzählt die Geschichte eines kostbaren
597 2846 1679 2933 Bechers, den er einst samt dem Wein verschluckte und
602 2890 1679 2977 vierzig Stunden im Halse behielt, und ihn während
594 2947 1665 3006 dieser Zeit immer von neuem füllte und wieder leerte.
602 3000 1678 3066 Unmittelbar darauf folgt die Schilderung der furchtbaren
603 3053 1675 3112 Rache, welche Bauern an hrem tyrannischen Gutsherrn
599 3091 1682 3169 nehmen. Sie machte Münchhausens Gastgeber, den alten
718 3174 1566 3230 Das Rätsel des Angelus und andere Novellen.
661 3212 1124 3278 3 Buch der Abenteuer.
1765 1251 2844 1319 Grafen Nepomuk, so mürbe, daß er seinen Leibeigenen
1760 1308 2834 1372 die Freiheit schenkte. Durch eine andere, nicht minder
1773 1351 2845 1421 treffliche Geschichte führte er die flatterhafte Gräfin
1767 1402 2574 1466 Eusebia in die Arme ihres Gatten zurück.
1848 1439 2837 1526 Nun hält Münchhausen seine Mission auf Schloß
1761 1504 2824 1561 Herrmanitz für beendet und läßt sich von dem Burg¬
1767 1559 2837 1626 hauptmann aus einer Kanone abfeuern. Unmittelbar
1767 1609 2840 1670 darauf wird dem Grafen die Meldung abgestattet, daß
1769 1661 2841 1707 der Freiherr von Münchhausen wohlbehalten in seiner
1769 1708 2341 1779 Heimat angelommen ist ...
1843 1823 2831 1867 Wieder in ein anderes Gebiet der Phantasie gehört
1758 1870 2827 1924 Der Schlaraffe von Johannes Schlaf: der Schlaraffe war
1761 1920 2832 1974 ein Geschöpf mit langen Affenarmen und kolossalen
1765 1973 2842 2030 Plattfüßen, sein Kopf glich dem eines Seehundes und.
1756 2033 2831 2098 das Gesicht zeigte die traditionellen Merkmale der
1764 2078 2835 2130 Wassermänner oder Meergreise: den großen, unförmigen
1758 2126 2831 2188 Mund und das unter der wulstigen Unterlippe ver¬
1760 2177 2106 2235 schwindende Kinn.
1843 2210 2825 2289 Das Dasein dieses seltsamen Wesens, das mit einem
1763 2281 2831 2334 Menschen nur eine flüchtige Ahnlichkeit zeigte, war an
1768 2329 2845 2383 den Fluß gebunden, an dessen Ufern die Erzählung.
1756 2381 2827 2442 spielt. Der Schlaraffe und der Fluß, den Schlaf in
1758 2435 2827 2487 ganz eigenartiger Weise beseelt, gehören zusammen. Sein
1753 2486 2829 2548 Leben fand einen mysteriösen Abschluß: Man fand ihn
1757 2541 2834 2587 eines Morgens tot am User liegen mit einer furchtbaren.
1751 2600 2839 2653 Wunde am Halse. Wie wenn eine riesige Kralle ihm
1771 2641 2485 2709 die Schlagader aufgerissen hätte ...
1829 2743 2842 2809 Artur Schnitzler wagt sich in der Novelle Die
1747 2802 2837 2863 Weissagung“ auf eines der dunkelsten Gebiete der Phan¬
1754 2848 2832 2900 tastik—Viele-Dichter betraten es schon vor ihm und
1751 2897 2818 2952 fast jeder wußte alles, was er dort beobachtete, über¬
1751 2948 2822 3007 zeugend vorzubringen. Schnitzler übertrifft jedoch die
1765 2991 2717 3050 meisten von ihnen an psychologischem Feingefühl.
1832 3050 2826 3108 Der Inhalt der Novelle ist in kurzen Worten fol¬
1741 3065 1921 3180 gender:
1815 3157 2822 3209 Franz von Umprecht stand vor zehn Jahren als
1824 3228 2199 3300 4 „Dämmerseelen“.
