3296 4224
1768 247 2125 440 #e#
2121 241 3077 452 Thube Gusen
379 441 1727 508 General=Anzeiger für Leipzig und Umgebung.
1881 447 2233 522 28. Januar.
2590 449 2846 521 Nr. 22.
267 512 2981 605 knen,im Menuetto und Andante cantabile con Variazioni sich jeder Ton weich |führung bringen ließ. Der ungebetene Gast ist der Tod, der sich in einer Familie
275 563 409 617 Hilfe
400 567 1684 624 an den andern band. Das 2. Allegro mit seinem Hasten und Jagen
1671 571 2966 637 einschleicht und ein geliebtes Glied derselben entführt. Die Darstellung
262 605 1678 667 ließt kam voll zur Geltung. — An zweiter Stelle stand eine Novität „Trio
1675 610 2963 677 dieses interessanten Werkes verlangt die feinste Abtönung und der
277 632 411 697 1 zu
400 639 1674 698 für Pianoforte Violine und Violoncell in Fmoll von
1667 649 2965 697 Regisseur der Gesellschaft, Herr Dr. Carl Heine, hat sich das Zeugniß ver¬
231 681 399 743 seiegel¬
398 682 1679 731 Walter Lampe (Manuscript), gespielt von den Herren C. Fried¬
1669 689 2960 741 dient, daß er seine Aufgabe in eminenter Weise gelöst hat. Freilich be¬
403 722 1668 766 berg (Frankfurt), Hilf und Klenge!. Wenn diese Composition
234 722 406 782 e Patt;
1671 716 2966 770 wies die Aufführung noch ein Weiteres: das der Symbolismus auf der
400 763 1668 814 auch nicht Anspruch auf unbedingtes Loß erheben kann, so zeigt sie doch
218 759 407 823 elt dem
1673 762 2964 819 Bühne nicht lebensfähig ist; wenigstens so lange nicht, bis er sich nicht
395 801 1679 857 genug des Schönen. Die Themen sind fast immer gut verarbeitet, der
1676 798 2961 846 sein Publicum erzogen hat. Und dazu dürfte es kaum kommen. Es ist
397 839 1675 880 Styl nimmt oft Anlauf zu höherem Schwunge, wenn auch ver¬
217 828 405 902 ezlaft.
1673 841 2961 888 nicht Jedemanns Sache, sich der Seelenqual zu unterwerfen, welche die
236 871 411 935 Ischaft
404 864 1669 925 schiedene Male noch bizarre Einfälle die Einheit des Ganzen
1673 880 2964 929 Aufführung eines so subtilen Bühnengemäldes bereitet. Trotzdem
1567 915 1676 964 Ein
400 911 1554 962 stören und eine straffere Conception erwünscht wäre.
221 906 404 977 1g oen
1665 914 2963 971 steckt poetische Kraft in dem Werke, dafür sprach die Aufnahme,
405 955 1677 1007 Allegro non troppo leitet das Trio ein, das Grundthema
222 950 395 1017 siodes
1667 954 2968 1023 welche es erfuhr: herzbeklemmendes Schweigen lag über dem Hause,
401 992 1676 1039 bringend und in den verschiedensten Arten verwertend, das folgende Presto
220 989 400 1055 olte ach¬
1671 995 2939 1043 von dem ich doch einen Ausbruch der Opposition erwartet hatte. —
398 1029 1673 1071 scherzando wirkt nicht durch gesuchte Wendungen und pikante Klang¬
228 1026 405 1098 ügteeri¬
1671 1033 2972 1102 Auf dieses literarische Experiment, bei dem sich in erster Linie Herr*
398 1066 1666 1117 häufungen, sondern durch, ich möchte sagen, „hausbäckigen Humor“ und
233 1071 396 1146 wisung
1668 1072 2966 1136 Josef Darmer als der „Großvater“ auszeichnete, folgte „Die
245 1105 397 1166 gerten
405 1095 1676 1155 zeigte am besten das Können des Compomisten, während das Andante ein
1663 1096 2965 1164 [Frage andas Schicksal“, aus „Anatol“ von Arthur Schnitzler.
395 1145 1669 1194 wenig kahl ausgegangen ist und das Allegro vivace durch die angehäusten
230 1146 398 1231 jedchtig
1673 1144 2967 1205 Ein hübscher Gedanke ist hier lustspielartig geschickt verwerthet. Ein?
249 1185 401 1241 be ein
403 1185 1671 1232 Schwierigkeiten nicht über den Gedankenmangel hinwegtäuschen konnte.
1671 1182 2956 1239 Liebhaber ist in der Lage, an seine in der Hypnose schlummernde Geliebte
395 1222 1662 1274 Auf jeden Fall aber ist das Ganze eine ansprechende Composition, die
220 1219 396 1285 ngsvor,
1664 1214 2962 1288 die Frage richten zu können, ob sie ihm stets treuwar — er findet aber nicht den
398 1260 1663 1311 den Wunsch erweckt, den Namen Lampe's bald wieder auf einem
228 1261 407 1325 ergirts¬
1669 1266 2957 1324 Muth zu dieser Frage. Herr Director Piori, Herr Josef Darmer
393 1295 1684 1337 Programm zu begegnen. Herr Carl Friedberg aus Frankfurt zeigte
216 1297 400 1367 ng,nicht
1666 1301 2967 1361 und Frl. Mathilde Werner spielten ihre Rollen flott und ernteten
390 1333 1672 1392 sich auf dem klangvollen Blüthner seiner Partie voll gewachsen, sowohl
228 1340 403 1403 ast in
1669 1335 2957 1402 viel Beifall. Besonders schlug die humorvoll herausgearbeitete Pointe
392 1380 1663 1420 was die technische Seite anbelangt als auch die Beseelung des Tones, und
229 1378 405 1445 er zirch¬
1660 1369 2968 1439 des Einacters durch. — Mit diesem Lustspiel war das officielle Pro¬
401 1420 1669 1467 der Beifall, der ihm gespendet wurde, war voll verdient. — Den Schluß
1674 1413 2952 1467 gramm eigentlich erschöpft. Doch folgte das Publicum der auf dem
232 1422 341 1481 sen,
306 1453 405 1517 den,
404 1461 1672 1508 und die Krone des Abends bildete: Quartett für Streich¬
1671 1451 2952 1518 Programm befindlichen Einladung, der Vorstellung des einactigen Schau¬
233 1468 333 1523 ahr
296 1493 405 1541 ebe,
397 1484 1668 1542 instrumente (Gdur, op.161, nachgelassenes Werk) von F. Schubert.
1665 1495 2959 1557 spiels „Das Siegesfest“ von Franz Adam Beyerlein, einem
232 1501 322 1558 sei,
391 1534 1669 1581 Schmerzlich=wonniger Wohllaut, eine Fülle von Melodien brachten jedem
219 1535 401 1599 je rung
1663 1540 2955 1580 ordentlichen Mitgliede der „Literarischen Gesellschaft“, beizuwohnen.?
246 1569 406 1635 heAn¬
395 1571 1670 1624 Ohre, jedem Herzen einen Genuß, wie er schöner nicht gedacht werden
1673 1574 2951 1641 Die Handlung spielt am Sedantage 1895. Franz Härtel, ein Hand¬
395 1609 1666 1665 kann und nahmen den Hörer von Anfang bis zu Ende gefangen. Nach
215 1608 400 1674 nze den
1668 1607 2963 1674 werker, der für die Interessen der Partei sein Hab und Gut
399 1649 1667 1720 dem Pianissimoschluß des Andante un poco moto wurde den Meister¬
227 1642 387 1711 rer igen
1663 1651 2964 1715 geopfert hat, schleicht am Jubeltage von Sedan grollend herum,
393 1685 914 1744 spielern begeisterter Beifall.
207 1689 391 1758 sten das
1658 1695 2258 1739 das eiserne Kreuz, das er
2249 1700 2950 1747 sich vor 25 Jahren verdient, in
228 1726 399 1797 an atnr
1657 1729 2959 1792 der Tasche verborgen. Der Verfasser schildert geschickt den Couflict;
486 1745 1670 1812 Fünftes Concert des Liszt=Vereins. Fast noch größerer An¬
220 1756 408 1825 Sceine
1659 1764 2957 1832 in der Brust dieses Mannes zwischen der eingeschläferten Vaterlandsliebe;
402 1790 1680 1868 drang als bei den bisherigen Concerten war am Sonnabend in der
226 1804 388 1867 voben,
1665 1812 2956 1863 und der Treue gegen die Partei. Härtel wird schließlich ein Renegat,
287 1842 398 1889 Ichen
397 1843 2956 1903 Alberthalle des Krystall=Palastes zu constatiren. Dabei kam das großesals er erfährt, daß der neue Hauseigenthümer der ihn wegen rück¬
232 1857 320 1913 ien)
278 1886 386 1942 jwar
397 1884 1675 1942 persönliche Interesse für Herrn Siegfried Wagner, welcher die Dircection
1656 1882 2958 1939 ständiger Miethe mit Weib und Kind auf die Straße setzen lassen will,
215 1917 399 1987 absuni
388 1924 1679 1975 übernommen hatte, und für Herrn Hofcapellmeister Bernhard
1660 1931 2951 1990 der Abgeordnete Korn von seiner eigenen Partei ist. Doch als er mit
390 1957 1668 2009 [Stavenhagen aus Weimar, den ausgezeichneten Clavierkünstler, zur
227 1952 397 2023 an und
1667 1964 2955 2018 einem Fluch auf die Partei das Local verlassen will, stößt;
222 1996 391 2061 Oodtes¬
391 1998 1666 2041 Geltung. Wir hatten schon früher im Liszt=Verein Gelegenheit, Sieg¬
1659 2003 2954 2060 ihn der Genosse Gelfert nieder. Härtel bricht mit dem Ausruf
215 2029 399 2102 Veselm
396 2034 1671 2091 fried Wagner als Orchesterdirigenten kennen zu lernen, und konnten nun
1670 2046 2546 2089 „der Kaiser Hoch“ sterbend zusammen.
2526 2042 2852 2100 Man sieht.
221 2073 400 2132 mit das
388 2074 1669 2119 wieder aus neuen Proben erkennen, daß der junge Dirigent Fortschritte ge¬
1668 2079 2953 2139 Werk ist ein Tendenzstück, gerichtet gegen die radicalste politische Partei
221 2117 1667 2171 Arische macht hat. Diesmal richtete sich das spannungsvolle Interesse hauptsächlich
1664 2114 2952 2175 unserer Tage. Das erschwert die Kruik ungemein, denn der Kritiker soll;
292 2160 399 2200 gen:
385 2152 1663 2200 auf den Comvonisten, welcher hier zum ersten Male seine schon
2669 2162 2947 2214 Es ist sehr
1666 2162 2686 2209 nicht politisiren. Zunächst die Vorzüge des Stückes.
218 2160 335 2224 ua
273 2191 399 2245 Den
392 2199 1663 2236 anderswo mit Erfolg producirte symphonische Dichtung „Sehnsucht“
1947 2196 2950 2247 daß der Autor ein patriotisches Gelegenheitsstück!
1666 2200 1954 2261 rühmenswerth,
213 2210 294 2264 nz
244 2227 393 2289 #ß an
388 2232 1670 2288 (nach Schiller's bekanntem Gedichte: „Ach, aus dieses Thales Gründen“
2140 2236 2955 2294 und Apotheose, nur die künstlerischen
1661 2240 2154 2304 schrieb, ohne Allegorie
215 2265 390 2333 M Hoch
394 2258 1659 2323 entworfen) vorführte. Im Allgemeinen ist der Wirkung dieser Composition
1661 2267 2952 2332 Mittel des Dramas anwendend; Charakteristik und Dialog;
226 2303 393 2372 Pönen
396 2313 1671 2363 der Umstand gar nicht förderlich gewesen, daß von dem
1663 2315 2960 2376 sind schaif und lebendig und das dramalische Gestaltungsvermögen;
241 2348 396 2409 Pncert¬
389 2336 1660 2403 Sohne des genialen Vaters und dem Enkel des hochbedeutenden
1658 2347 2956 2404 unverkennbar. Verfehlt ist der Schluß und auch die Psychologie ist un¬
377 2380 1662 2444 Großvaters auch Außerordentliches erwartet wird. Andere beginnen mit
1668 2394 2949 2440 wahr von dem Moment an, wo der Autor den Schluß vorzubereiten:
200 2401 1663 2493 1 Nonat Liedern, Chorgesängen, Claviercompositionen 2c., Siegfried Wagner
1661 2416 2952 2490 beginnt. Frau Härtel würde ihren aufgeregten Mann in der Wirk¬
217 2447 398 2499 erlnrasse
391 2464 995 2528 wagt sich aber sofort an
1060 2468 1674 2524 symphonische Dichtung. Da
1668 2471 2949 2531 lichkeit niemals allein in dem Local zurückgelassen haben, nach dem,
214 2473 397 2533 Klireffen
391 2498 1099 2563 ist ihm naturgemäß das Geline
226 2514 398 2566 aw0 288
1273 2507 2964 2554 erschwert gewesen. was vorgefallen war! Härtel aber muß dableiben, damit Gelfert
386 2532 799 2603 Schiller's Gedich
782 2535 1053 2599 „Sehnsucht“
214 2537 399 2604 ###ingen
1446 2539 2844 2599 Gedanken=lihn niederstechen kann. Warum dieser blutige Schluß?
2827 2546 2961 2600 Es
242 2579 398 2641 P3 287
392 2572 973 2633 schweres und Tiefsinniges,
1211 2574 2948 2644 usikalische Ausmalungist wohl auch mehr als zweifelhaft, daß die Führenden der
216 2601 399 2669 sen Ab¬
388 2621 2951 2682 fast unerreichbar bleibt. Das hätte vielleicht ein Schumann oder ein Partei sich einen solchen versumpften Bravo zum Adjutanten er¬
226 2644 398 2707 in onat
397 2661 2949 2705 Brahms in congeniale Musik umdichten konnen. Der junge Siegfried wählen werden, wie Gelfert es ist. Diese Schwächen drücken das
216 2674 396 2739 der Mit¬
387 2701 2949 2760 zeigte zwar, daß er das Fürchten nicht kennt, aber auch, daß er für sof künstlerische Niveau des Stückes bedeutend herab. Der Erfolg der Auf¬
210 2720 390 2773 beren im
388 2742 1317 2798 fürchtenswerthe Aufgaben noch nicht fähra ist.
1328 2740 1442 2800 In
1421 2745 2948 2798 der Factur führung war ein durchschlagender; der Dichter erhielt einen Lorbeerkranz.
204 2751 391 2805 Urlverbs¬
388 2778 2950 2822 zeigt er stellenweise staunenswerthe Gewandtheit. Die In= Von den Darstellern zeichneten sich aus Herr Woldemar als Franz!
204 2785 378 2842 beöchne¬
399 2818 2948 2859 strumentation bietet an aparten Effeeten eher zu viel als zu Härtel, Herr Darmer als Zeitungsverleger, Herr Piori als
209 2816 398 2881 Schiatten,
206 2841 401 2909 Rcochen¬
395 2859 2947 2925 wenig, namentlich in Verwendung der Blechinstrumente (Tuben, Posaunen Gelfert, und besonders Herr Emil Stöbe als der waschechte Leipziger
205 2883 403 2942 e L Mr.)
400 2900 1661 2950 u. A.). Daß er zu viel pietätvolle Vorliebe für die Motive aus seines
1647 2902 2941 2945 Schirmer. Auch die anderen Darsteller der „Genossen“, insonderheit Herr
249 2922 393 2976 — wurde
397 2910 1661 2986 Vaters Musikdramen hat, ist natürlich, aber der Wirkung nicht günstig.
1647 2927 2133 2995 [Liefeld, waren gut.
2398 2940 2888 2993 Rudolf Liebisch.
253 2967 392 3015 ützung
394 2961 1662 3025 Lohengrin, Fliegender Holländer, Meistersinger, Tristan, Siegfried 2c.
160 2992 281 3043 120
397 2996 1665 3066 tauchen häufig auf. In düsteren Reflexionen ergeht sich der Com¬
1698 2999 2939 3075 * Polscher=Concert. Wie bekannt findet am Dienstag, 28. Januar,
158 3015 390 3080 sczahlt. An
396 3051 1667 3101 ponist im ersten Theile viel zu lange. Man wandelt jenseits der
1651 3042 2939 3097 Abends 7½ Uhr im Saale des Hotel de Prusse das Concert der
147 3064 392 3115 er gewährt:
394 3085 1649 3135 Melodie=Gärten auf öder, blumenloser Steppe; oft sehnt man sich aus
1664 3085 2952 3148 Concertsängerin Frl. Clara Polscher und des Concertmeisters Herrn
140 3093 385 3149 laschen Wein,
393 3128 1645 3183 dieser „Sehnsucht“ heraus. Von den „Tönen süßer Himmelsruhe“
141 3126 383 3179 son den 13 an¬
1657 3132 2948 3189 Carl Beermann aus Hannover statt. Fräulein Polscher singt eine
138 3149 390 3218 9256 Besuche
387 3164 1658 3219 hört man leider nur wenig. Die Mittelsätze wirken gefälliger
1663 3169 2951 3226 Blumeniese der schönsten Lieder, Herr Concertmeister Beermann spielt
139 3191 395 3258 hrend seitens
390 3204 1655 3253 und anmuthiger, wenn auch Bedeutendes nicht herauskommt,
1660 3196 2938 3260 die salten gehörte „Siegfried=Paraphrase“ von Wagner=Wilhelmy und
154 3236 413 3285 ilungen 5144
393 3236 1657 3293 Das Toben und ergrimmte Brausen des hemmenden Stromes
1651 3252 2939 3299 außer Spohr, Bach, Svendsen und Nachez eine eigene Uebertragung des
151 3267 396 3318 lungen gegen
391 3275 1652 3329 wird zu aufdringlich geschildert. So viel Gewalt der Tuben
1662 3287 2936 3341 Grieg'schen „Frühlingsliedes“ (aus „Lyrische Stücke für Clavier“ Heft III.)
141 3302 396 3353 iebenen Aus¬
382 3309 1660 3367 und Posaunen erscheint übertrieben. Schließlich findet sich noch in den
1652 3324 2933 3382 Der Abend verspricht ein sehr interessanter zu werden, er beginnt mit
139 3344 391 3385 dung u. s. w.
148 3362 1661 3416 igen erstattet, letzten Partien einiges Erquickliche. — Vorläufig muß man an einer be¬
1648 3361 2342 3427 dem „E dur=Trio“ von Robert Kahn.
387 3395 1661 3450 deutenden Erfindungsgabe des jungen Componisten zweifeln. Wir würden
144 3394 382 3448 t und in den
1744 3399 2942 3453 Hofpianist Alfred Grünfeld wird Freitag, den 31. Januar,
138 3427 387 3486 erdem wurde
391 3428 1655 3487 uns aber freuen, wenn der Zweifel bald durch Besseres widerlegt
1656 3438 2944 3495 einen populären Clavier=Abend mit außerordentlich reichhaltigem Programm
147 3475 382 3525 t einer Zeit,
2463 3478 2516 3522 nzi
390 3470 1654 3521 würde. — Die verstärkte Capelle des 134. Regiments folgte mit bester
1653 3485 2944 3532 in der hiesigen Alberthalle geben. Der in Leipzig beliebte Künstler hat
144 3495 393 3565 ener Anzeige
390 3500 1655 3569 Aufmerksamkeit dem dirigirenden Componisten und that ihr Möglichstes
1658 3522 2939 3566 in letzter Saison bereits mit seinem ganz phänomenalen Spiel die höchste
179 3532 384 3588 verurtheilt.
377 3554 2933 3603 für das Werk. Leider waren zahlreichere Proben nicht möglich gewesen. — Begeisterung des Publicums und wahre Beifalls=Salven hervorgerufen.
144 3552 386 3622 8 männliche
394 3591 1648 3641 Herr Siegfried Wagner erntete später, nachdem die Novität mit
1647 3586 2928 3643 Eintrittskarten in der Höhe von 3 Mk. bis zu 75 Pfg. sind in Klein's
140 3593 386 3656 emonaten die
381 3630 1635 3674 einem Achtungserfolge sich begnügen mußte, mit Weber's „Freischütz“¬
152 3636 387 3688 er beendeten.
1647 3635 2904 3685 Kunsthandlung, Universitätsstraße 5, zu haben. (Wiederholt.)
390 3670 1657 3710 Ouverture, der Pdur=Symphonie von Beethoven und
146 3662 392 3726 je Mitglieder
136 3702 382 3773 zur theils im
395 3702 1663 3773 dem „Meistersinger“=Vorspiele, welche er ohne Noten
377 3744 1661 3798 dirigirte, reichen Beifall und Hervorruf, außerdem einen Lorbeerkranz.
1700 3744 2891 3808 Amtliche Beranntmachungen.
379 3783 1650 3831 Bei der „Freischütz“=Ouverture fiel zuweilen das ungewohnte langsame
1657 3796 1885 3863 S
136 3814 1653 3890 jafk. Tempo auf. Einzelne Verstöße und Intonations=Mängel (Horn)
1541 3856 1641 3914 ge¬
1237 3853 1559 3924 Recht prompt
374 3852 1155 3931 wollen wir nicht schwer anrechnen
149 3885 408 3947 es Geburts¬
1648 3859 2960 3960 Verkauf alter Bahnschwellen
930 3888 1537 3962 Symphonie und auch
385 3894 949 3962 lang der 3. Satz der
142 3933 391 3988 Deutschland
394 3931 1659 3998 durfte man, von einigen Verschleppungen abgesehen, Beifall
150 3964 393 4032 Nozart=Oper
1714 3962 2871 4036 am 31. Jannar d. J., Vorm. 10 Uhr,
389 3971 1653 4028 zollen. Kraft= und schwungvoll wurde das Meistersinger=Vorspiel
149 3998 386 4066 beginnt um
392 4022 1623 4073 wiedergegeben, obgleich keine Erholungspause vorausgegangen war. —
1653 4004 2924 4071 Versammlungsort: „Von Berliner Straße Nr.45 abzweigende Ladestraße“;
147 4039 394 4106 ne“ gegeben.
389 4059 1657 4110 Auf's Neue glänzte das große Talent des Herrn Hospianisten
1727 4073 2945 4127 am 5. Februar d. J., Vorm. 10 Uhr, und
145 4088 390 4132 er Tod des
1468 4094 1656 4146 Juerst in
1005 4093 1458 4155 eTH
