3392 4256
1796 196 2192 293 box 7/4
878 203 1649 288 an das Schicksal
813 216 879 287 e
596 210 763 291 Fra
185 211 523 309 4.1. Di
1039 265 1676 325 ennerteten teretereteeten ene ene en enen ene een
420 266 1013 329 RAAERRERREAAAaAAssASsSeseseseAsese
1804 462 2201 570 Telephon 12.801.
1802 567 1986 653 Pir
1311 586 1927 705 „UBEENVE.
1072 672 2205 760 I. österr. behördl. konz. Unternehmen für Zeitungs-Ausschnitte
1209 748 2057 834 Wien, I., Concordiaplatz 4.
1401 819 1867 893 Vertrefungen
1074 862 2161 950 in Berlin, Budapest, Chicago, Christiania, Genf, Kopen¬
1085 914 2166 984 hagen, London, Madrid, Mailand, Minneapolis, New-York,
1127 957 2130 1033 Paris, Rom, San Francisco, Stockholm, St. Petersburg.
1417 996 1803 1070 (Quellensggabe ehne deu#t)
1064 1011 2252 1136 Ausschnitt aus: Neues wiener Tournal
1268 1110 1701 1201 -7. MNZ. 1910
1057 1151 1241 1242 vom:
1052 1246 2217 1347 (Matinee im Carl=Theater.) Die Matineen der
962 1306 2188 1382 Concordia“ gehören immer zu den großen Theaterereignissen der
2186 1338 2277 1389 1
944 1362 2230 1434 Saison. Sie sind gewissermaßen die Quintessenz dessen, was
949 1396 2209 1474 jeweilig interessiert oder interessieren muß, nicht nur in bezug auf
938 1452 2218 1518 die Wahl der erke, sondern in gleichem Maße, was die Wahl
950 1494 2200 1565 der Darsteller betrifft. So auch die gestrige Matinee im Carl¬
942 1528 2192 1612 Theater: es waren zwei genußreiche Stunden, fesselnd und an¬
943 1586 2195 1664 regend, den Charakter des Außergewöhnlichen nach jeder Richtung
933 1643 2202 1725 erfüllend. Man spielte Artur Schnitzler, Oskar Straus und Leo
937 1687 2190 1760 Fall, Bekanntes, das wie neu erschien und etwas Funkelnagel¬
940 1744 2192 1808 neues außerdem. Nach einer von Kapellmeister Holzer
934 1785 2201 1834 geschickt dirigierten Ouvertüre zu „Flotte Bursche" ging
932 1812 2192 1880 der Vorhang in die Höhe und man bekam den
941 1865 2203 1939 amüsanten Einakter Artur Schnitzlers „Die Frage an
938 1930 2201 1992 [das Schicksal“ vorgefüht Diese Stückchen ist aus dem
942 1970 2208 2033 Anatol=Zyklus vor vielen Jahren zum erstenmal bekannt worden
946 2026 2199 2089 und wirkt heute wie damals durch den hübschen Einfall und die
937 2057 2197 2140 liebenswürdig=heitere Art des Dialogs. Der junge Mann, den
943 2105 2204 2179 die Frage quält, ob seine Geliebte ihm treu ist, versetzt sie in
927 2152 2201 2237 hypnotischen Schlaf. Und nun, da er ihr das Geheimnis ent¬
941 2210 2197 2252 reißen kann, schreckt er vor der Antwort zurück. Er zieht die Un¬
931 2242 2205 2295 gewißheit der Gewißheit vor. In der gefälligen Form steckt eine
933 2293 2202 2374 sichere psychologische Erkenntnis und eine tiefere Lebensweisheit.
936 2339 2199 2403 Die Mitglieder der Neuen Wiener Bühne, unter Steinerts Führung,
953 2392 2200 2442 spielten den Einakter sehr geschickt. Fräulein Wallentin als das süße
949 2441 2189 2490 Mädel und Herr Charle als Anatol, klug die Pointen heraus¬
932 2488 2196 2547 holend — als Dritter im Bunde Herr Ziegler —, wurden durch
956 2527 2193 2602 ebhaften Beifall bedankt. Nun folgte eine Novität, der man mit
926 2585 2191 2645 großen Erwartungen entgegensah: das Fastnachtsspiel „Venus im
935 2634 2195 2682 Grünen“ von Rudolf Lothar, Musik von Oskar Straus. In
941 2685 2187 2736 Leipzig, wo dieses musikalische Lustspiel seine Uraufführung hatte,
926 2721 2188 2790 hatte es die Feuerprobe mit Glanz bestanden und nun ist es
931 2772 2191 2827 auch vor dem Wiener Publikum zu einem ganz großen Erfolge
934 2816 2201 2874 gelangt. Lothars Text hat, ohne Musik, schon seinerzeit im
935 2862 2182 2918 Deutschen Volkstheater sehr erheiternd gewirkt; in der musi¬
940 2912 2063 2974 kalischen Fassung, die ihm Oskar Straus gab, ist ihm
2075 2915 2198 2972 nun
933 2956 1503 3024 höherer Reiz verliehen.
1528 2955 1852 3026 Dieser nette
1878 2962 2053 3022 Scherz,
2082 2949 2188 3036 bei
935 3014 2175 3062 dem zwei junge vom Maskenball heimkehrende und
931 3060 2190 3139 als Männer verkleidete Mädchen, ihrer Anzüge beraubt
916 3106 2192 3177 werden und die Wegelagerer schließlich zu Herzensräubern werden,
925 3146 2187 3205 ist von Straus ganz apart vertont. Es ist feine und charakteristische
931 3197 2175 3271 Lustspielmusik, verstärkt durch eine populäre Note, die den Meisten
927 3235 2182 3309 des rhythmischen Schwunges erkennen läßt. Ganz eigenartig
932 3274 2189 3338 klingt das Fastnachtstreiben, eine vorüberhuschende Illustration
930 3333 2200 3400 der ausgelassenen Bühnenvorgänge; entzückend ist ein Quartett
934 3390 2185 3444 „Wir sind die Kavaliere", voll Pikanterie ein Tanzduett und
929 3438 2188 3503 der Walzer, der dann motivisch durch das Ganze zieht, wirkt
932 3480 2197 3561 durch seine einschmeichelnde, fließende Melodie. Der Komponist, der
928 3522 2180 3596 persönlich das Orchester leitete, wurde stürmisch applaudiert.
932 3575 2188 3620 Die Darsteller des Carl=Theaters waren voll Eifer am Werke.
920 3608 2183 3663 Mizzi Zwerenz in ihrer Hosenrolle war voll spitzbübischer Keckheit
931 3662 2185 3741 und von drastischem Humor in den Angstszenen, tanzte und sang
926 3708 2198 3785 überaus fott und wirksam. Ihre Partnerin Frau Keplinger,
932 3767 2184 3826 gleichfalls in einer Hosenrolle, hatte stimmlich wie darstellerisch
945 3809 2182 3868 gleichfalls einen starken Erfolg und die Herren Waldemar und
932 3860 1680 3917 Rohr schlossen sich mit Glück an. Nac
1992 3845 2191 3927 rausschen
939 3898 1633 3956 „Fastnachtspiel“ folgte die Altwiener
2084 3904 2186 3960 all
933 3942 1271 4009 „Brüderlein sein
1285 3941 1665 4016 " Text von Juli:
2023 3942 2190 4007 kennt
940 3992 1610 4060 dieses entzückende Einakterchen
2092 3988 2183 4067 der
942 4035 1625 4108 „Hölle“. Aber es war gestern
2110 4047 2152 4100 so
937 4092 1649 4149 als ob man es zum erstenmal hören
1030 4136 1593 4184 Bünther und die Walde zur 2
