3296 4224
747 97 1457 181 an das Schicksa
444 107 578 190 Fre
275 116 424 189 Die
24 131 1611 225 4 .    . Sd ene en etenetene er en denen aen Aennen uen en.
662 788 1084 871 Telefon 12801.
376 908 1396 996 Unternehmen für Zeitungs-Ausschnitte.
1264 960 1452 1031 Aussehnitt
545 977 1572 1124 „OBSERVER“ Nr. 86
338 1007 514 1140 5
151 1124 1551 1205 L. ösdern behördl. conc. Bureau für Zeitungsberlekte u. Persoralnschricht
329 1192 1433 1278 Wien, IX/1. Türkenstrasse 17.
556 1257 1221 1356 Filiale in Budapest: „Figyelé“
252 1337 1515 1411 Vertretungen in Berlin, Chicago, London, Newyerk, Paris, Stockholm.
153 1455 699 1544 Ausschnitt aus:
152 1522 791 1705 — 1.47
322 1823 1484 1922 (Theater der Josefstadt.) Die Freitagsabende des
213 1885 1481 1981 Directors Jarno nd nicht nur „literarisch“, sondern auch inter¬
220 1955 1484 2035 essant. Der eine Tag in der Woche ist für die „Auslese¬
231 2007 1485 2077 menschen“, für die Gourmands der dramatischen Literatur, für
223 2050 1477 2122 die nach ungewöhnlicher Würze Lüsternen, freigehalten. Am
220 2089 1480 2170 Freitag wird das Theater in der Josefstadt zum Belustigungsort
224 2146 1476 2200 einer intimen, verständnißvollen Gemeinde, und das grundsätzliche,
212 2187 1473 2251 gegensätzliche Antipodenthum zwischen Parket und Galerie ist außer
219 2232 1474 2301 Kraft gesetzt. Die Neuheit des gestrigen Abends, Arthur
213 2285 1082 2348 Schnitzler's einactige Komödie „
1226 2301 1362 2362 Fra
215 2323 402 2386 an d
471 2338 1476 2394 Schicksal", in Wien noch nicht
212 2367 676 2442 aufgeführt, erscheint
720 2381 833 2441 mir
883 2380 980 2450 so
979 2384 1480 2454 recht programmatisch
211 2431 1467 2503 für die Absichten des Directors. Es ist ein feines, schmächtiges
217 2472 1481 2549 Stück, mit dem der robuste Kunstsinn des naiven Theaterbesuchers
217 2521 1474 2605 schwerlich etwas Rechtes wird anfangen können. Das ist freilich
213 2574 1477 2634 eine Einschränkung, die ihre vorwurfsvolle Spitze nicht so sehr
220 2622 1476 2684 gegen das Publicum, als gegen den Autor richtet, der den
225 2673 1465 2742 „Anatolismus“, die pariserische Lebensgier, die nur die Kraft
214 2711 1466 2790 turbulenter Instincte, doch nicht die Fähigkeit, sie zu befriedigen,
213 2754 1463 2828 besitzt, für die gute, brave Wienerstadt localisiren möchte. Der
198 2817 1472 2883 Anatol des gestrigen Einacters, von Herrn Jarno mit der
206 2845 1477 2936 weltmännischen Ueberlegenheit solcher senfitider Lebemänner vor¬
204 2893 1546 3010 getragen, fühlt sich angestachelt, zu ergründen, ob seiee
209 2956 1531 3039 ihm seine Cora auch wirklich Liebe entgegenbringt oder nur deren 1#.
202 3006 1546 3077 conventionelle, weibliche Gliedmaßen. Er hypnotisirt sie in Gegen= spar
207 3049 1555 3134 wart seines Freundes und könnte nun ihrer Seele das letzte Ge=raus
208 3088 1464 3171 heimniß entlocken. Doch da verläßt ihn der Muth, der unver¬
1441 3124 1610 3189 ist dar
213 3141 1610 3248 schleierten, gewöhnlich so beleid.genden Wahrheit ins Gesicht,### der
214 3206 1458 3268 zu blicken, und er weckt das Mädchen mit den Worten: „Cora, wach
211 3258 1473 3326 auf und küsse mich!“ — Das ist nun sicherlin kein Drama, sondern
221 3304 1470 3350 eine Seelenstudie, also ein Novellchen im glücklichsten Falle; man merkt
211 3349 1469 3421 wohl, wie sich die vielen Räderchen drehen, aber man sieht nicht,
225 3402 1477 3469 wie sie den Zeiger vorwärts rücken. Trotz der prächtigen Dar¬
212 3454 1470 3502 stellung, zu der noch Herr Sachs und Fräulein Palme bei¬
199 3488 1475 3564 trugen, mßte man sich sagen, daß die Lectüre keinen
226 3544 1036 3624 schwächeren findruck hervorbringen würde.
1133 3548 1467 3614 Den Abend be¬
206 3583 1430 3672 schlossen dberg's „Gläubiger“ in der bekannten Besetzung.
1224 3639 1469 3721 O.t—5.
1623 90 2041 199 box 7/4
2114 911 2520 989 Telefon 12801.
1842 1009 2843 1111 Unternehmen für Zeitungs-Ausschnitte.
2699 1071 2904 1137 Aussehnitt
1828 1098 1991 1225 35
2693 1126 3000 1231 Nr. 87
1991 1124 2640 1243 „OBSERVER“
1598 1246 3038 1315 L. österr. behördl. conc. Bureau für Zeitungsberichte u. Personalnachrichten
1776 1286 2865 1408 Wien, IX/1. Türkenstrasse 17.
1995 1369 2801 1477 Filiale in Budapest: „Plgyelé“ —
1689 1453 2948 1549 Vertretungen in Berlin, Chicago, London, Newyerk, Paris, Stockholm.
1607 1572 2159 1684 Ausschnitt aus:
1606 1666 2265 1819 2es 491/, 7700
2735 2048 2821 2104 iterax
1861 2023 2674 2109 [Theater in der Josephstadt.] Ein
2839 2043 2908 2142 920
1779 2086 2548 2163 Abend brachte „zum erstenmale“ „Die Frage
1783 2149 2438 2204 Arthur Schnitzler und „zum letztenm
1782 2186 2406 2240 August Strindberg. Ueber das zwe
2834 2205 2937 2272 mit
1773 2223 2399 2303 zu sagen. Das erste ist ein dialo
1780 2270 2394 2321 einer recht niedlichen Pointe. Anat
2803 2290 2939 2355 bseine
1787 2310 2414 2373 seinem Freunde Max die, wie es sch
1788 2358 2435 2430 Geliebte Fräulein Cora ihm treu sei.
2742 2411 2923 2477 Frage die
1771 2422 2539 2477 gleich hypnotisiren. In der Hypnose wird
1774 2470 2917 2527 Wahrheit antworten. Anatol traut sich aber nicht, sie zu frigen,
1779 2514 2889 2562 ob sie ihm treu sei. Er weckt sie lieber auf. Das ist die „Prag
1778 2541 2931 2625 an das Schicksal“. Gespielt wurde auch ganz angenehm von den
1786 2595 2757 2672 Herren Jarno und Sachs und Fräulei Palme.
2078 2970 2637 3057 Bezugs-Bedingungen.
2673 3027 2796 3106 7.50
2823 3017 3024 3107 inclusive
1641 3034 2571 3131 Für 50 Zeitungsauschnitte (Artikel oder Notizen)
2838 3094 2994 3142 Porto.
1722 3101 1827 3147 100
2669 3120 2787 3165 25.—
2820 3128 3003 3191 Zahlbar
1719 3143 1840 3185 200
2669 3154 2796 3203 55.—
1724 3176 1831 3227 500
2638 3170 3039 3243 100.— im Vorzus.
1674 3213 1841 3290 . 1000
1756 3239 3076 3313 Im degensatze zu anderen Bureaux für Zeitungsausschnitte ist das
1645 3283 3077 3371 Abonnement durch keine bestimmte Zritdauer begrenzt; — auch stcht es den
1652 3330 2942 3417 Abonnenten bei die aufgegebenen Themen zu ergänzen oder zu ändern.
