<?xml version="1.0" encoding="UTF-8" standalone="yes"?>
<PcGts xmlns="http://schema.primaresearch.org/PAGE/gts/pagecontent/2013-07-15" xmlns:xsi="http://www.w3.org/2001/XMLSchema-instance" xsi:schemaLocation="http://schema.primaresearch.org/PAGE/gts/pagecontent/2013-07-15 http://schema.primaresearch.org/PAGE/gts/pagecontent/2013-07-15/pagecontent.xsd">
    <Metadata>
        <Creator>prov=University of Rostock/Institute of Mathematics/CITlab/Gundram Leifert/gundram.leifert@uni-rostock.de:name=ONB_Newseye_GT_M1+(htr_id=10810)::::v=2.4.2
prov=University of Rostock/Institute of Mathematics/CITlab/Tobias Gruening/tobias.gruening@uni-rostock.de:name=de.uros.citlab.module.baseline2polygon.B2PSeamMultiOriented:v=2.4.2
prov=University of Rostock/Institute of Mathematics/CITlab/Tobias Gruening/tobias.gruening@uni-rostock.de:name=/mnt/transkribus/LA/DEA/URO/LA_news_onb_att.pb:de.uros.citlab.segmentation.CITlab_LA_ML:v=2.4.2
Transkribus</Creator>
        <Created>2019-10-07T11:55:59.319+02:00</Created>
        <LastChange>2019-10-08T19:23:34.166+02:00</LastChange>
        <TranskribusMetadata docId="224001" pageId="9504898" pageNr="2" tsid="16607639" status="IN_PROGRESS" userId="40391" imgUrl="https://files.transkribus.eu/Get?id=HPJNQUJORSLCMEQICEITHPMR&amp;fileType=view" xmlUrl="https://files.transkribus.eu/Get?id=CJZGUTVHPZYCPMZPQZXWDXIL" imageId="6195112"/>
    </Metadata>
    <Page imageFilename="224001_0002.jpeg" imageWidth="3296" imageHeight="4224">
        <ReadingOrder>
            <OrderedGroup id="ro_1711444581844" caption="Regions reading order">
                <RegionRefIndexed index="0" regionRef="r1"/>
            </OrderedGroup>
        </ReadingOrder>
        <TextRegion orientation="0.0" id="r1" custom="readingOrder {index:0;}">
            <Coords points="27,161 27,4145 2702,4145 2702,161"/>
            <TextLine id="r1l1" custom="readingOrder {index:0;}">
                <Coords points="1176,195 1505,187 1585,200 1618,189 1618,130 1594,136 1578,120 1535,137 1501,120 1462,134 1375,124 1359,138 1342,121 1256,135 1176,126"/>
                <Baseline points="1194,182 1219,183 1244,183 1270,183 1295,183 1320,183 1346,183 1371,183 1397,182 1422,182 1447,182 1473,181 1498,181 1523,181 1549,181 1574,181 1600,182"/>
                <TextEquiv>
                    <Unicode>Schicksal</Unicode>
                </TextEquiv>
            </TextLine>
            <TextLine id="r1l2" custom="readingOrder {index:1;}">
                <Coords points="810,185 857,195 953,185 1149,192 1149,132 1122,142 1043,122 956,139 943,129 903,142 870,132 853,149 810,149"/>
                <Baseline points="827,185 852,183 878,183 903,182 929,182 954,182 980,182 1005,183 1031,183 1056,183 1082,183 1107,183 1133,182"/>
                <TextEquiv>
                    <Unicode>an das</Unicode>
                </TextEquiv>
            </TextLine>
            <TextLine id="r1l3" custom="readingOrder {index:2;}">
                <Coords points="543,193 586,197 603,187 616,197 639,197 649,187 656,194 706,194 706,124 650,127 627,140 603,134 590,123 580,130 544,127"/>
                <Baseline points="560,183 586,184 612,184 638,183 664,184 690,185"/>
                <TextEquiv>
                    <Unicode>Fra</Unicode>
                </TextEquiv>
            </TextLine>
            <TextLine id="r1l4" custom="readingOrder {index:3;}">
                <Coords points="1745,198 1808,197 1848,214 1874,193 1904,203 1984,189 2004,206 2044,205 2073,185 2107,198 2156,184 2156,138 2096,118 1904,130 1887,120 1841,147 1801,121 1744,128"/>
                <Baseline points="1761,184 1786,185 1811,186 1836,186 1861,186 1887,186 1912,186 1937,186 1962,185 1987,185 2013,184 2038,184 2063,184 2088,183 2113,183 2139,182"/>
                <TextEquiv>
                    <Unicode>box 7/4</Unicode>
                </TextEquiv>
            </TextLine>
            <TextLine id="r1l5" custom="readingOrder {index:4;}">
                <Coords points="365,193 391,192 401,184 408,191 418,190 424,183 441,192 464,190 460,127 441,132 430,126 414,134 394,125 384,132 377,126 361,127"/>
                <Baseline points="380,188 413,186 446,184"/>
                <TextEquiv>
                    <Unicode>Di</Unicode>
                </TextEquiv>
            </TextLine>
            <TextLine id="r1l6" custom="readingOrder {index:5;}">
                <Coords points="115,207 1629,226 1629,176 1234,177 1188,133 952,179 750,131 613,180 454,129 115,134"/>
                <Baseline points="133,185 206,191 280,196 354,200 428,203 502,204 576,206 650,207 724,207 798,207 872,206 945,206 1019,205 1093,204 1167,204 1241,203 1315,203 1389,203 1463,204 1537,206 1611,208"/>
                <TextEquiv>
                    <Unicode>4.1. Die Mrage an aus Seanensen</Unicode>
                </TextEquiv>
            </TextLine>
            <TextLine id="r1l7" custom="readingOrder {index:6;}">
                <Coords points="829,556 866,554 872,561 882,562 915,556 925,564 938,564 952,555 969,556 970,516 941,511 924,520 901,506 888,512 875,505 831,509"/>
                <Baseline points="846,555 872,553 898,553 924,555 951,560"/>
                <TextEquiv>
                    <Unicode>312</Unicode>
                </TextEquiv>
            </TextLine>
            <TextLine id="r1l8" custom="readingOrder {index:7;}">
                <Coords points="22,658 2711,674 22,584"/>
                <Baseline points="40,648 172,648 305,648 438,648 571,648 703,648 836,649 969,650 1102,651 1234,652 1367,653 1500,654 1633,655 1765,656 1898,657 2031,659 2164,660 2296,662 2429,663 2562,664 2695,666"/>
                <TextEquiv>
                    <Unicode>Uhr ist sodann Instrumental= und Vokalmusik. Redigirt von A. Morin. I. Serie kommenen Lumpen, das ihm untergestellte Motiv seiner That:</Unicode>
                </TextEquiv>
            </TextLine>
            <TextLine id="r1l9" custom="readingOrder {index:8;}">
                <Coords points="25,707 1503,710 1503,670 1396,654 25,657"/>
                <Baseline points="43,700 115,698 187,696 259,695 331,694 403,693 475,693 548,693 620,693 692,693 764,694 836,694 908,695 980,696 1053,696 1125,697 1197,698 1269,698 1341,698 1413,698 1486,698"/>
                <TextEquiv>
                    <Unicode>alatafel. FürNo. 26 bis 50. Frankfurt a) M., Verlag von H. Bechhold.</Unicode>
                </TextEquiv>
            </TextLine>
            <TextLine id="r1l10" custom="readingOrder {index:9;}">
                <Coords points="1494,705 2689,720 2713,663 1494,662"/>
                <Baseline points="1512,698 1571,698 1630,699 1689,699 1748,700 1807,701 1866,701 1926,702 1985,703 2044,704 2103,705 2162,706 2221,706 2280,707 2340,707 2399,708 2458,708 2517,708 2576,707 2635,707 2695,706"/>
                <TextEquiv>
                    <Unicode>Parteisanatismus nicht so recht zu. Die Aufführung war Alles</Unicode>
                </TextEquiv>
            </TextLine>
            <TextLine id="r1l11" custom="readingOrder {index:10;}">
                <Coords points="36,757 2583,766 37,711"/>
                <Baseline points="54,749 179,745 305,742 430,740 556,739 682,738 807,738 933,738 1058,739 1184,740 1310,741 1435,742 1561,744 1686,745 1812,747 1938,748 2063,749 2189,750 2314,751 2440,751 2566,751"/>
                <TextEquiv>
                    <Unicode>. Hofoper in Jede Nummer 20 5. Das Abonnement auf eine Serie von in Allem wohl gelungen. Hr. Waldemar als Härtel</Unicode>
                </TextEquiv>
            </TextLine>
            <TextLine id="r1l12" custom="readingOrder {index:11;}">
                <Coords points="2581,760 2631,760 2641,766 2664,759 2674,766 2691,756 2711,756 2710,706 2687,706 2681,713 2581,717"/>
                <Baseline points="2597,752 2629,752 2662,751 2695,752"/>
                <TextEquiv>
                    <Unicode>hätte</Unicode>
                </TextEquiv>
            </TextLine>
            <TextLine id="r1l13" custom="readingOrder {index:12;}">
                <Coords points="320,781 529,792 595,775 639,792 718,789 751,779 752,746 692,739 669,756 639,739 320,741"/>
                <Baseline points="336,777 361,778 386,779 411,779 436,779 461,779 486,780 511,779 536,779 561,779 586,779 611,779 636,779 661,779 686,779 711,780 736,780"/>
                <TextEquiv>
                    <Unicode>50 Nummern 9 M</Unicode>
                </TextEquiv>
            </TextLine>
            <TextLine id="r1l14" custom="readingOrder {index:13;}">
                <Coords points="827,787 1511,795 1511,752 1409,738 828,737"/>
                <Baseline points="844,781 876,782 908,783 941,784 973,784 1006,785 1038,785 1071,785 1103,785 1136,785 1168,785 1200,785 1233,785 1265,785 1298,786 1330,786 1363,786 1395,787 1428,787 1460,788 1493,789"/>
                <TextEquiv>
                    <Unicode>Typographische Jahrbücher.</Unicode>
                </TextEquiv>
            </TextLine>
            <TextLine id="r1l15" custom="readingOrder {index:14;}">
                <Coords points="1495,794 2591,806 2591,746 2452,738 1496,747"/>
                <Baseline points="1512,785 1565,786 1618,787 1671,787 1724,788 1777,789 1830,790 1883,791 1936,791 1989,792 2043,793 2096,793 2149,794 2202,795 2255,795 2308,795 2361,796 2414,796 2467,796 2520,796 2574,796"/>
                <TextEquiv>
                    <Unicode>vielleicht etwas älter in Maske und Sprache sein können,</Unicode>
                </TextEquiv>
            </TextLine>
            <TextLine id="r1l16" custom="readingOrder {index:15;}">
                <Coords points="2580,817 2600,816 2606,809 2629,804 2639,807 2659,802 2666,809 2672,802 2712,803 2710,763 2690,767 2680,761 2676,765 2663,756 2576,761"/>
                <Baseline points="2597,799 2630,797 2663,794 2696,794"/>
                <TextEquiv>
                    <Unicode>fand</Unicode>
                </TextEquiv>
            </TextLine>
            <TextLine id="r1l17" custom="readingOrder {index:16;}">
                <Coords points="28,804 94,814 187,802 214,826 240,823 260,806 330,807 331,757 244,750 181,766 168,755 155,765 125,752 95,761 75,751 29,754"/>
                <Baseline points="46,792 72,795 99,797 126,799 153,800 180,800 206,800 233,799 260,798 287,798 314,796"/>
                <TextEquiv>
                    <Unicode>berg'schen Herr¬</Unicode>
                </TextEquiv>
            </TextLine>
            <TextLine id="r1l18" custom="readingOrder {index:17;}">
                <Coords points="311,823 1473,843 1507,790 312,786"/>
                <Baseline points="328,819 386,820 444,821 502,821 560,823 618,823 676,824 734,825 792,826 850,826 909,827 967,827 1025,828 1083,828 1141,829 1199,829 1257,829 1315,829 1373,829 1431,829 1490,829"/>
                <TextEquiv>
                    <Unicode>Unter Mitwirkung des Geh. Hofrath Prof. Dr. Nieper sowie des</Unicode>
                </TextEquiv>
            </TextLine>
            <TextLine id="r1l19" custom="readingOrder {index:18;}">
                <Coords points="1503,840 2589,850 2589,780 2270,810 1504,794"/>
                <Baseline points="1521,833 1573,833 1626,833 1678,833 1731,833 1783,834 1836,834 1888,835 1941,836 1993,836 2046,837 2098,838 2151,838 2203,839 2256,839 2308,840 2361,840 2413,840 2466,840 2518,840 2571,840"/>
                <TextEquiv>
                    <Unicode>aber sonst für die Verbitterungen und den Groll des</Unicode>
                </TextEquiv>
            </TextLine>
            <TextLine id="r1l20" custom="readingOrder {index:19;}">
                <Coords points="2589,845 2619,844 2639,850 2666,846 2679,855 2706,854 2704,804 2674,805 2654,796 2641,807 2588,805"/>
                <Baseline points="2605,839 2632,837 2660,836 2688,836"/>
                <TextEquiv>
                    <Unicode>aus¬</Unicode>
                </TextEquiv>
            </TextLine>
            <TextLine id="r1l21" custom="readingOrder {index:20;}">
                <Coords points="27,853 56,853 63,860 80,853 113,860 123,853 129,860 166,857 173,863 196,857 222,833 242,833 242,810 216,810 209,803 169,803 153,813 139,803 110,803 103,810 76,803 27,807"/>
                <Baseline points="44,848 70,848 96,848 122,848 148,848 174,848 200,848 226,848"/>
                <TextEquiv>
                    <Unicode>chmittag.</Unicode>
                </TextEquiv>
            </TextLine>
            <TextLine id="r1l22" custom="readingOrder {index:21;}">
                <Coords points="317,870 1286,896 1508,878 1509,845 317,823"/>
                <Baseline points="332,866 390,866 448,866 506,866 564,866 622,867 680,867 738,868 796,868 854,869 912,870 970,870 1028,871 1086,872 1144,872 1202,873 1260,874 1318,875 1376,875 1434,876 1492,876"/>
                <TextEquiv>
                    <Unicode>Prof. Max Honegger und Dr. Aarland herausgegeben von</Unicode>
                </TextEquiv>
            </TextLine>
            <TextLine id="r1l23" custom="readingOrder {index:22;}">
                <Coords points="1495,889 2690,896 2711,833 1496,836"/>
                <Baseline points="1512,876 1571,876 1630,876 1689,876 1748,876 1807,877 1866,877 1925,878 1984,878 2043,879 2103,880 2162,880 2221,881 2280,881 2339,882 2398,882 2457,882 2516,882 2575,881 2634,881 2694,880"/>
                <TextEquiv>
                    <Unicode>gebeuteten kleinen Mannes durchaus den rechten Ton. Eine</Unicode>
                </TextEquiv>
            </TextLine>
            <TextLine id="r1l24" custom="readingOrder {index:23;}">
                <Coords points="17,893 103,905 196,894 223,910 286,892 322,902 322,848 252,856 212,843 153,861 136,851 16,846"/>
                <Baseline points="33,891 60,889 87,887 114,886 142,885 169,885 196,886 224,886 251,886 278,885 306,884"/>
                <TextEquiv>
                    <Unicode>Beburtstages</Unicode>
                </TextEquiv>
            </TextLine>
            <TextLine id="r1l25" custom="readingOrder {index:24;}">
                <Coords points="314,909 885,941 941,902 1413,946 1512,913 1513,873 314,873"/>
                <Baseline points="332,910 390,910 448,910 506,910 564,911 622,911 680,911 739,912 797,912 855,913 913,913 971,914 1029,915 1087,915 1146,916 1204,917 1262,917 1320,918 1378,918 1436,919 1495,919"/>
                <TextEquiv>
                    <Unicode>Julius Mäser. XVII. Jahrg. 1. Heft. Jährl. 12 Hefte.</Unicode>
                </TextEquiv>
            </TextLine>
            <TextLine id="r1l26" custom="readingOrder {index:25;}">
                <Coords points="1495,929 2607,930 2607,883 2561,873 2511,899 1495,879"/>
                <Baseline points="1512,920 1566,921 1620,921 1674,921 1728,922 1782,922 1836,922 1890,923 1944,923 1998,924 2052,924 2106,924 2160,925 2214,925 2268,925 2322,926 2376,926 2430,926 2484,926 2538,927 2592,927"/>
                <TextEquiv>
                    <Unicode>ganz treffliche, schauspielerisch tadellose Leistung war der</Unicode>
                </TextEquiv>
            </TextLine>
            <TextLine id="r1l27" custom="readingOrder {index:26;}">
                <Coords points="2590,937 2614,933 2637,942 2640,938 2647,941 2653,934 2673,933 2680,926 2706,929 2705,895 2685,896 2678,890 2661,887 2628,892 2625,896 2612,893 2605,900 2589,901"/>
                <Baseline points="2607,927 2634,925 2661,924 2689,923"/>
                <TextEquiv>
                    <Unicode>alte</Unicode>
                </TextEquiv>
            </TextLine>
            <TextLine id="r1l28" custom="readingOrder {index:27;}">
                <Coords points="27,950 80,949 93,940 117,946 133,933 160,949 196,946 213,933 273,949 313,939 313,896 27,893"/>
                <Baseline points="43,932 68,933 93,934 119,934 144,934 170,933 195,933 220,933 246,933 271,933 297,934"/>
                <TextEquiv>
                    <Unicode>ichen und viele</Unicode>
                </TextEquiv>
            </TextLine>
            <TextLine id="r1l29" custom="readingOrder {index:28;}">
                <Coords points="321,963 351,976 431,964 471,977 500,956 524,963 540,952 590,968 610,951 683,969 682,920 649,924 632,907 560,919 463,907 440,924 320,917"/>
                <Baseline points="337,956 362,954 387,954 412,953 437,951 463,950 488,950 513,949 538,949 564,948 589,948 614,949 639,949 665,951"/>
                <TextEquiv>
                    <Unicode>Jedes Heft 30 S.</Unicode>
                </TextEquiv>
            </TextLine>
            <TextLine id="r1l30" custom="readingOrder {index:29;}">
                <Coords points="1501,968 2713,974 2713,931 2587,926 1501,928"/>
                <Baseline points="1519,962 1577,962 1636,962 1695,963 1754,963 1813,964 1871,965 1930,966 1989,967 2048,968 2107,969 2165,970 2224,970 2283,971 2342,972 2401,972 2459,972 2518,972 2577,971 2636,971 2695,970"/>
                <TextEquiv>
                    <Unicode>Schirmer des Hrn. Emil Stöbe; da war aber auch nicht das</Unicode>
                </TextEquiv>
            </TextLine>
            <TextLine id="r1l31" custom="readingOrder {index:30;}">
                <Coords points="24,986 323,986 322,943 239,943 213,933 90,940 24,923"/>
                <Baseline points="40,973 66,976 93,978 119,979 146,979 172,979 199,978 225,977 252,977 278,976 305,976"/>
                <TextEquiv>
                    <Unicode>d Lehranstalten</Unicode>
                </TextEquiv>
            </TextLine>
            <TextLine id="r1l32" custom="readingOrder {index:31;}">
                <Coords points="464,1004 1503,1018 1504,955 464,968"/>
                <Baseline points="481,996 531,998 581,999 631,1000 682,1000 732,1001 782,1001 833,1001 883,1001 933,1001 984,1001 1034,1001 1084,1001 1134,1001 1185,1001 1235,1001 1285,1001 1336,1002 1386,1002 1436,1003 1487,1004"/>
                <TextEquiv>
                    <Unicode>Leipzig, 26. Jan. Kleiner Saal des Neuen Ge¬</Unicode>
                </TextEquiv>
            </TextLine>
            <TextLine id="r1l33" custom="readingOrder {index:32;}">
                <Coords points="1506,1010 2708,1026 2678,970 1506,967"/>
                <Baseline points="1521,1005 1579,1006 1638,1007 1696,1007 1755,1007 1813,1008 1872,1008 1930,1009 1989,1009 2047,1010 2106,1010 2164,1011 2223,1012 2281,1012 2340,1013 2398,1014 2457,1015 2515,1016 2574,1017 2632,1018 2691,1020"/>
                <TextEquiv>
                    <Unicode>Geringste daran auszusetzen. Der Einacter hatte — nicht zum</Unicode>
                </TextEquiv>
            </TextLine>
            <TextLine id="r1l34" custom="readingOrder {index:33;}">
                <Coords points="55,1007 115,1031 171,1028 244,1039 284,1029 327,1043 328,990 298,983 208,992 145,984 135,994 125,984 79,977 56,983"/>
                <Baseline points="72,1018 98,1017 125,1016 152,1017 178,1017 205,1018 232,1019 258,1019 285,1019 312,1018"/>
                <TextEquiv>
                    <Unicode>Varoleausgabe</Unicode>
                </TextEquiv>
            </TextLine>
            <TextLine id="r1l35" custom="readingOrder {index:34;}">
                <Coords points="322,1046 1254,1068 1500,1057 1501,1008 322,996"/>
                <Baseline points="337,1038 394,1039 451,1040 509,1041 566,1042 623,1043 681,1044 738,1045 795,1046 853,1046 910,1047 967,1047 1025,1048 1082,1048 1139,1049 1197,1049 1254,1049 1311,1049 1369,1049 1426,1049 1484,1049"/>
                <TextEquiv>
                    <Unicode>wandhauses. — Der gestrige fünfte Kammermusik=Abend</Unicode>
                </TextEquiv>
            </TextLine>
            <TextLine id="r1l36" custom="readingOrder {index:35;}">
                <Coords points="1501,1056 2710,1060 2710,1014 1502,1010"/>
                <Baseline points="1518,1048 1576,1050 1635,1051 1694,1052 1753,1052 1811,1053 1870,1053 1929,1053 1988,1054 2046,1054 2105,1054 2164,1054 2223,1054 2281,1055 2340,1055 2399,1056 2458,1057 2516,1058 2575,1059 2634,1062 2693,1064"/>
                <TextEquiv>
                    <Unicode>Geringsten wohl wegen seiner Tendenz! — einen Riesenerfolg,</Unicode>
                </TextEquiv>
            </TextLine>
            <TextLine id="r1l37" custom="readingOrder {index:36;}">
                <Coords points="105,1069 125,1065 145,1079 168,1072 195,1079 205,1072 314,1078 314,1032 281,1029 234,1039 228,1032 188,1029 178,1036 155,1026 105,1026"/>
                <Baseline points="123,1067 148,1066 173,1065 198,1065 223,1066 248,1066 273,1066 299,1065"/>
                <TextEquiv>
                    <Unicode>Kanonen¬</Unicode>
                </TextEquiv>
            </TextLine>
            <TextLine id="r1l38" custom="readingOrder {index:37;}">
                <Coords points="315,1089 1497,1100 1497,1050 315,1042"/>
                <Baseline points="333,1082 390,1083 447,1084 505,1085 562,1086 619,1087 677,1088 734,1089 791,1090 849,1091 906,1092 963,1092 1021,1093 1078,1093 1135,1093 1193,1093 1250,1093 1307,1093 1365,1093 1422,1092 1480,1091"/>
                <TextEquiv>
                    <Unicode>brachte eine Novität: das Trio für Pianoforte, Violine und</Unicode>
                </TextEquiv>
            </TextLine>
            <TextLine id="r1l39" custom="readingOrder {index:38;}">
                <Coords points="1498,1098 2647,1121 2703,1109 2704,1049 1498,1062"/>
                <Baseline points="1515,1097 1573,1096 1632,1096 1690,1096 1749,1096 1807,1097 1866,1097 1924,1098 1983,1099 2041,1100 2100,1100 2158,1101 2217,1102 2275,1103 2334,1103 2392,1103 2451,1104 2509,1104 2568,1104 2626,1103 2685,1102"/>
                <TextEquiv>
                    <Unicode>und der Dichter wurde mehrfach stürmisch gerufen. Nur einige</Unicode>
                </TextEquiv>
            </TextLine>
            <TextLine id="r1l40" custom="readingOrder {index:39;}">
                <Coords points="62,1116 96,1113 122,1126 189,1116 202,1130 228,1136 248,1116 315,1117 315,1073 242,1080 212,1070 195,1080 175,1070 146,1080 119,1066 109,1076 63,1079"/>
                <Baseline points="79,1111 106,1110 134,1109 161,1110 189,1110 216,1111 244,1111 271,1111 299,1109"/>
                <TextEquiv>
                    <Unicode>che Gesandte</Unicode>
                </TextEquiv>
            </TextLine>
            <TextLine id="r1l41" custom="readingOrder {index:40;}">
                <Coords points="317,1139 1499,1148 1499,1098 317,1089"/>
                <Baseline points="332,1124 389,1126 447,1127 504,1128 562,1129 619,1130 677,1131 734,1132 792,1133 849,1134 907,1135 964,1135 1022,1136 1079,1136 1137,1136 1194,1137 1252,1137 1309,1137 1367,1136 1424,1136 1482,1135"/>
                <TextEquiv>
                    <Unicode>Violoncell in F-moll von Walter Lampe; man freut sich stets, wenn</Unicode>
                </TextEquiv>
            </TextLine>
            <TextLine id="r1l42" custom="readingOrder {index:41;}">
                <Coords points="1502,1151 2707,1154 2704,1104 1502,1098"/>
                <Baseline points="1517,1136 1575,1137 1634,1137 1692,1138 1751,1139 1810,1140 1868,1140 1927,1141 1985,1143 2044,1143 2103,1144 2161,1145 2220,1146 2278,1146 2337,1147 2396,1147 2454,1147 2513,1147 2571,1147 2630,1147 2689,1146"/>
                <TextEquiv>
                    <Unicode>Dunkelmänner, die der Ruf „Es lebe der König“ und die weihe¬</Unicode>
                </TextEquiv>
            </TextLine>
            <TextLine id="r1l43" custom="readingOrder {index:42;}">
                <Coords points="72,1167 96,1164 119,1177 142,1159 169,1166 212,1155 265,1167 315,1163 314,1116 257,1114 221,1125 208,1115 158,1113 108,1124 95,1114 71,1118"/>
                <Baseline points="90,1158 116,1157 142,1156 168,1156 194,1156 220,1155 246,1155 272,1154 299,1153"/>
                <TextEquiv>
                    <Unicode>tgegen. Die</Unicode>
                </TextEquiv>
            </TextLine>
            <TextLine id="r1l44" custom="readingOrder {index:43;}">
                <Coords points="323,1185 1501,1187 1501,1144 1369,1136 323,1131"/>
                <Baseline points="338,1168 395,1170 452,1171 509,1172 567,1173 624,1173 681,1174 739,1174 796,1175 853,1175 911,1176 968,1176 1025,1176 1082,1177 1140,1177 1197,1177 1254,1178 1312,1178 1369,1178 1426,1179 1484,1179"/>
                <TextEquiv>
                    <Unicode>man einem neuen Werke gegenübersteht, aus dem neben bemerkens¬</Unicode>
                </TextEquiv>
            </TextLine>
            <TextLine id="r1l45" custom="readingOrder {index:44;}">
                <Coords points="1491,1193 2703,1196 2703,1153 2663,1149 1491,1150"/>
                <Baseline points="1507,1182 1566,1181 1625,1181 1684,1182 1743,1182 1802,1183 1861,1184 1920,1185 1979,1186 2038,1187 2097,1188 2156,1189 2215,1190 2274,1192 2333,1192 2392,1193 2451,1194 2510,1194 2569,1194 2628,1194 2687,1194"/>
                <TextEquiv>
                    <Unicode>vollen Klänge der Nationalhymne unter denen Härtel stirbt, zu</Unicode>
                </TextEquiv>
            </TextLine>
            <TextLine id="r1l46" custom="readingOrder {index:45;}">
                <Coords points="31,1202 90,1216 127,1196 163,1213 197,1203 217,1210 227,1200 246,1213 323,1203 323,1164 303,1160 243,1167 217,1156 114,1159 91,1169 61,1152 47,1166 31,1165"/>
                <Baseline points="49,1197 74,1197 100,1197 126,1198 151,1198 177,1199 203,1199 228,1199 254,1199 280,1198 306,1196"/>
                <TextEquiv>
                    <Unicode>Der Rath und</Unicode>
                </TextEquiv>
            </TextLine>
            <TextLine id="r1l47" custom="readingOrder {index:46;}">
                <Coords points="323,1221 1498,1239 1499,1186 323,1181"/>
                <Baseline points="341,1215 398,1216 455,1216 512,1217 569,1217 626,1218 683,1218 740,1219 797,1219 854,1220 911,1220 968,1221 1025,1221 1082,1221 1139,1222 1196,1222 1253,1222 1310,1223 1367,1223 1424,1223 1482,1223"/>
                <TextEquiv>
                    <Unicode>werthen musikalischen Naturanlagen seines Schöpfers wirklicher</Unicode>
                </TextEquiv>
            </TextLine>
            <TextLine id="r1l48" custom="readingOrder {index:47;}">
                <Coords points="1491,1244 2590,1262 2706,1247 2707,1197 1492,1191"/>
                <Baseline points="1507,1228 1566,1228 1625,1227 1684,1227 1743,1228 1802,1228 1861,1228 1920,1229 1979,1230 2038,1231 2097,1232 2156,1233 2215,1233 2274,1234 2333,1235 2392,1236 2451,1236 2510,1237 2569,1237 2628,1237 2688,1237"/>
                <TextEquiv>
                    <Unicode>geniren schien, versuchten etwas Opposition zu machen: aber es</Unicode>
                </TextEquiv>
            </TextLine>
            <TextLine id="r1l49" custom="readingOrder {index:48;}">
                <Coords points="316,1267 1498,1279 1488,1229 316,1217"/>
                <Baseline points="334,1259 391,1260 448,1261 506,1261 563,1262 621,1262 678,1263 735,1263 793,1264 850,1264 908,1264 965,1264 1022,1265 1080,1265 1137,1266 1195,1266 1252,1266 1309,1267 1367,1268 1424,1268 1482,1269"/>
                <TextEquiv>
                    <Unicode>künstlerischer Ernst spricht: und dies ist bei dem gestern gehörten</Unicode>
                </TextEquiv>
            </TextLine>
            <TextLine id="r1l50" custom="readingOrder {index:49;}">
                <Coords points="1494,1296 1754,1266 2218,1297 2281,1281 2282,1238 1495,1237"/>
                <Baseline points="1511,1274 1548,1272 1586,1271 1624,1270 1661,1269 1699,1269 1737,1270 1774,1270 1812,1271 1850,1272 1888,1273 1925,1274 1963,1275 2001,1276 2038,1276 2076,1277 2114,1277 2151,1277 2189,1276 2227,1275 2265,1273"/>
                <TextEquiv>
                    <Unicode>gelang ihnen — Gott sei Dank — nicht.</Unicode>
                </TextEquiv>
            </TextLine>
            <TextLine id="r1l51" custom="readingOrder {index:50;}">
                <Coords points="19,1291 49,1301 145,1293 162,1300 182,1290 215,1299 231,1286 285,1299 314,1292 314,1259 274,1246 155,1247 142,1260 131,1250 52,1255 19,1242"/>
                <Baseline points="37,1290 63,1288 89,1287 115,1286 141,1286 167,1286 193,1286 219,1286 245,1286 271,1286 297,1286"/>
                <TextEquiv>
                    <Unicode>pitzen der Be¬</Unicode>
                </TextEquiv>
            </TextLine>
            <TextLine id="r1l52" custom="readingOrder {index:51;}">
                <Coords points="315,1315 1507,1337 1507,1274 316,1265"/>
                <Baseline points="332,1301 389,1302 447,1303 505,1304 563,1306 621,1306 679,1307 736,1308 794,1308 852,1309 910,1309 968,1310 1026,1310 1084,1310 1141,1311 1199,1311 1257,1312 1315,1312 1373,1313 1431,1314 1489,1315"/>
                <TextEquiv>
                    <Unicode>Trio ausnehmend der Fall; sein Grundcharakter ist ernst; sind</Unicode>
                </TextEquiv>
            </TextLine>
            <TextLine id="r1l53" custom="readingOrder {index:52;}">
                <Coords points="1630,1317 2712,1336 2713,1283 1630,1274"/>
                <Baseline points="1646,1309 1698,1311 1750,1312 1803,1314 1855,1315 1908,1316 1960,1317 2013,1317 2065,1318 2118,1318 2170,1318 2222,1318 2275,1318 2327,1319 2380,1319 2432,1319 2485,1319 2537,1319 2590,1319 2642,1319 2695,1320"/>
                <TextEquiv>
                    <Unicode>Notizen. Frl. Charlotte Huhn ist glücklich wiederhergestellt</Unicode>
                </TextEquiv>
            </TextLine>
            <TextLine id="r1l54" custom="readingOrder {index:53;}">
                <Coords points="24,1328 58,1341 88,1335 124,1345 171,1335 320,1342 320,1289 230,1285 164,1302 144,1292 111,1298 91,1285 25,1292"/>
                <Baseline points="41,1330 67,1329 93,1328 119,1328 146,1328 172,1328 198,1329 225,1329 251,1329 277,1329 304,1329"/>
                <TextEquiv>
                    <Unicode>kvativen Vereins</Unicode>
                </TextEquiv>
            </TextLine>
            <TextLine id="r1l55" custom="readingOrder {index:54;}">
                <Coords points="322,1354 1447,1372 1497,1366 1498,1330 322,1311"/>
                <Baseline points="339,1348 396,1348 453,1348 510,1348 567,1349 624,1349 681,1350 738,1350 795,1351 852,1352 909,1353 966,1353 1023,1354 1080,1355 1137,1355 1194,1356 1251,1356 1308,1357 1365,1357 1422,1357 1480,1356"/>
                <TextEquiv>
                    <Unicode>es auch nicht gerade düstere Bilder, die der Künstler dem Zu¬</Unicode>
                </TextEquiv>
            </TextLine>
            <TextLine id="r1l56" custom="readingOrder {index:55;}">
                <Coords points="1505,1359 2633,1379 2703,1373 2704,1323 1505,1292"/>
                <Baseline points="1522,1349 1580,1351 1638,1352 1696,1353 1755,1353 1813,1354 1871,1355 1929,1355 1988,1356 2046,1356 2104,1357 2162,1357 2221,1357 2279,1358 2337,1358 2395,1359 2454,1359 2512,1360 2570,1361 2628,1361 2687,1362"/>
                <TextEquiv>
                    <Unicode>und wird im Dresdener Hoftheater am Mittwoch zum 1. Male</Unicode>
                </TextEquiv>
            </TextLine>
            <TextLine id="r1l57" custom="readingOrder {index:56;}">
                <Coords points="30,1388 66,1382 119,1399 146,1386 235,1394 275,1381 325,1392 326,1339 156,1337 120,1346 80,1336 70,1346 30,1335"/>
                <Baseline points="46,1371 72,1372 98,1372 124,1372 150,1372 177,1373 203,1373 229,1373 255,1374 281,1374 308,1375"/>
                <TextEquiv>
                    <Unicode>ssucht zu werden.</Unicode>
                </TextEquiv>
            </TextLine>
            <TextLine id="r1l58" custom="readingOrder {index:57;}">
                <Coords points="1504,1392 2487,1392 2566,1432 2699,1400 2700,1357 1504,1356"/>
                <Baseline points="1521,1391 1579,1391 1637,1391 1695,1391 1753,1392 1811,1393 1869,1393 1927,1395 1985,1396 2043,1397 2101,1398 2159,1399 2217,1400 2275,1401 2333,1401 2391,1401 2449,1401 2507,1401 2565,1399 2623,1398 2682,1395"/>
                <TextEquiv>
                    <Unicode>wieder den Orpheus in Gluck's „Orpheus und Eurydike“ singen. —</Unicode>
                </TextEquiv>
            </TextLine>
            <TextLine id="r1l59" custom="readingOrder {index:58;}">
                <Coords points="307,1397 1445,1417 1498,1414 1499,1364 307,1357"/>
                <Baseline points="322,1391 380,1391 438,1392 496,1392 554,1393 612,1394 670,1395 728,1395 786,1396 844,1397 902,1397 960,1398 1018,1399 1076,1399 1134,1399 1192,1400 1250,1400 1308,1400 1366,1400 1424,1399 1482,1399"/>
                <TextEquiv>
                    <Unicode>hörer vor das geistige Auge rückt, so ist doch einer leichtfertigen</Unicode>
                </TextEquiv>
            </TextLine>
            <TextLine id="r1l60" custom="readingOrder {index:59;}">
                <Coords points="1492,1431 2670,1450 2721,1407 1492,1391"/>
                <Baseline points="1507,1429 1566,1430 1626,1431 1686,1431 1746,1432 1805,1433 1865,1434 1925,1435 1985,1436 2044,1437 2104,1437 2164,1438 2224,1439 2283,1439 2343,1440 2403,1440 2463,1440 2522,1441 2582,1441 2642,1441 2702,1441"/>
                <TextEquiv>
                    <Unicode>Am 24. Januar ist Paul Lindau's „Venus von Milo“ auch</Unicode>
                </TextEquiv>
            </TextLine>
            <TextLine id="r1l61" custom="readingOrder {index:60;}">
                <Coords points="315,1441 1271,1466 1500,1452 1501,1408 316,1397"/>
                <Baseline points="333,1434 390,1435 448,1436 505,1437 563,1437 621,1438 678,1439 736,1440 793,1440 851,1441 909,1441 966,1442 1024,1442 1081,1443 1139,1443 1197,1444 1254,1444 1312,1444 1369,1444 1427,1445 1485,1445"/>
                <TextEquiv>
                    <Unicode>Lebensphilosophie in diesem Werke nirgends Raum gegeben, und</Unicode>
                </TextEquiv>
            </TextLine>
            <TextLine id="r1l62" custom="readingOrder {index:61;}">
                <Coords points="32,1471 85,1472 95,1482 135,1465 175,1479 238,1466 315,1471 315,1424 282,1430 272,1420 215,1423 192,1413 152,1429 119,1399 33,1401"/>
                <Baseline points="50,1459 77,1459 105,1459 133,1459 160,1459 188,1459 216,1459 243,1460 271,1461 299,1462"/>
                <TextEquiv>
                    <Unicode>sen Gewerbe¬</Unicode>
                </TextEquiv>
            </TextLine>
            <TextLine id="r1l63" custom="readingOrder {index:62;}">
                <Coords points="1493,1476 2715,1481 2685,1437 1493,1426"/>
                <Baseline points="1511,1467 1570,1468 1629,1469 1689,1470 1748,1471 1808,1472 1867,1473 1926,1474 1986,1474 2045,1475 2105,1476 2164,1476 2223,1477 2283,1478 2342,1478 2402,1478 2461,1478 2520,1479 2580,1478 2639,1478 2699,1478"/>
                <TextEquiv>
                    <Unicode>im Stadttheater zu Halle mit großem Erfolg zum 1. Mal in</Unicode>
                </TextEquiv>
            </TextLine>
            <TextLine id="r1l64" custom="readingOrder {index:63;}">
                <Coords points="317,1480 1495,1496 1495,1456 1379,1449 317,1440"/>
                <Baseline points="334,1478 391,1479 448,1480 505,1481 562,1481 619,1482 676,1483 734,1483 791,1484 848,1484 905,1484 962,1484 1019,1485 1076,1485 1134,1486 1191,1486 1248,1486 1305,1487 1362,1488 1419,1488 1477,1489"/>
                <TextEquiv>
                    <Unicode>es scheinen theilweise sogar harte innere Kämpfe zu sein, die zum</Unicode>
                </TextEquiv>
            </TextLine>
            <TextLine id="r1l65" custom="readingOrder {index:64;}">
                <Coords points="32,1514 75,1515 88,1528 115,1512 158,1523 191,1523 202,1513 231,1523 281,1511 311,1521 312,1471 239,1467 215,1477 119,1462 99,1479 33,1471"/>
                <Baseline points="48,1507 75,1506 103,1505 130,1504 158,1505 185,1505 213,1506 240,1507 268,1508 296,1509"/>
                <TextEquiv>
                    <Unicode>fen und ergiebt,</Unicode>
                </TextEquiv>
            </TextLine>
            <TextLine id="r1l66" custom="readingOrder {index:65;}">
                <Coords points="1493,1502 2708,1527 2685,1473 1493,1472"/>
                <Baseline points="1508,1507 1567,1508 1626,1508 1685,1509 1744,1509 1803,1510 1862,1511 1921,1512 1980,1513 2039,1514 2099,1514 2158,1515 2217,1516 2276,1516 2335,1517 2394,1517 2453,1517 2512,1517 2571,1517 2630,1517 2690,1516"/>
                <TextEquiv>
                    <Unicode>Scene gegangen. — Am 30. Januar bringt Director Rahn weiter¬</Unicode>
                </TextEquiv>
            </TextLine>
            <TextLine id="r1l67" custom="readingOrder {index:66;}">
                <Coords points="316,1527 1498,1543 1498,1500 1425,1489 316,1480"/>
                <Baseline points="331,1524 388,1525 445,1526 503,1526 560,1527 618,1528 675,1528 733,1529 790,1529 848,1530 905,1530 962,1530 1020,1531 1077,1531 1135,1532 1192,1532 1250,1532 1307,1533 1365,1534 1422,1534 1480,1535"/>
                <TextEquiv>
                    <Unicode>Austrag kommen sollten: der erste Satz (Allegro non troppo)</Unicode>
                </TextEquiv>
            </TextLine>
            <TextLine id="r1l68" custom="readingOrder {index:67;}">
                <Coords points="1493,1548 2712,1562 2712,1522 1494,1501"/>
                <Baseline points="1509,1548 1568,1548 1627,1548 1687,1549 1746,1549 1805,1550 1865,1550 1924,1551 1983,1552 2043,1553 2102,1554 2161,1554 2221,1555 2280,1556 2339,1556 2399,1557 2458,1557 2517,1557 2577,1557 2636,1556 2696,1555"/>
                <TextEquiv>
                    <Unicode>hin Max Dreyer's Drei“, am 1. Febr. das Lustspiel „Fräulein</Unicode>
                </TextEquiv>
            </TextLine>
            <TextLine id="r1l69" custom="readingOrder {index:68;}">
                <Coords points="32,1558 75,1566 135,1557 195,1566 328,1562 328,1526 282,1511 232,1523 213,1513 192,1522 133,1511 99,1523 33,1515"/>
                <Baseline points="49,1550 75,1552 101,1553 127,1554 154,1554 180,1554 206,1554 233,1554 259,1556 285,1557 312,1560"/>
                <TextEquiv>
                    <Unicode>en hin günstig</Unicode>
                </TextEquiv>
            </TextLine>
            <TextLine id="r1l70" custom="readingOrder {index:69;}">
                <Coords points="311,1567 1497,1590 1497,1540 1308,1555 1182,1520 312,1524"/>
                <Baseline points="328,1565 385,1566 443,1567 500,1568 558,1569 616,1570 673,1570 731,1571 788,1571 846,1572 904,1572 961,1573 1019,1574 1076,1574 1134,1575 1192,1575 1249,1576 1307,1577 1364,1577 1422,1578 1480,1579"/>
                <TextEquiv>
                    <Unicode>deutet dies wenigstens in deutlich erkennbarer Weise an, und auch</Unicode>
                </TextEquiv>
            </TextLine>
            <TextLine id="r1l71" custom="readingOrder {index:70;}">
                <Coords points="1495,1588 2711,1597 2664,1560 1496,1548"/>
                <Baseline points="1511,1587 1570,1587 1629,1588 1688,1589 1747,1589 1807,1590 1866,1591 1925,1591 1984,1592 2043,1592 2103,1593 2162,1593 2221,1594 2280,1594 2339,1594 2399,1595 2458,1595 2517,1595 2576,1595 2635,1595 2695,1595"/>
                <TextEquiv>
                    <Unicode>Doctor“ zur 1 Aufführung. — Im königlichen Schauspielhaus</Unicode>
                </TextEquiv>
            </TextLine>
            <TextLine id="r1l72" custom="readingOrder {index:71;}">
                <Coords points="20,1610 44,1604 73,1614 103,1598 117,1611 163,1611 176,1601 236,1612 313,1602 313,1556 286,1552 243,1569 104,1554 21,1567"/>
                <Baseline points="37,1595 63,1595 89,1594 115,1595 141,1595 167,1595 193,1596 219,1596 245,1596 271,1596 297,1595"/>
                <TextEquiv>
                    <Unicode>Elte erhöht; die</Unicode>
                </TextEquiv>
            </TextLine>
            <TextLine id="r1l73" custom="readingOrder {index:72;}">
                <Coords points="320,1619 1495,1635 1496,1585 320,1573"/>
                <Baseline points="337,1613 394,1614 451,1615 508,1615 565,1616 622,1616 679,1616 736,1616 793,1616 850,1616 908,1616 965,1616 1022,1616 1079,1617 1136,1617 1193,1618 1250,1619 1307,1620 1364,1622 1421,1624 1479,1626"/>
                <TextEquiv>
                    <Unicode>der dritte, ein prächtiges, farbensattes Andante von zumeist</Unicode>
                </TextEquiv>
            </TextLine>
            <TextLine id="r1l74" custom="readingOrder {index:73;}">
                <Coords points="1493,1637 2705,1634 2685,1594 1493,1587"/>
                <Baseline points="1510,1626 1568,1626 1627,1626 1686,1626 1745,1627 1804,1627 1863,1628 1921,1628 1980,1629 2039,1630 2098,1631 2157,1631 2216,1632 2275,1633 2333,1633 2392,1634 2451,1634 2510,1634 2569,1634 2628,1634 2687,1634"/>
                <TextEquiv>
                    <Unicode>hat das Lustspiel Die kranke Zeit“ von Richard Skowronnek</Unicode>
                </TextEquiv>
            </TextLine>
            <TextLine id="r1l75" custom="readingOrder {index:74;}">
                <Coords points="19,1657 65,1637 88,1650 112,1643 142,1653 178,1640 195,1650 228,1650 238,1640 271,1654 314,1650 314,1600 258,1600 248,1590 231,1607 205,1600 118,1610 92,1597 19,1597"/>
                <Baseline points="36,1640 62,1640 88,1640 114,1640 140,1640 166,1639 192,1639 218,1640 244,1640 270,1640 296,1641"/>
                <TextEquiv>
                    <Unicode>war, bis auf</Unicode>
                </TextEquiv>
            </TextLine>
            <TextLine id="r1l76" custom="readingOrder {index:75;}">
                <Coords points="315,1659 1497,1679 1497,1636 1245,1617 315,1616"/>
                <Baseline points="331,1656 388,1657 445,1658 503,1659 560,1659 618,1660 675,1660 733,1661 790,1661 848,1661 905,1662 962,1662 1020,1663 1077,1663 1135,1663 1192,1664 1250,1664 1307,1665 1365,1666 1422,1666 1480,1667"/>
                <TextEquiv>
                    <Unicode>dunklem Incarnat, verliert sich nie in seichte Sentimentalität,</Unicode>
                </TextEquiv>
            </TextLine>
            <TextLine id="r1l77" custom="readingOrder {index:76;}">
                <Coords points="1503,1666 2648,1689 2711,1673 2712,1629 1503,1626"/>
                <Baseline points="1518,1663 1576,1664 1635,1664 1694,1665 1753,1665 1812,1666 1871,1667 1930,1667 1989,1668 2048,1669 2107,1669 2165,1670 2224,1671 2283,1671 2342,1672 2401,1673 2460,1673 2519,1674 2578,1674 2637,1675 2696,1675"/>
                <TextEquiv>
                    <Unicode>eine freundliche Aufnahme gefunden; eigentlich literarischen Werth be¬</Unicode>
                </TextEquiv>
            </TextLine>
            <TextLine id="r1l78" custom="readingOrder {index:77;}">
                <Coords points="26,1697 82,1701 106,1688 169,1709 229,1687 245,1701 315,1695 316,1649 286,1645 272,1655 236,1641 226,1651 189,1653 176,1640 146,1656 133,1646 90,1652 67,1638 27,1651"/>
                <Baseline points="44,1683 69,1682 95,1682 120,1682 146,1683 172,1684 197,1685 223,1685 248,1686 274,1685 300,1684"/>
                <TextEquiv>
                    <Unicode>feil längere Zeit</Unicode>
                </TextEquiv>
            </TextLine>
            <TextLine id="r1l79" custom="readingOrder {index:78;}">
                <Coords points="318,1707 1496,1729 1497,1672 318,1660"/>
                <Baseline points="334,1701 391,1701 448,1701 505,1701 563,1702 620,1702 677,1703 735,1703 792,1704 849,1705 907,1705 964,1706 1021,1707 1078,1708 1136,1708 1193,1709 1250,1709 1308,1710 1365,1710 1422,1711 1480,1711"/>
                <TextEquiv>
                    <Unicode>sondern stellt von Anfang bis zu Ende ernste Betrachtungen an;</Unicode>
                </TextEquiv>
            </TextLine>
            <TextLine id="r1l80" custom="readingOrder {index:79;}">
                <Coords points="1502,1707 2584,1729 2680,1720 2681,1677 1502,1667"/>
                <Baseline points="1518,1704 1575,1704 1632,1704 1689,1704 1747,1705 1804,1705 1861,1706 1918,1706 1976,1707 2033,1708 2090,1709 2147,1710 2205,1710 2262,1711 2319,1712 2376,1713 2434,1713 2491,1714 2548,1714 2605,1714 2663,1714"/>
                <TextEquiv>
                    <Unicode>sitzt indeß auch diese jüngste Neuheit der Berliner Hofbühne nicht. —</Unicode>
                </TextEquiv>
            </TextLine>
            <TextLine id="r1l81" custom="readingOrder {index:80;}">
                <Coords points="26,1730 59,1743 92,1733 159,1743 315,1737 315,1694 255,1700 228,1687 155,1700 139,1687 26,1690"/>
                <Baseline points="43,1729 68,1729 93,1728 119,1728 144,1729 170,1729 195,1729 220,1729 246,1729 271,1729 297,1729"/>
                <TextEquiv>
                    <Unicode>n im Sommer</Unicode>
                </TextEquiv>
            </TextLine>
            <TextLine id="r1l82" custom="readingOrder {index:81;}">
                <Coords points="1494,1751 2703,1762 2703,1719 2653,1715 1495,1704"/>
                <Baseline points="1512,1744 1570,1744 1629,1744 1687,1745 1746,1745 1805,1746 1863,1746 1922,1747 1981,1747 2039,1748 2098,1749 2157,1749 2215,1750 2274,1751 2333,1751 2391,1752 2450,1752 2509,1753 2567,1753 2626,1753 2685,1754"/>
                <TextEquiv>
                    <Unicode>Frau Schmittlein vom Deutschen Theater zu Berlin hat sich für</Unicode>
                </TextEquiv>
            </TextLine>
            <TextLine id="r1l83" custom="readingOrder {index:82;}">
                <Coords points="319,1751 1365,1777 1498,1759 1499,1699 320,1707"/>
                <Baseline points="337,1742 394,1743 451,1744 508,1745 565,1746 623,1747 680,1748 737,1749 794,1750 851,1751 909,1752 966,1752 1023,1753 1080,1754 1137,1754 1195,1755 1252,1755 1309,1755 1366,1756 1423,1756 1481,1756"/>
                <TextEquiv>
                    <Unicode>das Scherzo (zweiter Satz), in dem der Componist programm¬</Unicode>
                </TextEquiv>
            </TextLine>
            <TextLine id="r1l84" custom="readingOrder {index:83;}">
                <Coords points="24,1789 120,1776 133,1789 150,1779 296,1779 326,1792 326,1736 243,1736 233,1746 190,1736 157,1743 143,1733 57,1743 24,1733"/>
                <Baseline points="39,1775 65,1773 92,1772 119,1771 146,1771 173,1772 200,1772 227,1772 254,1773 281,1772 308,1772"/>
                <TextEquiv>
                    <Unicode>Pereine von der</Unicode>
                </TextEquiv>
            </TextLine>
            <TextLine id="r1l85" custom="readingOrder {index:84;}">
                <Coords points="1502,1785 2664,1801 2664,1764 2558,1757 1502,1742"/>
                <Baseline points="1517,1783 1573,1783 1630,1783 1686,1784 1743,1784 1799,1784 1856,1785 1912,1786 1969,1786 2025,1787 2082,1788 2138,1788 2195,1789 2251,1790 2308,1790 2364,1791 2421,1791 2477,1792 2534,1793 2590,1793 2647,1794"/>
                <TextEquiv>
                    <Unicode>nächsten Winter dem Deutschen Volkstheater in Wien verpflichtet. —</Unicode>
                </TextEquiv>
            </TextLine>
            <TextLine id="r1l86" custom="readingOrder {index:85;}">
                <Coords points="306,1798 1498,1807 1498,1757 306,1759"/>
                <Baseline points="323,1790 384,1790 445,1790 506,1791 567,1792 628,1792 689,1793 750,1793 811,1794 872,1794 933,1795 994,1795 1055,1796 1116,1796 1177,1796 1238,1797 1299,1797 1360,1797 1421,1797 1482,1797"/>
                <TextEquiv>
                    <Unicode>gemäß auf seine humoristische Ader geprüft werden soll, behilft</Unicode>
                </TextEquiv>
            </TextLine>
            <TextLine id="r1l87" custom="readingOrder {index:86;}">
                <Coords points="19,1833 145,1821 178,1838 245,1820 278,1833 311,1826 311,1780 237,1774 19,1789"/>
                <Baseline points="35,1818 61,1818 87,1818 113,1817 139,1817 165,1816 191,1815 217,1815 243,1815 269,1816 296,1818"/>
                <TextEquiv>
                    <Unicode>rauch gemacht.</Unicode>
                </TextEquiv>
            </TextLine>
            <TextLine id="r1l88" custom="readingOrder {index:87;}">
                <Coords points="1498,1809 2510,1849 2703,1841 2704,1792 1498,1785"/>
                <Baseline points="1516,1822 1574,1821 1632,1822 1691,1822 1749,1822 1808,1823 1866,1824 1925,1824 1983,1825 2042,1826 2100,1827 2158,1828 2217,1829 2275,1829 2334,1830 2392,1831 2451,1831 2509,1831 2568,1831 2626,1831 2685,1831"/>
                <TextEquiv>
                    <Unicode>In Breslau feierte am 26. Januar der bekannte Alterthumsforscher</Unicode>
                </TextEquiv>
            </TextLine>
            <TextLine id="r1l89" custom="readingOrder {index:88;}">
                <Coords points="323,1845 1502,1858 1502,1805 324,1792"/>
                <Baseline points="341,1836 398,1836 455,1836 512,1836 570,1836 627,1836 684,1836 741,1837 799,1837 856,1838 913,1838 970,1839 1028,1840 1085,1840 1142,1841 1199,1842 1257,1842 1314,1843 1371,1843 1428,1844 1486,1844"/>
                <TextEquiv>
                    <Unicode>sich nicht mit landläufigen Wendungen, sondern sucht durch</Unicode>
                </TextEquiv>
            </TextLine>
            <TextLine id="r1l90" custom="readingOrder {index:89;}">
                <Coords points="24,1876 104,1875 143,1858 157,1872 193,1865 207,1878 226,1868 309,1874 309,1828 273,1834 239,1821 230,1831 163,1832 133,1819 100,1829 90,1822 24,1829"/>
                <Baseline points="41,1861 66,1861 91,1862 116,1862 141,1862 167,1862 192,1862 217,1862 242,1861 267,1860 293,1859"/>
                <TextEquiv>
                    <Unicode>itritts einzelner</Unicode>
                </TextEquiv>
            </TextLine>
            <TextLine id="r1l91" custom="readingOrder {index:90;}">
                <Coords points="1496,1864 2641,1882 2698,1839 1496,1808"/>
                <Baseline points="1513,1857 1571,1859 1629,1859 1688,1861 1746,1861 1805,1862 1863,1863 1921,1864 1980,1865 2038,1865 2097,1866 2155,1866 2213,1867 2272,1867 2330,1868 2389,1868 2447,1868 2505,1868 2564,1869 2622,1869 2681,1869"/>
                <TextEquiv>
                    <Unicode>Geheime Sanitätsrath Dr. Wilhelm Grempler seinen 70. Geburts¬</Unicode>
                </TextEquiv>
            </TextLine>
            <TextLine id="r1l92" custom="readingOrder {index:91;}">
                <Coords points="318,1891 1494,1893 1494,1857 1388,1839 319,1842"/>
                <Baseline points="334,1877 391,1877 448,1878 505,1878 562,1879 619,1879 676,1879 733,1880 790,1880 847,1881 905,1881 962,1881 1019,1882 1076,1882 1133,1883 1190,1883 1247,1884 1304,1884 1361,1884 1418,1885 1476,1885"/>
                <TextEquiv>
                    <Unicode>pikante, originelle Rhythmen und sinnreiche Klangcombinationen</Unicode>
                </TextEquiv>
            </TextLine>
            <TextLine id="r1l93" custom="readingOrder {index:92;}">
                <Coords points="1495,1903 2647,1920 2703,1918 2704,1868 1495,1864"/>
                <Baseline points="1513,1898 1571,1898 1630,1899 1689,1900 1747,1901 1806,1902 1865,1903 1923,1904 1982,1904 2041,1905 2100,1906 2158,1907 2217,1908 2276,1908 2334,1909 2393,1909 2452,1910 2510,1910 2569,1910 2628,1910 2687,1910"/>
                <TextEquiv>
                    <Unicode>tag. — Im Lübecker Stadttheater (Direction Friedrich Erdmann)</Unicode>
                </TextEquiv>
            </TextLine>
            <TextLine id="r1l94" custom="readingOrder {index:93;}">
                <Coords points="27,1906 56,1919 110,1906 173,1920 206,1910 315,1921 316,1868 289,1875 226,1867 213,1877 156,1864 27,1869"/>
                <Baseline points="44,1905 69,1906 95,1907 120,1907 146,1907 172,1907 197,1906 223,1906 248,1907 274,1908 300,1909"/>
                <TextEquiv>
                    <Unicode>der Ausstellung</Unicode>
                </TextEquiv>
            </TextLine>
            <TextLine id="r1l95" custom="readingOrder {index:94;}">
                <Coords points="318,1938 1360,1946 1496,1940 1497,1893 318,1885"/>
                <Baseline points="334,1925 391,1924 448,1923 505,1923 563,1923 620,1923 677,1923 734,1924 792,1924 849,1925 906,1925 963,1926 1021,1927 1078,1927 1135,1928 1192,1929 1250,1929 1307,1929 1364,1930 1421,1930 1479,1930"/>
                <TextEquiv>
                    <Unicode>zu fesseln; das Finale endlich (Allegro vivace) hebt überaus</Unicode>
                </TextEquiv>
            </TextLine>
            <TextLine id="r1l96" custom="readingOrder {index:95;}">
                <Coords points="1496,1960 1785,1939 2277,1962 2429,1950 2430,1910 1497,1910"/>
                <Baseline points="1514,1940 1559,1940 1604,1940 1649,1940 1694,1940 1739,1941 1784,1941 1829,1942 1874,1942 1919,1943 1964,1943 2009,1944 2054,1944 2099,1945 2144,1945 2189,1945 2234,1945 2279,1945 2324,1945 2369,1945 2414,1944"/>
                <TextEquiv>
                    <Unicode>gastiren vom 1. bis 3. Febr. die „Schlierseer“. —</Unicode>
                </TextEquiv>
            </TextLine>
            <TextLine id="r1l97" custom="readingOrder {index:96;}">
                <Coords points="2413,1952 2509,1958 2525,1948 2539,1958 2598,1958 2608,1968 2628,1958 2711,1958 2711,1905 2651,1918 2449,1912 2412,1922"/>
                <Baseline points="2428,1949 2454,1950 2481,1950 2507,1951 2534,1951 2561,1951 2587,1951 2614,1950 2640,1950 2667,1949 2694,1949"/>
                <TextEquiv>
                    <Unicode>Das Lustspiel</Unicode>
                </TextEquiv>
            </TextLine>
            <TextLine id="r1l98" custom="readingOrder {index:97;}">
                <Coords points="29,1955 145,1965 185,1955 321,1958 321,1908 165,1915 105,1905 85,1919 29,1909"/>
                <Baseline points="44,1952 69,1951 95,1950 121,1950 147,1951 173,1951 199,1951 225,1951 251,1951 277,1950 303,1949"/>
                <TextEquiv>
                    <Unicode>ren Angestellten</Unicode>
                </TextEquiv>
            </TextLine>
            <TextLine id="r1l99" custom="readingOrder {index:98;}">
                <Coords points="321,1975 1457,1988 1493,1985 1494,1936 322,1929"/>
                <Baseline points="337,1967 396,1967 456,1967 516,1967 576,1968 636,1968 696,1969 756,1969 816,1970 876,1971 936,1971 996,1972 1056,1973 1116,1973 1176,1974 1236,1974 1296,1975 1356,1975 1416,1975 1476,1975"/>
                <TextEquiv>
                    <Unicode>energisch an; sein zweites Thema, das ein freundlicheres Gesicht</Unicode>
                </TextEquiv>
            </TextLine>
            <TextLine id="r1l100" custom="readingOrder {index:99;}">
                <Coords points="1494,1987 2709,1993 2709,1963 2527,1948 1494,1954"/>
                <Baseline points="1510,1979 1569,1979 1628,1979 1687,1980 1746,1980 1805,1981 1864,1981 1923,1982 1982,1983 2041,1984 2101,1984 2160,1985 2219,1986 2278,1986 2337,1987 2396,1988 2455,1988 2514,1988 2573,1989 2632,1989 2692,1989"/>
                <TextEquiv>
                    <Unicode>„Der Thron seiner Väter“ von Fedor v. Zobeltitz hatte am</Unicode>
                </TextEquiv>
            </TextLine>
            <TextLine id="r1l101" custom="readingOrder {index:100;}">
                <Coords points="27,2008 137,2007 147,1997 187,2010 220,1999 233,2006 246,1999 256,2009 316,2005 316,1952 27,1959"/>
                <Baseline points="45,1999 70,1997 95,1996 121,1995 146,1995 172,1995 197,1995 222,1995 248,1995 273,1995 299,1993"/>
                <TextEquiv>
                    <Unicode>ößerer Mengen</Unicode>
                </TextEquiv>
            </TextLine>
            <TextLine id="r1l102" custom="readingOrder {index:101;}">
                <Coords points="319,2025 1488,2034 1488,1981 1359,1967 319,1978"/>
                <Baseline points="336,2013 392,2012 449,2011 506,2011 562,2011 619,2011 676,2011 732,2012 789,2012 846,2013 903,2014 959,2014 1016,2015 1073,2016 1129,2017 1186,2017 1243,2018 1299,2018 1356,2019 1413,2018 1470,2018"/>
                <TextEquiv>
                    <Unicode>zeigt, bringt den willkommensten Contrast, ganz besonders glücklich</Unicode>
                </TextEquiv>
            </TextLine>
            <TextLine id="r1l103" custom="readingOrder {index:102;}">
                <Coords points="1497,2025 2702,2045 2703,1991 1498,1979"/>
                <Baseline points="1515,2016 1573,2017 1632,2018 1690,2018 1749,2019 1808,2020 1866,2020 1925,2021 1983,2022 2042,2022 2101,2023 2159,2024 2218,2025 2276,2026 2335,2027 2394,2027 2452,2028 2511,2029 2569,2030 2628,2031 2687,2032"/>
                <TextEquiv>
                    <Unicode>24. Januar im Hamburger Stadttheater nur mäßigen Erfolg;</Unicode>
                </TextEquiv>
            </TextLine>
            <TextLine id="r1l104" custom="readingOrder {index:103;}">
                <Coords points="22,2042 152,2043 169,2053 218,2046 228,2056 278,2043 325,2047 325,2000 23,2002"/>
                <Baseline points="38,2039 65,2039 92,2039 119,2039 146,2039 173,2039 200,2039 227,2039 254,2040 281,2040 308,2041"/>
                <TextEquiv>
                    <Unicode>equem gestaltet.</Unicode>
                </TextEquiv>
            </TextLine>
            <TextLine id="r1l105" custom="readingOrder {index:104;}">
                <Coords points="318,2062 1497,2069 1497,2033 1421,2028 319,2009"/>
                <Baseline points="334,2053 391,2053 448,2053 506,2053 563,2053 620,2054 678,2055 735,2055 792,2056 850,2057 907,2058 964,2059 1022,2060 1079,2061 1136,2062 1194,2062 1251,2063 1308,2063 1366,2063 1423,2063 1481,2062"/>
                <TextEquiv>
                    <Unicode>ist das melodische Material in diesem Satze gegen einander ge¬</Unicode>
                </TextEquiv>
            </TextLine>
            <TextLine id="r1l106" custom="readingOrder {index:105;}">
                <Coords points="1490,2066 2712,2080 2712,2037 2384,2020 1491,2033"/>
                <Baseline points="1506,2055 1565,2056 1624,2057 1684,2058 1743,2059 1803,2060 1862,2061 1922,2062 1981,2062 2041,2063 2100,2064 2159,2065 2219,2065 2278,2066 2338,2066 2397,2067 2457,2067 2516,2068 2576,2068 2635,2068 2695,2069"/>
                <TextEquiv>
                    <Unicode>um so mehr gefiel daselbst am gleichen Abend Lindau's „Venus</Unicode>
                </TextEquiv>
            </TextLine>
            <TextLine id="r1l107" custom="readingOrder {index:106;}">
                <Coords points="28,2089 324,2091 324,2041 258,2044 244,2057 218,2044 171,2053 158,2043 29,2045"/>
                <Baseline points="46,2082 72,2081 98,2081 124,2081 150,2082 176,2082 202,2083 228,2083 254,2083 280,2083 306,2082"/>
                <TextEquiv>
                    <Unicode>teressenten, die</Unicode>
                </TextEquiv>
            </TextLine>
            <TextLine id="r1l108" custom="readingOrder {index:107;}">
                <Coords points="1503,2104 1546,2111 1599,2091 1619,2107 1682,2107 1699,2097 1745,2107 1755,2097 1769,2104 1825,2090 1825,2067 1772,2067 1755,2050 1692,2067 1639,2057 1503,2061"/>
                <Baseline points="1519,2096 1545,2096 1571,2096 1597,2096 1624,2096 1650,2096 1676,2095 1702,2095 1729,2095 1755,2095 1781,2096 1808,2096"/>
                <TextEquiv>
                    <Unicode>von Milo“. —</Unicode>
                </TextEquiv>
            </TextLine>
            <TextLine id="r1l109" custom="readingOrder {index:108;}">
                <Coords points="1805,2100 2698,2111 2698,2075 2526,2063 1805,2061"/>
                <Baseline points="1822,2097 1867,2098 1912,2099 1957,2100 2002,2101 2048,2101 2093,2102 2138,2102 2183,2103 2228,2103 2274,2103 2319,2103 2364,2104 2409,2104 2454,2104 2500,2104 2545,2105 2590,2105 2635,2105 2681,2106"/>
                <TextEquiv>
                    <Unicode>An den Geburtshäusern des Rechtslehrers R.</Unicode>
                </TextEquiv>
            </TextLine>
            <TextLine id="r1l110" custom="readingOrder {index:109;}">
                <Coords points="311,2105 1500,2119 1500,2066 312,2062"/>
                <Baseline points="328,2097 385,2097 443,2098 501,2098 558,2098 616,2099 674,2100 731,2101 789,2102 847,2103 905,2104 962,2105 1020,2105 1078,2106 1135,2107 1193,2107 1251,2108 1308,2108 1366,2108 1424,2107 1482,2107"/>
                <TextEquiv>
                    <Unicode>arbeitet, sodaß man von dem ganzen Werke bis zum Schluß</Unicode>
                </TextEquiv>
            </TextLine>
            <TextLine id="r1l111" custom="readingOrder {index:110;}">
                <Coords points="44,2145 71,2145 88,2132 177,2132 217,2152 237,2132 264,2142 320,2135 320,2089 211,2095 187,2085 157,2095 118,2088 45,2095"/>
                <Baseline points="61,2127 88,2125 115,2125 142,2125 169,2125 196,2126 223,2126 250,2126 277,2126 305,2124"/>
                <TextEquiv>
                    <Unicode>g über Bezugs¬</Unicode>
                </TextEquiv>
            </TextLine>
            <TextLine id="r1l112" custom="readingOrder {index:111;}">
                <Coords points="1500,2142 2665,2162 2709,2116 1500,2095"/>
                <Baseline points="1517,2137 1575,2137 1634,2137 1693,2137 1752,2137 1810,2138 1869,2138 1928,2139 1987,2139 2045,2140 2104,2141 2163,2142 2222,2142 2280,2143 2339,2144 2398,2145 2457,2146 2515,2147 2574,2147 2633,2148 2692,2149"/>
                <TextEquiv>
                    <Unicode>v. Ihering und des Historikers Wiarda läßt die Stadtvertretung</Unicode>
                </TextEquiv>
            </TextLine>
            <TextLine id="r1l113" custom="readingOrder {index:112;}">
                <Coords points="316,2154 1495,2161 1495,2115 317,2104"/>
                <Baseline points="333,2143 390,2143 447,2144 504,2144 562,2144 619,2145 676,2145 734,2145 791,2146 848,2146 906,2146 963,2147 1020,2147 1077,2148 1135,2148 1192,2149 1249,2150 1307,2151 1364,2152 1421,2153 1479,2154"/>
                <TextEquiv>
                    <Unicode>einen gewinnenden, sympathischen Eindruck behält, und nie das</Unicode>
                </TextEquiv>
            </TextLine>
            <TextLine id="r1l114" custom="readingOrder {index:113;}">
                <Coords points="55,2175 82,2172 102,2188 115,2175 162,2182 212,2166 235,2179 291,2183 324,2176 325,2133 271,2143 238,2133 218,2143 172,2129 56,2125"/>
                <Baseline points="73,2172 99,2172 125,2172 151,2172 177,2172 203,2173 229,2173 255,2173 281,2173 307,2172"/>
                <TextEquiv>
                    <Unicode>holen. Der¬</Unicode>
                </TextEquiv>
            </TextLine>
            <TextLine id="r1l115" custom="readingOrder {index:114;}">
                <Coords points="1491,2184 2700,2190 2660,2146 1492,2137"/>
                <Baseline points="1507,2173 1565,2174 1624,2175 1683,2176 1742,2176 1801,2177 1859,2178 1918,2178 1977,2179 2036,2179 2095,2180 2153,2180 2212,2181 2271,2182 2330,2182 2389,2183 2447,2183 2506,2184 2565,2185 2624,2186 2683,2186"/>
                <TextEquiv>
                    <Unicode>von Aurich nächstens Gedenktafeln anbringen. — Für den 30. Jan.</Unicode>
                </TextEquiv>
            </TextLine>
            <TextLine id="r1l116" custom="readingOrder {index:115;}">
                <Coords points="320,2188 1488,2210 1489,2160 320,2145"/>
                <Baseline points="335,2184 391,2185 448,2185 505,2186 562,2187 619,2187 676,2188 733,2189 790,2189 847,2190 904,2190 960,2191 1017,2191 1074,2192 1131,2192 1188,2193 1245,2193 1302,2194 1359,2195 1416,2196 1473,2196"/>
                <TextEquiv>
                    <Unicode>Gefühl aufkommt, daß der Componist, wie leider heutzutage der</Unicode>
                </TextEquiv>
            </TextLine>
            <TextLine id="r1l117" custom="readingOrder {index:116;}">
                <Coords points="26,2222 52,2232 72,2222 185,2230 198,2220 245,2228 315,2222 315,2179 232,2178 206,2164 156,2183 27,2155"/>
                <Baseline points="41,2214 66,2213 92,2213 118,2214 143,2214 169,2214 195,2215 220,2215 246,2216 272,2216 298,2215"/>
                <TextEquiv>
                    <Unicode>huf schriftlichem</Unicode>
                </TextEquiv>
            </TextLine>
            <TextLine id="r1l118" custom="readingOrder {index:117;}">
                <Coords points="1498,2216 2707,2232 2681,2188 1499,2180"/>
                <Baseline points="1514,2211 1572,2212 1631,2214 1690,2215 1749,2216 1808,2217 1867,2218 1925,2219 1984,2219 2043,2220 2102,2221 2161,2221 2220,2222 2279,2222 2337,2223 2396,2223 2455,2223 2514,2223 2573,2223 2632,2223 2691,2223"/>
                <TextEquiv>
                    <Unicode>ist es dem Director Georg Kurtscholz gelungen, den berühmten</Unicode>
                </TextEquiv>
            </TextLine>
            <TextLine id="r1l119" custom="readingOrder {index:118;}">
                <Coords points="316,2241 1495,2246 1495,2203 1306,2194 317,2201"/>
                <Baseline points="332,2230 389,2230 446,2230 503,2230 561,2230 618,2231 675,2232 733,2232 790,2233 847,2233 905,2234 962,2235 1019,2236 1076,2236 1134,2237 1191,2238 1248,2238 1306,2239 1363,2239 1420,2239 1478,2239"/>
                <TextEquiv>
                    <Unicode>größte Theil seiner Collegen, zuletzt sein Pulver verschossen habe.</Unicode>
                </TextEquiv>
            </TextLine>
            <TextLine id="r1l120" custom="readingOrder {index:119;}">
                <Coords points="46,2273 82,2277 99,2264 133,2265 155,2279 183,2256 199,2273 242,2274 255,2265 315,2273 316,2223 230,2228 197,2220 183,2230 167,2219 104,2211 47,2216"/>
                <Baseline points="64,2256 90,2257 116,2258 142,2258 168,2258 195,2259 221,2260 247,2261 273,2261 300,2263"/>
                <TextEquiv>
                    <Unicode>weiter Ferne,</Unicode>
                </TextEquiv>
            </TextLine>
            <TextLine id="r1l121" custom="readingOrder {index:120;}">
                <Coords points="1491,2257 2703,2280 2703,2227 1492,2211"/>
                <Baseline points="1509,2251 1567,2252 1626,2253 1685,2255 1744,2256 1803,2257 1861,2258 1920,2258 1979,2259 2038,2260 2097,2261 2155,2261 2214,2262 2273,2262 2332,2263 2391,2264 2449,2264 2508,2265 2567,2266 2626,2267 2685,2268"/>
                <TextEquiv>
                    <Unicode>Vortragsmeister Professor Alexander Strakosch zu einem ein¬</Unicode>
                </TextEquiv>
            </TextLine>
            <TextLine id="r1l122" custom="readingOrder {index:121;}">
                <Coords points="316,2281 1485,2291 1465,2244 317,2238"/>
                <Baseline points="333,2276 389,2276 446,2275 503,2275 560,2275 617,2275 673,2276 730,2276 787,2277 844,2278 901,2279 957,2280 1014,2281 1071,2282 1128,2283 1185,2283 1241,2284 1298,2285 1355,2285 1412,2285 1469,2286"/>
                <TextEquiv>
                    <Unicode>Die Form ist in den einzelnen Sätzen bei größter Knappheit</Unicode>
                </TextEquiv>
            </TextLine>
            <TextLine id="r1l123" custom="readingOrder {index:122;}">
                <Coords points="1501,2296 2440,2323 2646,2303 2647,2266 1501,2253"/>
                <Baseline points="1519,2290 1574,2291 1630,2292 1685,2293 1741,2294 1796,2295 1852,2296 1907,2297 1963,2298 2018,2299 2074,2300 2129,2301 2185,2302 2240,2303 2296,2303 2351,2304 2407,2304 2462,2304 2518,2305 2573,2305 2629,2304"/>
                <TextEquiv>
                    <Unicode>maligen Gastspiel im Geraer Hoftheater zu gewinnen. —</Unicode>
                </TextEquiv>
            </TextLine>
            <TextLine id="r1l124" custom="readingOrder {index:123;}">
                <Coords points="20,2311 63,2315 87,2302 140,2326 176,2307 326,2316 327,2262 180,2257 170,2267 21,2268"/>
                <Baseline points="38,2302 65,2302 92,2302 119,2302 146,2302 173,2302 200,2302 227,2303 254,2304 281,2305 308,2307"/>
                <TextEquiv>
                    <Unicode>, die den be¬</Unicode>
                </TextEquiv>
            </TextLine>
            <TextLine id="r1l125" custom="readingOrder {index:124;}">
                <Coords points="309,2327 1500,2346 1501,2286 309,2281"/>
                <Baseline points="327,2318 384,2318 442,2319 500,2319 558,2320 616,2321 673,2321 731,2322 789,2322 847,2323 905,2324 962,2325 1020,2325 1078,2326 1136,2326 1194,2327 1251,2327 1309,2328 1367,2328 1425,2328 1483,2328"/>
                <TextEquiv>
                    <Unicode>tadellos gewahrt, und da der ganze musikalische Ausdruck nie</Unicode>
                </TextEquiv>
            </TextLine>
            <TextLine id="r1l126" custom="readingOrder {index:125;}">
                <Coords points="1496,2335 2711,2359 2712,2306 1497,2292"/>
                <Baseline points="1512,2329 1571,2331 1630,2332 1689,2333 1748,2334 1807,2335 1866,2336 1926,2337 1985,2338 2044,2338 2103,2339 2162,2339 2221,2340 2280,2340 2340,2341 2399,2342 2458,2342 2517,2343 2576,2343 2635,2344 2695,2344"/>
                <TextEquiv>
                    <Unicode>Das neue Westfälische Museum wird in Münster am Domplatz</Unicode>
                </TextEquiv>
            </TextLine>
            <TextLine id="r1l127" custom="readingOrder {index:126;}">
                <Coords points="22,2358 108,2359 165,2347 188,2367 238,2351 317,2362 318,2306 205,2314 175,2307 162,2320 139,2306 95,2302 22,2308"/>
                <Baseline points="38,2345 64,2346 90,2347 116,2347 142,2348 169,2348 195,2349 221,2349 247,2349 273,2349 300,2349"/>
                <TextEquiv>
                    <Unicode>#urden. Infolge</Unicode>
                </TextEquiv>
            </TextLine>
            <TextLine id="r1l128" custom="readingOrder {index:127;}">
                <Coords points="319,2370 1498,2382 1498,2332 1419,2328 320,2331"/>
                <Baseline points="337,2365 394,2364 451,2364 508,2363 566,2364 623,2364 680,2365 737,2365 795,2366 852,2367 909,2368 966,2369 1024,2370 1081,2371 1138,2371 1195,2372 1253,2372 1310,2372 1367,2372 1424,2372 1482,2371"/>
                <TextEquiv>
                    <Unicode>einen ungesunden Beigeschmack hat, sondern durchaus einem</Unicode>
                </TextEquiv>
            </TextLine>
            <TextLine id="r1l129" custom="readingOrder {index:128;}">
                <Coords points="1502,2376 2680,2397 2711,2340 1502,2336"/>
                <Baseline points="1517,2371 1575,2371 1634,2372 1693,2372 1752,2372 1811,2373 1870,2373 1929,2374 1988,2374 2047,2375 2106,2376 2164,2377 2223,2377 2282,2378 2341,2379 2400,2380 2459,2381 2518,2382 2577,2383 2636,2384 2695,2385"/>
                <TextEquiv>
                    <Unicode>aufgeführt werden. — Die Stadtverordneten von Münster bewilligten</Unicode>
                </TextEquiv>
            </TextLine>
            <TextLine id="r1l130" custom="readingOrder {index:129;}">
                <Coords points="38,2407 71,2407 84,2397 317,2405 317,2359 274,2349 38,2354"/>
                <Baseline points="54,2390 81,2392 108,2393 136,2393 163,2393 190,2393 218,2392 245,2392 272,2393 300,2394"/>
                <TextEquiv>
                    <Unicode>ziemlich gleich¬</Unicode>
                </TextEquiv>
            </TextLine>
            <TextLine id="r1l131" custom="readingOrder {index:130;}">
                <Coords points="325,2415 1497,2429 1494,2379 325,2371"/>
                <Baseline points="341,2406 397,2406 454,2406 511,2407 568,2407 625,2408 682,2409 739,2409 796,2410 853,2411 910,2412 966,2413 1023,2414 1080,2415 1137,2415 1194,2416 1251,2417 1308,2417 1365,2417 1422,2418 1479,2418"/>
                <TextEquiv>
                    <Unicode>vornehm männlichen Charakter entspricht, so versteht man, daß</Unicode>
                </TextEquiv>
            </TextLine>
            <TextLine id="r1l132" custom="readingOrder {index:131;}">
                <Coords points="1501,2415 2713,2420 2713,2383 2610,2372 1501,2372"/>
                <Baseline points="1517,2408 1575,2410 1634,2411 1693,2412 1752,2413 1811,2413 1870,2414 1929,2415 1988,2415 2047,2416 2106,2416 2164,2416 2223,2417 2282,2417 2341,2418 2400,2418 2459,2419 2518,2419 2577,2420 2636,2421 2695,2422"/>
                <TextEquiv>
                    <Unicode>5000  zur Vervollständigung der Decorationen und Requisiten des</Unicode>
                </TextEquiv>
            </TextLine>
            <TextLine id="r1l133" custom="readingOrder {index:132;}">
                <Coords points="46,2437 99,2441 125,2454 145,2438 281,2449 328,2436 328,2396 46,2394"/>
                <Baseline points="61,2435 88,2434 116,2434 144,2434 171,2434 199,2434 227,2435 254,2435 282,2435 310,2436"/>
                <TextEquiv>
                    <Unicode>angenommene</Unicode>
                </TextEquiv>
            </TextLine>
            <TextLine id="r1l134" custom="readingOrder {index:133;}">
                <Coords points="1497,2455 2705,2473 2706,2420 1497,2415"/>
                <Baseline points="1513,2450 1571,2450 1630,2450 1689,2451 1748,2451 1807,2451 1865,2452 1924,2452 1983,2453 2042,2453 2101,2454 2159,2455 2218,2455 2277,2456 2336,2457 2395,2457 2453,2458 2512,2459 2571,2459 2630,2460 2689,2460"/>
                <TextEquiv>
                    <Unicode>dortigen Lortzingtheaters. — In der Nähe von Habinghorst</Unicode>
                </TextEquiv>
            </TextLine>
            <TextLine id="r1l135" custom="readingOrder {index:134;}">
                <Coords points="325,2458 1491,2475 1491,2425 1418,2418 326,2411"/>
                <Baseline points="341,2452 397,2451 454,2451 511,2451 567,2451 624,2452 681,2452 737,2453 794,2454 851,2455 908,2456 964,2457 1021,2457 1078,2459 1134,2459 1191,2460 1248,2461 1304,2461 1361,2462 1418,2462 1475,2462"/>
                <TextEquiv>
                    <Unicode>die Novität auch beim Publicum eine überaus warme Auf¬</Unicode>
                </TextEquiv>
            </TextLine>
            <TextLine id="r1l136" custom="readingOrder {index:135;}">
                <Coords points="31,2497 104,2485 121,2469 144,2486 197,2483 217,2497 234,2487 323,2489 324,2442 241,2441 224,2451 205,2440 118,2436 108,2445 59,2438 32,2448"/>
                <Baseline points="49,2476 74,2477 100,2477 126,2478 151,2478 177,2478 203,2479 228,2479 254,2479 280,2480 306,2481"/>
                <TextEquiv>
                    <Unicode>und Ausgaben</Unicode>
                </TextEquiv>
            </TextLine>
            <TextLine id="r1l137" custom="readingOrder {index:136;}">
                <Coords points="1492,2497 2664,2511 2698,2451 1492,2451"/>
                <Baseline points="1509,2489 1567,2489 1626,2489 1684,2490 1743,2490 1802,2491 1860,2491 1919,2492 1977,2493 2036,2494 2095,2494 2153,2495 2212,2496 2270,2496 2329,2497 2388,2498 2446,2499 2505,2499 2563,2500 2622,2501 2681,2501"/>
                <TextEquiv>
                    <Unicode>im Amt Castrop ist eine altgermanische Grab= und Opferstätte</Unicode>
                </TextEquiv>
            </TextLine>
            <TextLine id="r1l138" custom="readingOrder {index:137;}">
                <Coords points="320,2503 1448,2520 1489,2467 320,2456"/>
                <Baseline points="337,2497 393,2497 450,2497 507,2497 563,2497 620,2497 677,2498 733,2498 790,2499 847,2499 904,2500 960,2501 1017,2501 1074,2502 1130,2503 1187,2503 1244,2504 1300,2504 1357,2505 1414,2505 1471,2506"/>
                <TextEquiv>
                    <Unicode>nahme erfuhr. Ihre gestrige Wiedergabe war eine ganz vor¬</Unicode>
                </TextEquiv>
            </TextLine>
            <TextLine id="r1l139" custom="readingOrder {index:138;}">
                <Coords points="30,2527 97,2535 134,2519 160,2540 203,2530 293,2538 316,2532 317,2489 210,2494 201,2484 137,2483 121,2469 108,2482 31,2481"/>
                <Baseline points="48,2520 73,2521 98,2521 123,2522 148,2523 174,2523 199,2524 224,2524 249,2524 274,2524 300,2524"/>
                <TextEquiv>
                    <Unicode>hdie Gesammt¬</Unicode>
                </TextEquiv>
            </TextLine>
            <TextLine id="r1l140" custom="readingOrder {index:139;}">
                <Coords points="1494,2537 2609,2557 2699,2545 2700,2495 1494,2497"/>
                <Baseline points="1510,2525 1568,2527 1627,2529 1685,2530 1744,2531 1803,2531 1861,2532 1920,2533 1978,2533 2037,2534 2096,2534 2154,2534 2213,2535 2271,2535 2330,2535 2389,2536 2447,2536 2506,2537 2564,2537 2623,2538 2682,2539"/>
                <TextEquiv>
                    <Unicode>ermittelt worden; es wurden verschiedene, theils wohlerhaltene Urnen</Unicode>
                </TextEquiv>
            </TextLine>
            <TextLine id="r1l141" custom="readingOrder {index:140;}">
                <Coords points="320,2553 1365,2572 1488,2560 1489,2510 320,2503"/>
                <Baseline points="336,2543 392,2543 449,2542 506,2541 563,2541 620,2541 677,2541 733,2542 790,2542 847,2543 904,2543 961,2544 1018,2545 1075,2546 1131,2546 1188,2547 1245,2548 1302,2549 1359,2550 1416,2550 1473,2551"/>
                <TextEquiv>
                    <Unicode>zügliche; für den Clavierpart war Hr. Carl Friedberg aus</Unicode>
                </TextEquiv>
            </TextLine>
            <TextLine id="r1l142" custom="readingOrder {index:141;}">
                <Coords points="24,2584 77,2571 147,2579 184,2566 226,2583 316,2581 317,2531 240,2530 181,2543 124,2522 98,2535 51,2527 25,2534"/>
                <Baseline points="42,2564 67,2565 93,2566 119,2566 145,2567 171,2568 196,2568 222,2568 248,2568 274,2568 300,2567"/>
                <TextEquiv>
                    <Unicode>elaufen, wohin¬</Unicode>
                </TextEquiv>
            </TextLine>
            <TextLine id="r1l143" custom="readingOrder {index:142;}">
                <Coords points="1498,2572 2703,2578 2703,2531 1498,2529"/>
                <Baseline points="1514,2565 1572,2567 1631,2568 1689,2569 1748,2570 1807,2571 1865,2572 1924,2573 1983,2573 2041,2574 2100,2574 2159,2575 2217,2575 2276,2576 2335,2576 2393,2576 2452,2577 2511,2577 2569,2578 2628,2578 2687,2579"/>
                <TextEquiv>
                    <Unicode>und Schmucksachen zu Tage gefördert. — In Düsseldorf starb am</Unicode>
                </TextEquiv>
            </TextLine>
            <TextLine id="r1l144" custom="readingOrder {index:143;}">
                <Coords points="315,2593 1500,2607 1500,2550 315,2533"/>
                <Baseline points="333,2586 390,2585 447,2585 505,2585 562,2585 620,2586 677,2586 735,2586 792,2587 850,2587 907,2588 964,2588 1022,2589 1079,2590 1137,2590 1194,2591 1252,2592 1309,2593 1367,2594 1424,2594 1482,2595"/>
                <TextEquiv>
                    <Unicode>Frankfurt a. M. gewonnen worden, in dem man einen</Unicode>
                </TextEquiv>
            </TextLine>
            <TextLine id="r1l145" custom="readingOrder {index:144;}">
                <Coords points="24,2622 90,2634 117,2615 153,2616 179,2633 200,2617 216,2625 233,2612 302,2628 326,2625 327,2592 261,2573 25,2572"/>
                <Baseline points="40,2608 66,2608 93,2609 120,2609 147,2610 174,2610 200,2611 227,2613 254,2614 281,2615 308,2617"/>
                <TextEquiv>
                    <Unicode>inschließlich der</Unicode>
                </TextEquiv>
            </TextLine>
            <TextLine id="r1l146" custom="readingOrder {index:145;}">
                <Coords points="1502,2608 2630,2632 2690,2623 2691,2580 1502,2571"/>
                <Baseline points="1517,2607 1574,2607 1632,2608 1690,2608 1748,2609 1806,2610 1864,2611 1922,2611 1980,2612 2038,2613 2096,2614 2153,2614 2211,2615 2269,2616 2327,2616 2385,2616 2443,2617 2501,2617 2559,2617 2617,2616 2675,2616"/>
                <TextEquiv>
                    <Unicode>22. Januar der Marinemaler Albert Halle (geb. 31. Oct. 1844 zu</Unicode>
                </TextEquiv>
            </TextLine>
            <TextLine id="r1l147" custom="readingOrder {index:146;}">
                <Coords points="305,2639 1490,2652 1490,2599 1384,2587 305,2586"/>
                <Baseline points="322,2625 379,2626 437,2627 494,2628 552,2629 610,2629 667,2630 725,2630 782,2631 840,2631 898,2631 955,2632 1013,2632 1070,2633 1128,2633 1186,2634 1243,2635 1301,2636 1358,2637 1416,2638 1474,2639"/>
                <TextEquiv>
                    <Unicode>Pianisten von tadellosem technischen Können und warmen,</Unicode>
                </TextEquiv>
            </TextLine>
            <TextLine id="r1l148" custom="readingOrder {index:147;}">
                <Coords points="1497,2651 1696,2660 1763,2644 1882,2666 1932,2653 1933,2617 1498,2611"/>
                <Baseline points="1514,2643 1539,2645 1564,2646 1589,2647 1614,2648 1639,2648 1664,2649 1689,2649 1714,2649 1739,2649 1764,2649 1789,2649 1814,2649 1839,2649 1864,2650 1889,2651 1915,2652"/>
                <TextEquiv>
                    <Unicode>Schönberg bei Görlitz).</Unicode>
                </TextEquiv>
            </TextLine>
            <TextLine id="r1l149" custom="readingOrder {index:148;}">
                <Coords points="1975,2656 2699,2664 2679,2620 1975,2620"/>
                <Baseline points="1992,2650 2026,2652 2061,2652 2095,2653 2130,2654 2164,2655 2199,2655 2233,2655 2268,2656 2302,2656 2337,2656 2372,2656 2406,2657 2441,2657 2475,2657 2510,2657 2544,2657 2579,2658 2613,2658 2648,2659 2683,2659"/>
                <TextEquiv>
                    <Unicode>Ein Anzahl der jüngeren Bildhauer</Unicode>
                </TextEquiv>
            </TextLine>
            <TextLine id="r1l150" custom="readingOrder {index:149;}">
                <Coords points="70,2641 335,2686 1497,2694 1492,2624 71,2618"/>
                <Baseline points="88,2649 157,2654 227,2658 296,2662 366,2666 436,2668 505,2670 575,2672 645,2673 714,2674 784,2674 854,2675 923,2675 993,2675 1063,2676 1132,2676 1202,2677 1272,2679 1341,2680 1411,2682 1481,2685"/>
                <TextEquiv>
                    <Unicode>Bei diesem geistig belebten musikalischen Vortrag kennen lernte; neben ihm</Unicode>
                </TextEquiv>
            </TextLine>
            <TextLine id="r1l151" custom="readingOrder {index:150;}">
                <Coords points="1496,2688 2691,2698 2691,2661 2492,2650 1496,2652"/>
                <Baseline points="1513,2685 1571,2686 1629,2687 1687,2688 1745,2689 1803,2690 1861,2690 1919,2692 1977,2692 2035,2693 2093,2694 2151,2694 2209,2695 2267,2695 2325,2695 2383,2695 2441,2695 2499,2695 2557,2694 2615,2694 2673,2693"/>
                <TextEquiv>
                    <Unicode>von München hat sich zu einer Veceinigung „Pallas“ zu¬</Unicode>
                </TextEquiv>
            </TextLine>
            <TextLine id="r1l152" custom="readingOrder {index:151;}">
                <Coords points="30,2706 57,2706 70,2720 110,2707 173,2714 183,2704 209,2711 233,2702 299,2712 319,2709 320,2663 226,2672 193,2658 110,2661 81,2634 31,2643"/>
                <Baseline points="46,2695 71,2696 97,2697 122,2697 148,2697 174,2697 199,2697 225,2697 250,2698 276,2698 302,2699"/>
                <TextEquiv>
                    <Unicode>ücksichtigen, daß</Unicode>
                </TextEquiv>
            </TextLine>
            <TextLine id="r1l153" custom="readingOrder {index:152;}">
                <Coords points="323,2724 1501,2746 1502,2696 323,2677"/>
                <Baseline points="338,2711 395,2712 452,2713 510,2714 567,2715 624,2716 682,2717 739,2717 796,2718 854,2719 911,2720 968,2720 1026,2721 1083,2722 1140,2722 1198,2723 1255,2724 1312,2724 1370,2725 1427,2726 1485,2727"/>
                <TextEquiv>
                    <Unicode>wirkten die Herren Hilf (Violine) und Klengel (Violoncell)</Unicode>
                </TextEquiv>
            </TextLine>
            <TextLine id="r1l154" custom="readingOrder {index:153;}">
                <Coords points="1494,2732 2662,2742 2709,2729 2709,2676 1494,2689"/>
                <Baseline points="1510,2724 1569,2724 1628,2725 1687,2725 1746,2726 1805,2727 1864,2728 1923,2728 1982,2729 2041,2730 2100,2731 2159,2731 2218,2732 2277,2732 2336,2733 2395,2733 2454,2733 2513,2733 2572,2733 2631,2732 2691,2732"/>
                <TextEquiv>
                    <Unicode>sammengethan. — Am 2. Februar geht im Münchener Hoftheater</Unicode>
                </TextEquiv>
            </TextLine>
            <TextLine id="r1l155" custom="readingOrder {index:154;}">
                <Coords points="84,2756 121,2756 127,2749 234,2759 287,2749 300,2756 313,2743 330,2743 330,2709 287,2713 280,2706 181,2703 171,2696 128,2713 84,2713"/>
                <Baseline points="100,2741 126,2742 153,2742 180,2742 207,2741 233,2741 260,2741 287,2742 314,2743"/>
                <TextEquiv>
                    <Unicode>nämlich im</Unicode>
                </TextEquiv>
            </TextLine>
            <TextLine id="r1l156" custom="readingOrder {index:155;}">
                <Coords points="381,2767 1433,2787 1490,2777 1491,2734 382,2721"/>
                <Baseline points="398,2759 451,2759 505,2759 559,2759 613,2760 666,2760 720,2761 774,2762 828,2763 881,2763 935,2764 989,2765 1043,2766 1096,2767 1150,2767 1204,2768 1258,2769 1311,2769 1365,2769 1419,2770 1473,2769"/>
                <TextEquiv>
                    <Unicode>zwei Meister allerersten Ranges, über deren künstlerische</Unicode>
                </TextEquiv>
            </TextLine>
            <TextLine id="r1l157" custom="readingOrder {index:156;}">
                <Coords points="1489,2771 2651,2790 2704,2774 2705,2727 1489,2728"/>
                <Baseline points="1506,2763 1565,2764 1624,2765 1683,2765 1742,2766 1801,2766 1860,2767 1919,2768 1978,2768 2037,2769 2096,2769 2155,2770 2214,2770 2273,2771 2332,2772 2391,2772 2450,2773 2509,2774 2568,2774 2627,2775 2687,2776"/>
                <TextEquiv>
                    <Unicode>zum 1. Male Adam's „Nürnberger Puppe“ und neueinstudirt</Unicode>
                </TextEquiv>
            </TextLine>
            <TextLine id="r1l158" custom="readingOrder {index:157;}">
                <Coords points="45,2793 105,2794 115,2804 132,2794 208,2799 245,2786 284,2800 324,2794 325,2751 259,2750 235,2759 222,2749 129,2748 119,2758 89,2734 46,2730"/>
                <Baseline points="62,2781 89,2784 116,2785 144,2786 171,2786 199,2786 226,2786 254,2786 281,2786 309,2788"/>
                <TextEquiv>
                    <Unicode>bezeichnen ist.</Unicode>
                </TextEquiv>
            </TextLine>
            <TextLine id="r1l159" custom="readingOrder {index:158;}">
                <Coords points="317,2816 2677,2820 317,2760"/>
                <Baseline points="334,2799 450,2802 566,2804 682,2806 799,2807 915,2808 1031,2809 1147,2809 1264,2809 1380,2809 1496,2808 1612,2808 1729,2808 1845,2807 1961,2807 2077,2808 2194,2808 2310,2809 2426,2811 2542,2813 2659,2815"/>
                <TextEquiv>
                    <Unicode>Qualitäten sich bei dieser Gelegenheit auf's Neue eingehend zu des Peter Cornelius „Barbier von Bagdad“ in Scene. —</Unicode>
                </TextEquiv>
            </TextLine>
            <TextLine id="r1l160" custom="readingOrder {index:159;}">
                <Coords points="28,2845 104,2843 114,2833 184,2847 247,2837 300,2851 323,2844 324,2794 284,2801 247,2787 164,2797 28,2786"/>
                <Baseline points="46,2830 72,2831 98,2831 124,2831 150,2831 176,2831 202,2831 228,2831 254,2832 280,2832 306,2833"/>
                <TextEquiv>
                    <Unicode>auf mancherlei</Unicode>
                </TextEquiv>
            </TextLine>
            <TextLine id="r1l161" custom="readingOrder {index:160;}">
                <Coords points="323,2855 2703,2861 2318,2798 323,2805"/>
                <Baseline points="338,2841 455,2846 572,2850 690,2852 807,2853 924,2854 1042,2854 1159,2854 1276,2853 1394,2851 1511,2850 1628,2849 1746,2848 1863,2847 1980,2846 2098,2846 2215,2847 2332,2848 2450,2850 2567,2854 2685,2858"/>
                <TextEquiv>
                    <Unicode>verbreiten überflüssig wäre. — Um die interessante Novität herum In Höritz im Böhmerwald soll diesen Sommer ein dem Cochem'schen</Unicode>
                </TextEquiv>
            </TextLine>
            <TextLine id="r1l162" custom="readingOrder {index:161;}">
                <Coords points="25,2890 198,2884 231,2899 258,2883 318,2888 319,2838 233,2836 206,2845 113,2832 93,2842 27,2837"/>
                <Baseline points="42,2873 67,2874 93,2875 119,2875 145,2876 171,2877 197,2877 223,2878 249,2879 275,2879 301,2880"/>
                <TextEquiv>
                    <Unicode>rung der Nutz¬</Unicode>
                </TextEquiv>
            </TextLine>
            <TextLine id="r1l163" custom="readingOrder {index:162;}">
                <Coords points="1481,2896 2653,2905 2696,2899 2697,2856 1482,2842"/>
                <Baseline points="1499,2875 1558,2876 1617,2878 1676,2880 1735,2881 1794,2882 1853,2883 1912,2884 1971,2885 2030,2886 2090,2886 2149,2887 2208,2888 2267,2888 2326,2889 2385,2889 2444,2890 2503,2890 2562,2891 2621,2892 2681,2893"/>
                <TextEquiv>
                    <Unicode>Volksbuche „Christi Leben, Leiden und Sterben“ entnommenes neues</Unicode>
                </TextEquiv>
            </TextLine>
            <TextLine id="r1l164" custom="readingOrder {index:163;}">
                <Coords points="319,2903 1942,2939 2176,2891 320,2854"/>
                <Baseline points="337,2894 428,2892 519,2891 610,2891 701,2891 792,2892 883,2893 974,2895 1065,2897 1156,2900 1247,2903 1338,2905 1429,2908 1520,2911 1611,2915 1702,2918 1793,2920 1884,2923 1975,2925 2066,2927 2157,2929"/>
                <TextEquiv>
                    <Unicode>gruppirten sich gestern Abend Beethoven's liebenswürdiges, hei= Osterspiel zur Aufführung kommen.</Unicode>
                </TextEquiv>
            </TextLine>
            <TextLine id="r1l165" custom="readingOrder {index:164;}">
                <Coords points="2153,2924 2246,2941 2306,2925 2332,2942 2369,2926 2435,2940 2565,2927 2581,2944 2691,2945 2691,2898 2316,2882 2153,2898"/>
                <Baseline points="2171,2928 2196,2927 2221,2927 2246,2927 2271,2927 2297,2927 2322,2927 2347,2928 2372,2928 2397,2928 2423,2929 2448,2929 2473,2930 2498,2930 2523,2930 2549,2930 2574,2930 2599,2930 2624,2930 2649,2929 2675,2929"/>
                <TextEquiv>
                    <Unicode>— In der Wiener Hof¬</Unicode>
                </TextEquiv>
            </TextLine>
            <TextLine id="r1l166" custom="readingOrder {index:165;}">
                <Coords points="28,2936 1495,2965 1496,2915 29,2883"/>
                <Baseline points="46,2916 117,2920 189,2924 260,2927 332,2930 404,2933 475,2934 547,2936 618,2938 690,2939 762,2940 833,2941 905,2941 976,2942 1048,2943 1120,2943 1191,2943 1263,2944 1334,2944 1406,2945 1478,2946"/>
                <TextEquiv>
                    <Unicode>men nur eine teres A-dur=Quartett (op. 18 Nr. 5) und Schubert's nach¬</Unicode>
                </TextEquiv>
            </TextLine>
            <TextLine id="r1l167" custom="readingOrder {index:166;}">
                <Coords points="1496,2966 2705,2977 2682,2927 1497,2922"/>
                <Baseline points="1513,2960 1571,2960 1630,2960 1689,2960 1748,2960 1807,2961 1865,2961 1924,2962 1983,2963 2042,2964 2101,2965 2159,2966 2218,2966 2277,2967 2336,2968 2395,2968 2453,2968 2512,2969 2571,2968 2630,2968 2689,2967"/>
                <TextEquiv>
                    <Unicode>oper geht nächstens das „Heimchen am Heerde“ von Karl Gold¬</Unicode>
                </TextEquiv>
            </TextLine>
            <TextLine id="r1l168" custom="readingOrder {index:167;}">
                <Coords points="320,2995 1502,3004 1483,2948 321,2942"/>
                <Baseline points="337,2984 394,2983 451,2982 509,2981 566,2981 624,2981 681,2982 739,2982 796,2983 854,2984 911,2985 968,2986 1026,2987 1083,2988 1141,2989 1198,2990 1256,2991 1313,2991 1371,2991 1428,2991 1486,2991"/>
                <TextEquiv>
                    <Unicode>gelassenes Quartett in G-dur (op. 161), ein Werk von fast un¬</Unicode>
                </TextEquiv>
            </TextLine>
            <TextLine id="r1l169" custom="readingOrder {index:168;}">
                <Coords points="9,3005 59,3016 86,3003 149,3017 205,3011 242,3024 315,3009 315,2956 259,2955 236,2968 153,2957 136,2970 113,2960 83,2973 53,2952 43,2959 10,2949"/>
                <Baseline points="27,3001 54,3002 81,3002 108,3003 135,3004 162,3006 189,3006 216,3006 243,3006 270,3004 297,3001"/>
                <TextEquiv>
                    <Unicode>der Kellner Her¬</Unicode>
                </TextEquiv>
            </TextLine>
            <TextLine id="r1l170" custom="readingOrder {index:169;}">
                <Coords points="1495,3001 2704,3013 2668,2973 1496,2964"/>
                <Baseline points="1513,2997 1571,2997 1630,2997 1689,2998 1747,2998 1806,2999 1865,3000 1923,3001 1982,3002 2041,3003 2100,3004 2158,3005 2217,3006 2276,3007 2334,3008 2393,3008 2452,3009 2510,3009 2569,3009 2628,3009 2687,3008"/>
                <TextEquiv>
                    <Unicode>mark (Text von Willner) zum ersten Mal in Scene. — Wie aus</Unicode>
                </TextEquiv>
            </TextLine>
            <TextLine id="r1l171" custom="readingOrder {index:170;}">
                <Coords points="322,3029 1497,3048 1497,2998 1438,2994 322,2983"/>
                <Baseline points="337,3023 394,3023 451,3023 508,3024 565,3025 622,3026 679,3026 736,3027 793,3029 850,3030 908,3031 965,3032 1022,3033 1079,3034 1136,3035 1193,3035 1250,3035 1307,3035 1364,3035 1421,3035 1479,3034"/>
                <TextEquiv>
                    <Unicode>vergleichlicher geistiger Tiefe und großartiger musikalischer Ersin¬</Unicode>
                </TextEquiv>
            </TextLine>
            <TextLine id="r1l172" custom="readingOrder {index:171;}">
                <Coords points="1487,3046 2676,3058 2700,3008 1488,3003"/>
                <Baseline points="1505,3036 1563,3037 1622,3038 1681,3039 1740,3040 1799,3040 1857,3041 1916,3042 1975,3043 2034,3044 2093,3044 2151,3045 2210,3046 2269,3046 2328,3047 2387,3047 2445,3047 2504,3047 2563,3047 2622,3047 2681,3046"/>
                <TextEquiv>
                    <Unicode>Mailand gemeldet wird, schreibt Verdi fleißig an seiner neuen</Unicode>
                </TextEquiv>
            </TextLine>
            <TextLine id="r1l173" custom="readingOrder {index:172;}">
                <Coords points="30,3048 122,3053 135,3067 159,3054 219,3058 239,3042 262,3055 315,3059 316,3006 273,3002 236,3018 196,3004 30,3005"/>
                <Baseline points="46,3043 71,3044 96,3045 122,3046 147,3047 173,3048 198,3048 223,3048 249,3048 274,3047 300,3045"/>
                <TextEquiv>
                    <Unicode>mittelgroß, mit</Unicode>
                </TextEquiv>
            </TextLine>
            <TextLine id="r1l174" custom="readingOrder {index:173;}">
                <Coords points="320,3075 1495,3092 1495,3039 320,3028"/>
                <Baseline points="337,3068 394,3068 451,3068 508,3068 565,3069 622,3069 679,3070 736,3071 793,3071 850,3072 908,3073 965,3074 1022,3075 1079,3075 1136,3076 1193,3077 1250,3078 1307,3078 1364,3078 1421,3079 1479,3079"/>
                <TextEquiv>
                    <Unicode>dung. Die Herren Hilf, Becker, Unkenstein und Klengel vollbrachten</Unicode>
                </TextEquiv>
            </TextLine>
            <TextLine id="r1l175" custom="readingOrder {index:174;}">
                <Coords points="1493,3083 2373,3091 2373,3051 1494,3043"/>
                <Baseline points="1509,3076 1551,3076 1593,3076 1636,3076 1678,3076 1720,3076 1763,3077 1805,3078 1847,3078 1890,3079 1932,3080 1974,3081 2017,3082 2059,3083 2101,3084 2144,3085 2186,3086 2228,3086 2271,3087 2313,3087 2356,3087"/>
                <TextEquiv>
                    <Unicode>Oper „Der Sturm“ (Text nach Shakespeare).</Unicode>
                </TextEquiv>
            </TextLine>
            <TextLine id="r1l176" custom="readingOrder {index:175;}">
                <Coords points="21,3094 111,3087 128,3097 144,3083 211,3096 227,3086 237,3096 323,3088 323,3055 263,3055 243,3042 220,3056 97,3057 21,3041"/>
                <Baseline points="38,3084 64,3084 91,3084 118,3084 145,3084 172,3084 199,3084 226,3083 253,3083 280,3082 307,3081"/>
                <TextEquiv>
                    <Unicode>leidet, nach Ent¬</Unicode>
                </TextEquiv>
            </TextLine>
            <TextLine id="r1l177" custom="readingOrder {index:176;}">
                <Coords points="2403,3082 2419,3082 2439,3099 2485,3096 2495,3086 2512,3097 2598,3091 2618,3101 2688,3092 2688,3052 2668,3048 2589,3054 2556,3044 2463,3060 2443,3046 2403,3056"/>
                <Baseline points="2419,3086 2444,3087 2469,3088 2495,3089 2520,3090 2546,3090 2571,3091 2596,3090 2622,3090 2647,3089 2673,3088"/>
                <TextEquiv>
                    <Unicode>Die Geschichte</Unicode>
                </TextEquiv>
            </TextLine>
            <TextLine id="r1l178" custom="readingOrder {index:177;}">
                <Coords points="327,3115 1469,3138 1503,3081 327,3075"/>
                <Baseline points="343,3113 400,3113 457,3113 514,3113 571,3114 628,3114 685,3115 742,3116 799,3117 856,3117 913,3118 970,3119 1027,3120 1084,3121 1141,3122 1198,3122 1255,3123 1312,3123 1369,3123 1426,3123 1484,3122"/>
                <TextEquiv>
                    <Unicode>mit der Interpretation dieser Schöpfungen wiederum künstlerische</Unicode>
                </TextEquiv>
            </TextLine>
            <TextLine id="r1l179" custom="readingOrder {index:178;}">
                <Coords points="11,3141 28,3141 41,3127 134,3140 234,3126 257,3136 314,3136 313,3086 154,3090 11,3078"/>
                <Baseline points="27,3122 53,3123 80,3123 107,3122 134,3122 161,3122 188,3121 215,3121 242,3121 269,3122 296,3122"/>
                <TextEquiv>
                    <Unicode>rcassenbuchs mit</Unicode>
                </TextEquiv>
            </TextLine>
            <TextLine id="r1l180" custom="readingOrder {index:179;}">
                <Coords points="1506,3121 2695,3133 2692,3083 1507,3081"/>
                <Baseline points="1522,3115 1579,3115 1637,3116 1695,3116 1753,3117 1811,3118 1869,3118 1926,3119 1984,3120 2042,3121 2100,3122 2158,3122 2216,3123 2274,3124 2331,3125 2389,3126 2447,3127 2505,3127 2563,3128 2621,3128 2679,3129"/>
                <TextEquiv>
                    <Unicode>des unglücklichen Infanten Don Carlos dürfte eine neue wesent¬</Unicode>
                </TextEquiv>
            </TextLine>
            <TextLine id="r1l181" custom="readingOrder {index:180;}">
                <Coords points="1490,3159 2695,3180 2659,3129 1490,3119"/>
                <Baseline points="1507,3154 1565,3154 1624,3155 1682,3156 1741,3156 1799,3157 1858,3158 1916,3159 1975,3160 2033,3160 2092,3161 2150,3162 2209,3163 2267,3164 2326,3164 2384,3165 2443,3165 2501,3166 2560,3166 2618,3166 2677,3166"/>
                <TextEquiv>
                    <Unicode>liche Vervollständigung erfahren. Der Domherr Douais aus</Unicode>
                </TextEquiv>
            </TextLine>
            <TextLine id="r1l182" custom="readingOrder {index:181;}">
                <Coords points="12,3171 218,3174 241,3164 314,3174 314,3131 12,3124"/>
                <Baseline points="30,3158 56,3161 83,3162 110,3163 136,3163 163,3163 190,3162 216,3162 243,3161 270,3161 297,3162"/>
                <TextEquiv>
                    <Unicode>üchtig geworden.</Unicode>
                </TextEquiv>
            </TextLine>
            <TextLine id="r1l183" custom="readingOrder {index:182;}">
                <Coords points="323,3161 1358,3180 1491,3171 1492,3128 323,3115"/>
                <Baseline points="339,3158 395,3157 452,3156 509,3156 566,3156 623,3157 679,3157 736,3158 793,3159 850,3160 907,3161 963,3162 1020,3163 1077,3164 1134,3165 1191,3165 1247,3166 1304,3166 1361,3166 1418,3166 1475,3166"/>
                <TextEquiv>
                    <Unicode>Thaten von höchster Bedeutung, wie sie wirklich nur Auserlesene</Unicode>
                </TextEquiv>
            </TextLine>
            <TextLine id="r1l184" custom="readingOrder {index:183;}">
                <Coords points="1492,3197 2691,3213 2691,3167 2589,3156 1493,3157"/>
                <Baseline points="1510,3195 1568,3195 1626,3196 1684,3196 1743,3197 1801,3197 1859,3197 1917,3198 1976,3199 2034,3199 2092,3200 2150,3201 2209,3201 2267,3202 2325,3203 2383,3203 2442,3204 2500,3205 2558,3206 2616,3207 2675,3207"/>
                <TextEquiv>
                    <Unicode>Toulouse hat im Schloß Fourquevane 41 Briefe gefunden, die</Unicode>
                </TextEquiv>
            </TextLine>
            <TextLine id="r1l185" custom="readingOrder {index:184;}">
                <Coords points="16,3201 46,3214 89,3201 169,3201 196,3212 222,3205 235,3218 322,3209 322,3166 219,3172 159,3155 126,3175 17,3171"/>
                <Baseline points="34,3199 61,3200 88,3200 115,3200 142,3200 169,3200 196,3200 223,3200 250,3201 277,3201 304,3201"/>
                <TextEquiv>
                    <Unicode>sell aus L.=Neu¬</Unicode>
                </TextEquiv>
            </TextLine>
            <TextLine id="r1l186" custom="readingOrder {index:185;}">
                <Coords points="310,3204 1489,3224 1489,3174 311,3158"/>
                <Baseline points="328,3201 385,3201 442,3201 499,3201 556,3202 614,3202 671,3203 728,3203 785,3204 842,3204 900,3205 957,3205 1014,3206 1071,3207 1128,3208 1186,3209 1243,3209 1300,3210 1357,3211 1414,3212 1472,3213"/>
                <TextEquiv>
                    <Unicode>hinzustellen im Stande sind; man fühlte es deutlich heraus, daß</Unicode>
                </TextEquiv>
            </TextLine>
            <TextLine id="r1l187" custom="readingOrder {index:186;}">
                <Coords points="24,3247 193,3250 230,3240 296,3247 323,3241 323,3207 233,3217 220,3204 190,3214 167,3197 137,3211 97,3201 61,3214 24,3210"/>
                <Baseline points="39,3238 65,3239 92,3239 118,3240 145,3240 172,3239 198,3239 225,3239 251,3239 278,3239 305,3240"/>
                <TextEquiv>
                    <Unicode>achschlüssels aus</Unicode>
                </TextEquiv>
            </TextLine>
            <TextLine id="r1l188" custom="readingOrder {index:187;}">
                <Coords points="1491,3237 2693,3243 2587,3192 1492,3201"/>
                <Baseline points="1509,3230 1567,3232 1625,3233 1683,3234 1742,3235 1800,3236 1858,3237 1917,3238 1975,3238 2033,3239 2092,3239 2150,3240 2208,3240 2266,3241 2325,3242 2383,3242 2441,3243 2500,3244 2558,3246 2616,3247 2675,3249"/>
                <TextEquiv>
                    <Unicode>Elisabeth von Valois, die zweite Frau Philipp's II. von Spanien,</Unicode>
                </TextEquiv>
            </TextLine>
            <TextLine id="r1l189" custom="readingOrder {index:188;}">
                <Coords points="316,3248 1491,3269 1492,3219 316,3205"/>
                <Baseline points="331,3244 388,3244 445,3244 502,3245 559,3245 617,3246 674,3247 731,3248 788,3248 845,3249 903,3250 960,3251 1017,3251 1074,3252 1131,3253 1189,3254 1246,3254 1303,3255 1360,3255 1417,3256 1475,3256"/>
                <TextEquiv>
                    <Unicode>sich die Herren auf das Vollkommenste in den geistigen Inhalt</Unicode>
                </TextEquiv>
            </TextLine>
            <TextLine id="r1l190" custom="readingOrder {index:189;}">
                <Coords points="1500,3276 2699,3274 2659,3237 1501,3233"/>
                <Baseline points="1518,3269 1576,3270 1634,3271 1692,3273 1751,3273 1809,3275 1867,3275 1925,3276 1984,3277 2042,3278 2100,3279 2158,3280 2217,3280 2275,3281 2333,3281 2391,3282 2450,3282 2508,3282 2566,3283 2624,3283 2683,3283"/>
                <TextEquiv>
                    <Unicode>an Hrn. de Fourquevane gerichtet hat, der von 1565 bis 1568</Unicode>
                </TextEquiv>
            </TextLine>
            <TextLine id="r1l191" custom="readingOrder {index:190;}">
                <Coords points="25,3283 304,3287 323,3284 323,3241 25,3244"/>
                <Baseline points="40,3277 66,3278 93,3278 120,3278 146,3278 173,3277 200,3277 226,3277 253,3277 280,3278 307,3280"/>
                <TextEquiv>
                    <Unicode>Werkführer aus</Unicode>
                </TextEquiv>
            </TextLine>
            <TextLine id="r1l192" custom="readingOrder {index:191;}">
                <Coords points="314,3288 1496,3314 1497,3267 1351,3252 315,3248"/>
                <Baseline points="331,3285 388,3286 445,3286 503,3287 560,3288 617,3289 675,3290 732,3291 789,3292 847,3293 904,3294 961,3294 1019,3295 1076,3296 1133,3297 1191,3297 1248,3298 1305,3298 1363,3299 1420,3299 1478,3299"/>
                <TextEquiv>
                    <Unicode>der Werke vertieft hatten, und es war bewunderungswürdig, wie</Unicode>
                </TextEquiv>
            </TextLine>
            <TextLine id="r1l193" custom="readingOrder {index:192;}">
                <Coords points="24,3320 74,3328 217,3322 230,3332 246,3323 316,3327 316,3287 297,3283 230,3279 210,3289 181,3269 150,3288 24,3277"/>
                <Baseline points="42,3315 67,3315 93,3315 118,3315 144,3315 170,3315 195,3315 221,3315 246,3316 272,3317 298,3319"/>
                <TextEquiv>
                    <Unicode>nes Kunstmöbel¬</Unicode>
                </TextEquiv>
            </TextLine>
            <TextLine id="r1l194" custom="readingOrder {index:193;}">
                <Coords points="1497,3318 2686,3339 2686,3286 2570,3278 1498,3275"/>
                <Baseline points="1513,3311 1570,3311 1628,3311 1686,3311 1744,3312 1802,3313 1860,3313 1918,3314 1976,3315 2034,3316 2092,3317 2149,3318 2207,3319 2265,3319 2323,3320 2381,3321 2439,3321 2497,3322 2555,3322 2613,3322 2671,3322"/>
                <TextEquiv>
                    <Unicode>französischer Botschafter in Madrid gewesen ist Diese Briefe be¬</Unicode>
                </TextEquiv>
            </TextLine>
            <TextLine id="r1l195" custom="readingOrder {index:194;}">
                <Coords points="313,3344 1478,3364 1499,3301 313,3287"/>
                <Baseline points="330,3331 387,3331 445,3331 502,3332 560,3332 617,3332 675,3333 732,3333 790,3334 847,3334 905,3335 963,3336 1020,3337 1078,3338 1135,3338 1193,3339 1250,3340 1308,3341 1365,3342 1423,3343 1481,3344"/>
                <TextEquiv>
                    <Unicode>Hr. Concertmeister Hilf seine Collegen zu begeistertem Schwunge</Unicode>
                </TextEquiv>
            </TextLine>
            <TextLine id="r1l196" custom="readingOrder {index:195;}">
                <Coords points="21,3363 323,3369 323,3319 234,3332 217,3322 21,3320"/>
                <Baseline points="36,3353 63,3355 90,3356 117,3356 144,3356 172,3356 199,3355 226,3355 253,3356 280,3357 308,3358"/>
                <TextEquiv>
                    <Unicode>Waarendiebstahle;</Unicode>
                </TextEquiv>
            </TextLine>
            <TextLine id="r1l197" custom="readingOrder {index:196;}">
                <Coords points="1497,3355 2549,3384 2692,3362 2693,3319 1498,3312"/>
                <Baseline points="1513,3350 1571,3350 1629,3350 1687,3351 1745,3351 1803,3352 1861,3353 1919,3353 1977,3354 2035,3355 2094,3356 2152,3356 2210,3357 2268,3358 2326,3359 2384,3360 2442,3360 2500,3361 2558,3361 2616,3362 2675,3362"/>
                <TextEquiv>
                    <Unicode>weisen daß Elisabeth im Gegensatz zu den meisten Königinnen</Unicode>
                </TextEquiv>
            </TextLine>
            <TextLine id="r1l198" custom="readingOrder {index:197;}">
                <Coords points="326,3388 432,3378 499,3394 515,3380 605,3390 638,3377 638,3347 565,3334 475,3344 412,3331 402,3341 366,3335 326,3345"/>
                <Baseline points="342,3373 367,3373 392,3373 418,3373 443,3373 469,3373 494,3373 520,3372 545,3372 571,3372 596,3372 622,3372"/>
                <TextEquiv>
                    <Unicode>mit sich fortriß.</Unicode>
                </TextEquiv>
            </TextLine>
            <TextLine id="r1l199" custom="readingOrder {index:198;}">
                <Coords points="1165,3387 1202,3404 1238,3384 1265,3397 1308,3384 1328,3398 1351,3388 1464,3395 1464,3362 1401,3348 1302,3354 1282,3344 1199,3344 1165,3354"/>
                <Baseline points="1182,3386 1208,3385 1235,3385 1262,3385 1288,3385 1315,3387 1342,3387 1368,3387 1395,3387 1422,3386 1449,3385"/>
                <TextEquiv>
                    <Unicode>F. R. Pfau.</Unicode>
                </TextEquiv>
            </TextLine>
            <TextLine id="r1l200" custom="readingOrder {index:199;}">
                <Coords points="21,3404 57,3398 70,3408 87,3399 110,3412 124,3399 233,3411 329,3403 330,3360 294,3350 257,3369 22,3354"/>
                <Baseline points="37,3390 62,3392 87,3392 112,3393 137,3393 162,3394 187,3394 212,3394 237,3395 262,3395 287,3396 312,3397"/>
                <TextEquiv>
                    <Unicode>rischen Bahnhofe</Unicode>
                </TextEquiv>
            </TextLine>
            <TextLine id="r1l201" custom="readingOrder {index:200;}">
                <Coords points="1447,3381 2692,3416 2692,3362 1447,3351"/>
                <Baseline points="1464,3387 1524,3388 1585,3389 1645,3390 1706,3390 1766,3391 1827,3392 1887,3393 1948,3393 2008,3394 2069,3395 2130,3396 2190,3397 2251,3397 2311,3398 2372,3399 2432,3399 2493,3400 2553,3400 2614,3401 2675,3401"/>
                <TextEquiv>
                    <Unicode>von Spanien eine große Rolle in der Politik gespielt hat. Unter</Unicode>
                </TextEquiv>
            </TextLine>
            <TextLine id="r1l202" custom="readingOrder {index:201;}">
                <Coords points="410,3423 2604,3455 2691,3399 410,3380"/>
                <Baseline points="427,3417 539,3419 651,3421 764,3422 876,3424 989,3425 1101,3426 1213,3427 1326,3428 1438,3429 1551,3430 1663,3430 1775,3431 1888,3432 2000,3433 2113,3433 2225,3434 2337,3435 2450,3436 2562,3437 2675,3438"/>
                <TextEquiv>
                    <Unicode>W—f. Leipzig, 27. Jan. Den ebenso unerquicklichen, den Briefen ist einer, der drei Tage nach der Gefangennahme</Unicode>
                </TextEquiv>
            </TextLine>
            <TextLine id="r1l203" custom="readingOrder {index:202;}">
                <Coords points="32,3440 71,3433 118,3444 154,3434 231,3448 244,3438 324,3439 324,3395 284,3389 258,3408 98,3407 85,3397 72,3407 32,3397"/>
                <Baseline points="47,3432 72,3431 98,3430 124,3430 150,3430 176,3430 202,3431 228,3431 254,3432 280,3432 306,3433"/>
                <TextEquiv>
                    <Unicode>fahren war und</Unicode>
                </TextEquiv>
            </TextLine>
            <TextLine id="r1l204" custom="readingOrder {index:203;}">
                <Coords points="323,3467 1432,3486 1495,3476 1496,3417 324,3404"/>
                <Baseline points="341,3459 397,3460 454,3461 511,3462 568,3463 625,3463 681,3464 738,3465 795,3465 852,3466 909,3467 965,3467 1022,3468 1079,3468 1136,3469 1193,3469 1249,3470 1306,3471 1363,3471 1420,3472 1477,3472"/>
                <TextEquiv>
                    <Unicode>wie durch und durch ungesunden Symbolismus, diese merkwür¬</Unicode>
                </TextEquiv>
            </TextLine>
            <TextLine id="r1l205" custom="readingOrder {index:204;}">
                <Coords points="25,3473 69,3474 85,3484 122,3471 148,3485 201,3476 228,3483 241,3473 321,3481 322,3434 302,3431 26,3440"/>
                <Baseline points="41,3468 67,3468 93,3469 119,3469 145,3470 172,3470 198,3471 224,3471 250,3471 276,3471 303,3471"/>
                <TextEquiv>
                    <Unicode>knützt hatte, um</Unicode>
                </TextEquiv>
            </TextLine>
            <TextLine id="r1l206" custom="readingOrder {index:205;}">
                <Coords points="1495,3470 2660,3494 2701,3435 1495,3430"/>
                <Baseline points="1512,3467 1570,3467 1629,3467 1687,3467 1746,3468 1805,3468 1863,3469 1922,3469 1981,3470 2039,3470 2098,3471 2157,3472 2215,3472 2274,3473 2333,3473 2391,3474 2450,3475 2509,3475 2567,3476 2626,3476 2685,3477"/>
                <TextEquiv>
                    <Unicode>des Infanten geschrieben wurde, und die nichts weniger als</Unicode>
                </TextEquiv>
            </TextLine>
            <TextLine id="r1l207" custom="readingOrder {index:206;}">
                <Coords points="20,3503 50,3516 146,3514 159,3527 169,3517 325,3522 326,3479 276,3485 229,3465 216,3478 153,3487 127,3464 20,3466"/>
                <Baseline points="38,3508 65,3507 92,3507 119,3507 146,3507 174,3508 201,3508 228,3508 255,3509 282,3509 310,3509"/>
                <TextEquiv>
                    <Unicode>Wagen zu stehlen</Unicode>
                </TextEquiv>
            </TextLine>
            <TextLine id="r1l208" custom="readingOrder {index:207;}">
                <Coords points="1499,3504 2515,3531 2625,3502 2586,3462 1500,3471"/>
                <Baseline points="1516,3506 1570,3505 1625,3505 1679,3505 1734,3505 1789,3505 1843,3506 1898,3506 1952,3507 2007,3508 2062,3509 2116,3510 2171,3511 2225,3511 2280,3512 2335,3513 2389,3513 2444,3513 2498,3513 2553,3513 2608,3512"/>
                <TextEquiv>
                    <Unicode>freundlichen Gesinnungen der Königin für ihn enthält.</Unicode>
                </TextEquiv>
            </TextLine>
            <TextLine id="r1l209" custom="readingOrder {index:208;}">
                <Coords points="317,3510 1502,3536 1503,3469 317,3466"/>
                <Baseline points="332,3506 389,3506 447,3506 504,3507 562,3507 620,3508 677,3509 735,3509 792,3510 850,3511 908,3512 965,3513 1023,3514 1080,3514 1138,3515 1196,3516 1253,3516 1311,3516 1368,3516 1426,3516 1484,3515"/>
                <TextEquiv>
                    <Unicode>digste Ausgeburt der Modernen, deren ursprüngliche Heimath</Unicode>
                </TextEquiv>
            </TextLine>
            <TextLine id="r1l210" custom="readingOrder {index:209;}">
                <Coords points="1486,3552 2661,3565 2692,3492 1486,3506"/>
                <Baseline points="1504,3543 1562,3543 1620,3543 1679,3543 1737,3543 1796,3544 1854,3544 1913,3545 1971,3546 2030,3546 2088,3547 2146,3548 2205,3549 2263,3549 2322,3550 2380,3551 2439,3552 2497,3552 2556,3553 2614,3553 2673,3554"/>
                <TextEquiv>
                    <Unicode>Am 25. Januar ist der Präsident der Londoner Akademie, Frederik</Unicode>
                </TextEquiv>
            </TextLine>
            <TextLine id="r1l211" custom="readingOrder {index:210;}">
                <Coords points="21,3556 57,3564 154,3552 184,3566 220,3553 320,3561 321,3511 158,3525 102,3501 88,3511 78,3501 22,3503"/>
                <Baseline points="38,3545 64,3545 90,3546 117,3547 143,3548 170,3549 196,3549 222,3549 249,3549 275,3549 302,3547"/>
                <TextEquiv>
                    <Unicode>Schicksal der Ver¬</Unicode>
                </TextEquiv>
            </TextLine>
            <TextLine id="r1l212" custom="readingOrder {index:211;}">
                <Coords points="324,3558 1486,3566 1486,3520 324,3508"/>
                <Baseline points="339,3550 395,3550 452,3551 508,3551 565,3552 621,3553 678,3553 734,3554 791,3555 847,3555 904,3556 961,3556 1017,3557 1074,3557 1130,3557 1187,3558 1243,3558 1300,3557 1356,3557 1413,3556 1470,3556"/>
                <TextEquiv>
                    <Unicode>Frankeich ist, hatte die „Litterarische Gesellschaft“ in</Unicode>
                </TextEquiv>
            </TextLine>
            <TextLine id="r1l213" custom="readingOrder {index:212;}">
                <Coords points="1489,3595 2684,3603 2684,3570 2519,3551 1489,3545"/>
                <Baseline points="1504,3580 1562,3581 1620,3581 1678,3582 1736,3583 1794,3583 1852,3584 1910,3585 1968,3585 2026,3586 2085,3586 2143,3587 2201,3588 2259,3589 2317,3590 2375,3591 2433,3591 2491,3592 2549,3593 2607,3594 2666,3595"/>
                <TextEquiv>
                    <Unicode>[Leighton (geb. 3. Dec. 1830) gestorben. — Rußland zählt nach</Unicode>
                </TextEquiv>
            </TextLine>
            <TextLine id="r1l214" custom="readingOrder {index:213;}">
                <Coords points="18,3597 94,3591 144,3602 187,3590 200,3603 217,3594 320,3599 321,3553 184,3563 155,3549 134,3559 18,3563"/>
                <Baseline points="34,3586 60,3586 87,3587 114,3588 141,3589 168,3590 194,3591 221,3591 248,3591 275,3590 302,3589"/>
                <TextEquiv>
                    <Unicode>e wurde gestern</Unicode>
                </TextEquiv>
            </TextLine>
            <TextLine id="r1l215" custom="readingOrder {index:214;}">
                <Coords points="324,3604 1490,3610 1490,3564 1411,3553 325,3551"/>
                <Baseline points="341,3592 397,3592 454,3592 510,3593 567,3593 624,3594 680,3595 737,3596 794,3597 850,3599 907,3600 964,3601 1020,3602 1077,3603 1134,3604 1190,3604 1247,3605 1304,3605 1360,3604 1417,3604 1474,3603"/>
                <TextEquiv>
                    <Unicode>Leipzig bisher links liegen lassen; ich glaube nicht zu ihrem</Unicode>
                </TextEquiv>
            </TextLine>
            <TextLine id="r1l216" custom="readingOrder {index:215;}">
                <Coords points="26,3630 95,3639 152,3627 188,3638 208,3631 318,3644 319,3598 219,3592 206,3602 189,3591 156,3597 130,3586 27,3587"/>
                <Baseline points="41,3622 67,3622 93,3622 119,3623 145,3623 172,3624 198,3625 224,3625 250,3626 276,3627 303,3628"/>
                <TextEquiv>
                    <Unicode>er seit 14 Tagen</Unicode>
                </TextEquiv>
            </TextLine>
            <TextLine id="r1l217" custom="readingOrder {index:216;}">
                <Coords points="1498,3629 2684,3639 2684,3602 2472,3589 1499,3583"/>
                <Baseline points="1516,3618 1573,3619 1631,3620 1688,3621 1746,3622 1803,3623 1861,3623 1918,3624 1976,3625 2033,3625 2091,3626 2149,3627 2206,3627 2264,3628 2321,3629 2379,3630 2436,3630 2494,3631 2551,3633 2609,3634 2667,3635"/>
                <TextEquiv>
                    <Unicode>zuverlässigen statistischen Mittheilungen gegenwärtig 178 Theater,</Unicode>
                </TextEquiv>
            </TextLine>
            <TextLine id="r1l218" custom="readingOrder {index:217;}">
                <Coords points="320,3649 1496,3665 1496,3608 1320,3593 321,3596"/>
                <Baseline points="337,3636 394,3637 451,3637 508,3637 565,3638 622,3639 679,3639 736,3640 793,3641 850,3642 908,3643 965,3644 1022,3644 1079,3645 1136,3646 1193,3646 1250,3646 1307,3646 1364,3646 1421,3646 1479,3646"/>
                <TextEquiv>
                    <Unicode>und auch nicht zu unserem Nachtheil. Gestern Mittag in ihrer</Unicode>
                </TextEquiv>
            </TextLine>
            <TextLine id="r1l219" custom="readingOrder {index:218;}">
                <Coords points="25,3670 71,3678 141,3666 151,3673 197,3667 210,3677 313,3673 314,3636 205,3631 188,3640 102,3635 92,3625 25,3627"/>
                <Baseline points="41,3662 66,3663 92,3663 117,3663 143,3663 169,3664 194,3665 220,3665 245,3666 271,3667 297,3668"/>
                <TextEquiv>
                    <Unicode>ingner 2. Comp.</Unicode>
                </TextEquiv>
            </TextLine>
            <TextLine id="r1l220" custom="readingOrder {index:219;}">
                <Coords points="1490,3658 2679,3675 2679,3632 1491,3631"/>
                <Baseline points="1508,3653 1565,3655 1623,3656 1681,3658 1739,3660 1796,3661 1854,3662 1912,3663 1970,3663 2027,3664 2085,3665 2143,3665 2201,3666 2258,3666 2316,3667 2374,3668 2432,3669 2489,3669 2547,3670 2605,3672 2663,3673"/>
                <TextEquiv>
                    <Unicode>90 Concertsäle und 112 dramatisch-literarische und musikalische Ge¬</Unicode>
                </TextEquiv>
            </TextLine>
            <TextLine id="r1l221" custom="readingOrder {index:220;}">
                <Coords points="326,3686 1498,3701 1498,3668 1389,3640 326,3640"/>
                <Baseline points="342,3676 398,3677 455,3678 512,3678 569,3679 626,3680 683,3681 740,3681 797,3682 854,3683 911,3684 967,3684 1024,3685 1081,3686 1138,3686 1195,3687 1252,3688 1309,3688 1366,3689 1423,3690 1480,3690"/>
                <TextEquiv>
                    <Unicode>achten Matinée ließ sie nun auch einen Vertreter dieser Richtung</Unicode>
                </TextEquiv>
            </TextLine>
            <TextLine id="r1l222" custom="readingOrder {index:221;}">
                <Coords points="1496,3713 2668,3726 2692,3667 1496,3657"/>
                <Baseline points="1514,3694 1572,3695 1630,3696 1688,3697 1746,3699 1804,3700 1862,3701 1920,3702 1978,3703 2036,3704 2094,3704 2152,3705 2210,3706 2268,3706 2326,3707 2384,3708 2442,3708 2500,3709 2558,3709 2616,3710 2674,3710"/>
                <TextEquiv>
                    <Unicode>sellschaften, eine geringe Anzahl Angesichts des unermeßlichen Reiches.</Unicode>
                </TextEquiv>
            </TextLine>
            <TextLine id="r1l223" custom="readingOrder {index:222;}">
                <Coords points="29,3720 195,3730 235,3718 248,3732 281,3722 294,3733 311,3716 328,3717 329,3680 276,3672 209,3678 143,3666 76,3678 30,3670"/>
                <Baseline points="45,3702 71,3702 98,3702 124,3703 151,3703 177,3704 204,3705 230,3705 257,3706 283,3707 310,3707"/>
                <TextEquiv>
                    <Unicode>Militärpatrouille</Unicode>
                </TextEquiv>
            </TextLine>
            <TextLine id="r1l224" custom="readingOrder {index:223;}">
                <Coords points="325,3728 1510,3736 1510,3696 325,3685"/>
                <Baseline points="341,3724 398,3725 456,3725 513,3726 571,3726 629,3727 686,3727 744,3727 801,3728 859,3728 917,3728 974,3729 1032,3729 1089,3730 1147,3730 1205,3731 1262,3732 1320,3733 1377,3734 1435,3735 1493,3736"/>
                <TextEquiv>
                    <Unicode>zu Worte kommen und zwar den bedeutendsten: man gab</Unicode>
                </TextEquiv>
            </TextLine>
            <TextLine id="r1l225" custom="readingOrder {index:224;}">
                <Coords points="1546,3725 2694,3770 2694,3724 2522,3708 1546,3702"/>
                <Baseline points="1562,3734 1617,3736 1673,3737 1729,3738 1785,3739 1841,3740 1897,3741 1952,3741 2008,3742 2064,3742 2120,3743 2176,3743 2232,3744 2288,3744 2343,3745 2399,3746 2455,3747 2511,3747 2567,3749 2623,3750 2679,3752"/>
                <TextEquiv>
                    <Unicode>In Chicago starb am 8. Januar der Pädagog Paul Binner,</Unicode>
                </TextEquiv>
            </TextLine>
            <TextLine id="r1l226" custom="readingOrder {index:225;}">
                <Coords points="316,3775 1491,3786 1491,3736 316,3718"/>
                <Baseline points="334,3765 391,3766 448,3767 505,3768 562,3768 619,3769 676,3769 733,3770 790,3771 847,3771 905,3772 962,3772 1019,3773 1076,3773 1133,3774 1190,3774 1247,3775 1304,3775 1361,3776 1418,3776 1476,3776"/>
                <TextEquiv>
                    <Unicode>Maurice Maeterlinck's „lInstruse“ (Der ungebetene Gast).</Unicode>
                </TextEquiv>
            </TextLine>
            <TextLine id="r1l227" custom="readingOrder {index:226;}">
                <Coords points="1490,3782 2655,3801 2689,3765 1491,3712"/>
                <Baseline points="1508,3772 1566,3774 1624,3774 1682,3775 1740,3776 1799,3777 1857,3778 1915,3778 1973,3779 2031,3779 2090,3780 2148,3781 2206,3781 2264,3782 2322,3783 2381,3784 2439,3785 2497,3786 2555,3787 2613,3788 2672,3790"/>
                <TextEquiv>
                    <Unicode>in St. Louis am 13. Januar der Musiker Ruppert Fehrenbach,</Unicode>
                </TextEquiv>
            </TextLine>
            <TextLine id="r1l228" custom="readingOrder {index:227;}">
                <Coords points="30,3789 106,3793 130,3783 150,3796 233,3787 272,3804 292,3788 326,3788 326,3745 306,3745 283,3725 243,3744 160,3730 143,3747 97,3739 77,3746 51,3722 31,3726"/>
                <Baseline points="47,3777 73,3779 99,3780 125,3781 151,3781 177,3782 203,3782 229,3782 255,3781 281,3781 308,3780"/>
                <TextEquiv>
                    <Unicode>1895 an Bier¬</Unicode>
                </TextEquiv>
            </TextLine>
            <TextLine id="r1l229" custom="readingOrder {index:228;}">
                <Coords points="325,3815 1261,3814 1414,3845 1490,3826 1491,3783 325,3772"/>
                <Baseline points="342,3808 398,3809 455,3811 511,3811 568,3812 625,3813 681,3814 738,3815 795,3815 851,3816 908,3817 965,3817 1021,3817 1078,3818 1135,3818 1191,3818 1248,3819 1305,3819 1361,3819 1418,3819 1475,3820"/>
                <TextEquiv>
                    <Unicode>Das Werk, welches in schauerlich unheimlicher Weise den Eintritt</Unicode>
                </TextEquiv>
            </TextLine>
            <TextLine id="r1l230" custom="readingOrder {index:229;}">
                <Coords points="1492,3823 2684,3817 2684,3790 2412,3777 1492,3776"/>
                <Baseline points="1510,3810 1567,3813 1625,3815 1683,3816 1741,3818 1799,3819 1857,3819 1914,3820 1972,3821 2030,3821 2088,3822 2146,3822 2204,3822 2262,3823 2319,3823 2377,3824 2435,3824 2493,3825 2551,3826 2609,3827 2667,3829"/>
                <TextEquiv>
                    <Unicode>in La Crosse, Wisconsin, 86 Jahre alte Professor L. W. Ranis.</Unicode>
                </TextEquiv>
            </TextLine>
            <TextLine id="r1l231" custom="readingOrder {index:230;}">
                <Coords points="11,3812 87,3831 154,3825 200,3836 220,3824 260,3824 323,3836 324,3789 261,3795 188,3786 148,3795 128,3782 42,3787 12,3776"/>
                <Baseline points="29,3820 54,3819 79,3819 105,3820 130,3820 155,3821 181,3822 206,3823 231,3823 257,3824 282,3824 308,3823"/>
                <TextEquiv>
                    <Unicode>ie von 39871 K.</Unicode>
                </TextEquiv>
            </TextLine>
            <TextLine id="r1l232" custom="readingOrder {index:231;}">
                <Coords points="25,3867 92,3862 111,3873 148,3864 158,3874 201,3862 244,3877 278,3865 294,3872 324,3866 325,3826 26,3827"/>
                <Baseline points="43,3854 69,3855 96,3857 122,3858 149,3859 175,3860 202,3861 228,3861 255,3862 281,3862 308,3861"/>
                <TextEquiv>
                    <Unicode>99 677,50 Hekto¬</Unicode>
                </TextEquiv>
            </TextLine>
            <TextLine id="r1l233" custom="readingOrder {index:232;}">
                <Coords points="330,3858 1475,3878 1512,3828 330,3812"/>
                <Baseline points="346,3852 403,3854 460,3855 518,3856 575,3857 633,3857 690,3858 747,3859 805,3860 862,3860 920,3861 977,3862 1034,3862 1092,3863 1149,3863 1207,3864 1264,3864 1321,3865 1379,3865 1436,3865 1494,3865"/>
                <TextEquiv>
                    <Unicode>des Todes in das Haus einer alten Familie schildert und voll</Unicode>
                </TextEquiv>
            </TextLine>
            <TextLine id="r1l234" custom="readingOrder {index:233;}">
                <Coords points="1626,3865 2658,3882 2688,3879 2689,3823 1626,3808"/>
                <Baseline points="1644,3853 1695,3855 1746,3857 1798,3859 1849,3860 1900,3861 1952,3862 2003,3863 2054,3864 2106,3864 2157,3865 2208,3865 2260,3865 2311,3866 2362,3866 2414,3867 2465,3867 2516,3868 2568,3869 2619,3870 2671,3871"/>
                <TextEquiv>
                    <Unicode>Repertoire des königl. Hoftheaters zu Altstadt¬</Unicode>
                </TextEquiv>
            </TextLine>
            <TextLine id="r1l235" custom="readingOrder {index:234;}">
                <Coords points="26,3909 56,3917 80,3904 103,3918 156,3919 232,3908 252,3921 325,3907 326,3863 170,3863 157,3853 144,3866 27,3866"/>
                <Baseline points="44,3893 70,3895 97,3896 123,3897 150,3898 177,3899 203,3899 230,3900 256,3900 283,3900 310,3899"/>
                <TextEquiv>
                    <Unicode>000 Seelen be¬</Unicode>
                </TextEquiv>
            </TextLine>
            <TextLine id="r1l236" custom="readingOrder {index:235;}">
                <Coords points="325,3905 1487,3928 1487,3871 1411,3864 326,3858"/>
                <Baseline points="341,3898 397,3898 453,3899 510,3899 566,3900 623,3900 679,3901 735,3901 792,3902 848,3903 905,3904 961,3904 1017,3905 1074,3906 1130,3906 1187,3907 1243,3907 1299,3908 1356,3909 1412,3909 1469,3910"/>
                <TextEquiv>
                    <Unicode>ist von den dunkelsten Symbolismen, ist kein Bühnenstück,</Unicode>
                </TextEquiv>
            </TextLine>
            <TextLine id="r1l237" custom="readingOrder {index:236;}">
                <Coords points="1494,3903 2699,3917 2626,3873 1494,3846"/>
                <Baseline points="1510,3894 1568,3897 1627,3899 1685,3902 1744,3903 1803,3904 1861,3905 1920,3906 1978,3906 2037,3906 2096,3906 2154,3906 2213,3906 2271,3906 2330,3907 2389,3907 2447,3908 2506,3910 2564,3911 2623,3914 2682,3917"/>
                <TextEquiv>
                    <Unicode>Dresden. Dienstag, den 28. Januar: „Mignon“. — Mittwoch,</Unicode>
                </TextEquiv>
            </TextLine>
            <TextLine id="r1l238" custom="readingOrder {index:237;}">
                <Coords points="319,3951 1491,3966 1491,3916 319,3908"/>
                <Baseline points="337,3940 393,3941 450,3942 507,3943 564,3944 621,3945 678,3946 735,3947 792,3947 849,3948 906,3949 962,3949 1019,3950 1076,3950 1133,3950 1190,3951 1247,3951 1304,3951 1361,3951 1418,3951 1475,3952"/>
                <TextEquiv>
                    <Unicode>wenn ich mir auch denken kann, daß es, in einem in¬</Unicode>
                </TextEquiv>
            </TextLine>
            <TextLine id="r1l239" custom="readingOrder {index:238;}">
                <Coords points="1494,3959 2632,3972 2685,3966 2686,3917 1494,3902"/>
                <Baseline points="1510,3940 1567,3942 1625,3945 1683,3946 1741,3948 1799,3949 1857,3949 1915,3950 1973,3950 2031,3950 2089,3950 2146,3950 2204,3951 2262,3951 2320,3952 2378,3952 2436,3953 2494,3955 2552,3956 2610,3958 2668,3961"/>
                <TextEquiv>
                    <Unicode>den 29. Januar: „Orpheus und Eurydike“. (Anfang ½8 Uhr.)</Unicode>
                </TextEquiv>
            </TextLine>
            <TextLine id="r1l240" custom="readingOrder {index:239;}">
                <Coords points="40,3979 77,3990 117,3990 137,3977 163,3988 220,3982 233,3996 283,3983 326,3988 327,3938 307,3934 284,3947 260,3937 201,3939 181,3925 164,3941 138,3941 111,3927 101,3934 88,3920 42,3916"/>
                <Baseline points="56,3971 81,3974 106,3975 131,3976 156,3977 182,3978 207,3978 232,3978 257,3978 282,3977 308,3977"/>
                <TextEquiv>
                    <Unicode>der elektrischen</Unicode>
                </TextEquiv>
            </TextLine>
            <TextLine id="r1l241" custom="readingOrder {index:240;}">
                <Coords points="318,3986 1513,4026 1514,3963 318,3952"/>
                <Baseline points="335,3982 393,3982 451,3983 509,3984 567,3985 625,3986 683,3987 741,3988 799,3989 857,3990 915,3992 973,3993 1031,3994 1089,3994 1147,3995 1205,3996 1263,3996 1321,3996 1379,3996 1437,3996 1495,3995"/>
                <TextEquiv>
                    <Unicode>timen Raum — nicht in dem gräßlichen Carolatheater, in</Unicode>
                </TextEquiv>
            </TextLine>
            <TextLine id="r1l242" custom="readingOrder {index:241;}">
                <Coords points="1530,4002 2682,4003 2682,3970 2287,3935 2114,3970 1530,3949"/>
                <Baseline points="1548,3983 1603,3987 1659,3989 1715,3990 1771,3991 1827,3992 1883,3993 1938,3993 1994,3994 2050,3994 2106,3994 2162,3994 2218,3994 2274,3994 2329,3995 2385,3995 2441,3996 2497,3998 2553,4000 2609,4002 2665,4005"/>
                <TextEquiv>
                    <Unicode> Donnerstag, den 30. Januar: „Falstaff“. (Anfang ½8 Uhr.)</Unicode>
                </TextEquiv>
            </TextLine>
            <TextLine id="r1l243" custom="readingOrder {index:242;}">
                <Coords points="29,4024 45,4025 49,4022 52,4026 59,4019 72,4020 75,4024 82,4021 102,4022 104,3988 84,3987 80,3991 74,3987 67,3987 48,3972 32,3971"/>
                <Baseline points="45,4012 87,4014"/>
                <TextEquiv>
                    <Unicode>ts.</Unicode>
                </TextEquiv>
            </TextLine>
            <TextLine id="r1l244" custom="readingOrder {index:243;}">
                <Coords points="92,4027 122,4021 135,4028 182,4025 188,4032 232,4016 261,4030 321,4028 322,3982 286,3981 249,3993 223,3976 166,3992 156,3981 136,3978 116,3991 93,3987"/>
                <Baseline points="108,4014 136,4015 164,4016 192,4017 221,4017 249,4018 277,4018 306,4018"/>
                <TextEquiv>
                    <Unicode>Durch die</Unicode>
                </TextEquiv>
            </TextLine>
            <TextLine id="r1l245" custom="readingOrder {index:244;}">
                <Coords points="314,4035 1346,4056 1496,4051 1497,4001 315,3985"/>
                <Baseline points="332,4025 389,4026 446,4028 504,4029 561,4030 618,4031 676,4032 733,4033 790,4035 848,4036 905,4037 962,4038 1020,4038 1077,4039 1134,4040 1192,4040 1249,4040 1306,4040 1364,4040 1421,4039 1479,4038"/>
                <TextEquiv>
                    <Unicode>dem es schwer hält, nur einigermaßen die Illusion festzuhalten</Unicode>
                </TextEquiv>
            </TextLine>
            <TextLine id="r1l246" custom="readingOrder {index:245;}">
                <Coords points="1527,4033 2639,4062 2685,4059 2686,4009 1527,4003"/>
                <Baseline points="1545,4026 1601,4028 1657,4030 1713,4032 1769,4034 1826,4035 1882,4036 1938,4036 1994,4037 2050,4037 2107,4037 2163,4038 2219,4038 2275,4038 2331,4039 2388,4040 2444,4041 2500,4042 2556,4044 2612,4045 2669,4048"/>
                <TextEquiv>
                    <Unicode>— Freitag, den 31. Januar: Fünftes Sinfonie=Concert der</Unicode>
                </TextEquiv>
            </TextLine>
            <TextLine id="r1l247" custom="readingOrder {index:246;}">
                <Coords points="11,4057 64,4078 114,4055 140,4066 197,4053 210,4066 329,4071 330,4018 194,4030 11,4018"/>
                <Baseline points="29,4050 54,4052 80,4053 106,4053 132,4054 158,4054 184,4054 210,4054 236,4054 262,4054 288,4055 314,4055"/>
                <TextEquiv>
                    <Unicode>latz am Neuen</Unicode>
                </TextEquiv>
            </TextLine>
            <TextLine id="r1l248" custom="readingOrder {index:247;}">
                <Coords points="372,4074 1497,4089 1497,4045 372,4041"/>
                <Baseline points="388,4071 442,4072 497,4073 551,4073 606,4074 661,4075 715,4075 770,4076 825,4077 879,4077 934,4078 989,4078 1043,4079 1098,4079 1153,4080 1207,4080 1262,4080 1317,4081 1371,4081 1426,4082 1481,4082"/>
                <TextEquiv>
                    <Unicode>mit Einhaltung all der subtilen Regievorschriften des Dichters</Unicode>
                </TextEquiv>
            </TextLine>
            <TextLine id="r1l249" custom="readingOrder {index:248;}">
                <Coords points="1489,4085 2495,4103 2611,4085 2612,4042 1490,4028"/>
                <Baseline points="1506,4073 1560,4073 1615,4074 1669,4074 1724,4075 1778,4075 1833,4076 1887,4077 1942,4077 1996,4078 2051,4079 2105,4080 2160,4080 2214,4081 2269,4082 2323,4082 2378,4083 2432,4083 2487,4084 2541,4084 2596,4085"/>
                <TextEquiv>
                    <Unicode>königl. musikalischen Kapelle (Serie A). (Anfang 7 Uhr.)</Unicode>
                </TextEquiv>
            </TextLine>
            <TextLine id="r1l250" custom="readingOrder {index:249;}">
                <Coords points="12,4097 59,4101 89,4091 105,4105 321,4107 321,4067 301,4063 205,4062 195,4052 145,4065 116,4055 96,4065 13,4061"/>
                <Baseline points="30,4093 55,4092 80,4092 105,4092 130,4092 155,4092 180,4093 205,4093 230,4094 255,4094 280,4094 306,4094"/>
                <TextEquiv>
                    <Unicode>.Das Gebäude</Unicode>
                </TextEquiv>
            </TextLine>
            <TextLine id="r1l251" custom="readingOrder {index:250;}">
                <Coords points="2268,4120 2297,4112 2301,4114 2317,4110 2306,4071 2290,4076 2288,4080 2282,4082 2278,4083 2274,4081 2258,4085"/>
                <Baseline points="2286,4116 2300,4112"/>
                <TextEquiv>
                    <Unicode>20</Unicode>
                </TextEquiv>
            </TextLine>
            <TextLine id="r1l252" custom="readingOrder {index:251;}">
                <Coords points="318,4126 1497,4109 1471,4069 1201,4100 318,4073"/>
                <Baseline points="336,4119 393,4118 450,4118 507,4118 564,4118 622,4118 679,4119 736,4120 793,4121 850,4122 908,4123 965,4123 1022,4124 1079,4125 1136,4125 1194,4126 1251,4126 1308,4126 1365,4125 1422,4124 1480,4122"/>
                <TextEquiv>
                    <Unicode>gespielt, einen tiefen fast lähmenden Eindruck zu machen e###ng¬</Unicode>
                </TextEquiv>
            </TextLine>
            <TextLine id="r1l253" custom="readingOrder {index:252;}">
                <Coords points="1483,4117 2621,4136 2671,4133 2672,4086 1483,4083"/>
                <Baseline points="1500,4113 1557,4115 1615,4117 1673,4120 1731,4121 1788,4122 1846,4123 1904,4124 1962,4124 2019,4125 2077,4125 2135,4125 2193,4125 2250,4125 2308,4126 2366,4126 2424,4126 2481,4127 2539,4128 2597,4129 2655,4131"/>
                <TextEquiv>
                    <Unicode>Sonnabend, den 1. Februar: „Tannhäuser“. (Anfang 7 Uhr.)</Unicode>
                </TextEquiv>
            </TextLine>
            <TextLine id="r1l254" custom="readingOrder {index:253;}">
                <Coords points="27,4131 77,4132 117,4119 127,4130 187,4124 216,4135 299,4139 300,4103 260,4112 213,4108 184,4087 174,4097 147,4087 97,4099 87,4092 57,4102 28,4098"/>
                <Baseline points="45,4130 71,4130 98,4130 124,4130 151,4130 177,4131 204,4131 230,4132 257,4133 284,4135"/>
                <TextEquiv>
                    <Unicode>traßenbahngeiell</Unicode>
                </TextEquiv>
            </TextLine>
            <TextEquiv>
                <Unicode>Schicksal
an das
Fra
box 7/4
Di
4.1. Die Mrage an aus Seanensen
312
Uhr ist sodann Instrumental= und Vokalmusik. Redigirt von A. Morin. I. Serie kommenen Lumpen, das ihm untergestellte Motiv seiner That:
alatafel. FürNo. 26 bis 50. Frankfurt a) M., Verlag von H. Bechhold.
Parteisanatismus nicht so recht zu. Die Aufführung war Alles
. Hofoper in Jede Nummer 20 5. Das Abonnement auf eine Serie von in Allem wohl gelungen. Hr. Waldemar als Härtel
hätte
50 Nummern 9 M
Typographische Jahrbücher.
vielleicht etwas älter in Maske und Sprache sein können,
fand
berg'schen Herr¬
Unter Mitwirkung des Geh. Hofrath Prof. Dr. Nieper sowie des
aber sonst für die Verbitterungen und den Groll des
aus¬
chmittag.
Prof. Max Honegger und Dr. Aarland herausgegeben von
gebeuteten kleinen Mannes durchaus den rechten Ton. Eine
Beburtstages
Julius Mäser. XVII. Jahrg. 1. Heft. Jährl. 12 Hefte.
ganz treffliche, schauspielerisch tadellose Leistung war der
alte
ichen und viele
Jedes Heft 30 S.
Schirmer des Hrn. Emil Stöbe; da war aber auch nicht das
d Lehranstalten
Leipzig, 26. Jan. Kleiner Saal des Neuen Ge¬
Geringste daran auszusetzen. Der Einacter hatte — nicht zum
Varoleausgabe
wandhauses. — Der gestrige fünfte Kammermusik=Abend
Geringsten wohl wegen seiner Tendenz! — einen Riesenerfolg,
Kanonen¬
brachte eine Novität: das Trio für Pianoforte, Violine und
und der Dichter wurde mehrfach stürmisch gerufen. Nur einige
che Gesandte
Violoncell in F-moll von Walter Lampe; man freut sich stets, wenn
Dunkelmänner, die der Ruf „Es lebe der König“ und die weihe¬
tgegen. Die
man einem neuen Werke gegenübersteht, aus dem neben bemerkens¬
vollen Klänge der Nationalhymne unter denen Härtel stirbt, zu
Der Rath und
werthen musikalischen Naturanlagen seines Schöpfers wirklicher
geniren schien, versuchten etwas Opposition zu machen: aber es
künstlerischer Ernst spricht: und dies ist bei dem gestern gehörten
gelang ihnen — Gott sei Dank — nicht.
pitzen der Be¬
Trio ausnehmend der Fall; sein Grundcharakter ist ernst; sind
Notizen. Frl. Charlotte Huhn ist glücklich wiederhergestellt
kvativen Vereins
es auch nicht gerade düstere Bilder, die der Künstler dem Zu¬
und wird im Dresdener Hoftheater am Mittwoch zum 1. Male
ssucht zu werden.
wieder den Orpheus in Gluck's „Orpheus und Eurydike“ singen. —
hörer vor das geistige Auge rückt, so ist doch einer leichtfertigen
Am 24. Januar ist Paul Lindau's „Venus von Milo“ auch
Lebensphilosophie in diesem Werke nirgends Raum gegeben, und
sen Gewerbe¬
im Stadttheater zu Halle mit großem Erfolg zum 1. Mal in
es scheinen theilweise sogar harte innere Kämpfe zu sein, die zum
fen und ergiebt,
Scene gegangen. — Am 30. Januar bringt Director Rahn weiter¬
Austrag kommen sollten: der erste Satz (Allegro non troppo)
hin Max Dreyer's Drei“, am 1. Febr. das Lustspiel „Fräulein
en hin günstig
deutet dies wenigstens in deutlich erkennbarer Weise an, und auch
Doctor“ zur 1 Aufführung. — Im königlichen Schauspielhaus
Elte erhöht; die
der dritte, ein prächtiges, farbensattes Andante von zumeist
hat das Lustspiel Die kranke Zeit“ von Richard Skowronnek
war, bis auf
dunklem Incarnat, verliert sich nie in seichte Sentimentalität,
eine freundliche Aufnahme gefunden; eigentlich literarischen Werth be¬
feil längere Zeit
sondern stellt von Anfang bis zu Ende ernste Betrachtungen an;
sitzt indeß auch diese jüngste Neuheit der Berliner Hofbühne nicht. —
n im Sommer
Frau Schmittlein vom Deutschen Theater zu Berlin hat sich für
das Scherzo (zweiter Satz), in dem der Componist programm¬
Pereine von der
nächsten Winter dem Deutschen Volkstheater in Wien verpflichtet. —
gemäß auf seine humoristische Ader geprüft werden soll, behilft
rauch gemacht.
In Breslau feierte am 26. Januar der bekannte Alterthumsforscher
sich nicht mit landläufigen Wendungen, sondern sucht durch
itritts einzelner
Geheime Sanitätsrath Dr. Wilhelm Grempler seinen 70. Geburts¬
pikante, originelle Rhythmen und sinnreiche Klangcombinationen
tag. — Im Lübecker Stadttheater (Direction Friedrich Erdmann)
der Ausstellung
zu fesseln; das Finale endlich (Allegro vivace) hebt überaus
gastiren vom 1. bis 3. Febr. die „Schlierseer“. —
Das Lustspiel
ren Angestellten
energisch an; sein zweites Thema, das ein freundlicheres Gesicht
„Der Thron seiner Väter“ von Fedor v. Zobeltitz hatte am
ößerer Mengen
zeigt, bringt den willkommensten Contrast, ganz besonders glücklich
24. Januar im Hamburger Stadttheater nur mäßigen Erfolg;
equem gestaltet.
ist das melodische Material in diesem Satze gegen einander ge¬
um so mehr gefiel daselbst am gleichen Abend Lindau's „Venus
teressenten, die
von Milo“. —
An den Geburtshäusern des Rechtslehrers R.
arbeitet, sodaß man von dem ganzen Werke bis zum Schluß
g über Bezugs¬
v. Ihering und des Historikers Wiarda läßt die Stadtvertretung
einen gewinnenden, sympathischen Eindruck behält, und nie das
holen. Der¬
von Aurich nächstens Gedenktafeln anbringen. — Für den 30. Jan.
Gefühl aufkommt, daß der Componist, wie leider heutzutage der
huf schriftlichem
ist es dem Director Georg Kurtscholz gelungen, den berühmten
größte Theil seiner Collegen, zuletzt sein Pulver verschossen habe.
weiter Ferne,
Vortragsmeister Professor Alexander Strakosch zu einem ein¬
Die Form ist in den einzelnen Sätzen bei größter Knappheit
maligen Gastspiel im Geraer Hoftheater zu gewinnen. —
, die den be¬
tadellos gewahrt, und da der ganze musikalische Ausdruck nie
Das neue Westfälische Museum wird in Münster am Domplatz
#urden. Infolge
einen ungesunden Beigeschmack hat, sondern durchaus einem
aufgeführt werden. — Die Stadtverordneten von Münster bewilligten
ziemlich gleich¬
vornehm männlichen Charakter entspricht, so versteht man, daß
5000  zur Vervollständigung der Decorationen und Requisiten des
angenommene
dortigen Lortzingtheaters. — In der Nähe von Habinghorst
die Novität auch beim Publicum eine überaus warme Auf¬
und Ausgaben
im Amt Castrop ist eine altgermanische Grab= und Opferstätte
nahme erfuhr. Ihre gestrige Wiedergabe war eine ganz vor¬
hdie Gesammt¬
ermittelt worden; es wurden verschiedene, theils wohlerhaltene Urnen
zügliche; für den Clavierpart war Hr. Carl Friedberg aus
elaufen, wohin¬
und Schmucksachen zu Tage gefördert. — In Düsseldorf starb am
Frankfurt a. M. gewonnen worden, in dem man einen
inschließlich der
22. Januar der Marinemaler Albert Halle (geb. 31. Oct. 1844 zu
Pianisten von tadellosem technischen Können und warmen,
Schönberg bei Görlitz).
Ein Anzahl der jüngeren Bildhauer
Bei diesem geistig belebten musikalischen Vortrag kennen lernte; neben ihm
von München hat sich zu einer Veceinigung „Pallas“ zu¬
ücksichtigen, daß
wirkten die Herren Hilf (Violine) und Klengel (Violoncell)
sammengethan. — Am 2. Februar geht im Münchener Hoftheater
nämlich im
zwei Meister allerersten Ranges, über deren künstlerische
zum 1. Male Adam's „Nürnberger Puppe“ und neueinstudirt
bezeichnen ist.
Qualitäten sich bei dieser Gelegenheit auf's Neue eingehend zu des Peter Cornelius „Barbier von Bagdad“ in Scene. —
auf mancherlei
verbreiten überflüssig wäre. — Um die interessante Novität herum In Höritz im Böhmerwald soll diesen Sommer ein dem Cochem'schen
rung der Nutz¬
Volksbuche „Christi Leben, Leiden und Sterben“ entnommenes neues
gruppirten sich gestern Abend Beethoven's liebenswürdiges, hei= Osterspiel zur Aufführung kommen.
— In der Wiener Hof¬
men nur eine teres A-dur=Quartett (op. 18 Nr. 5) und Schubert's nach¬
oper geht nächstens das „Heimchen am Heerde“ von Karl Gold¬
gelassenes Quartett in G-dur (op. 161), ein Werk von fast un¬
der Kellner Her¬
mark (Text von Willner) zum ersten Mal in Scene. — Wie aus
vergleichlicher geistiger Tiefe und großartiger musikalischer Ersin¬
Mailand gemeldet wird, schreibt Verdi fleißig an seiner neuen
mittelgroß, mit
dung. Die Herren Hilf, Becker, Unkenstein und Klengel vollbrachten
Oper „Der Sturm“ (Text nach Shakespeare).
leidet, nach Ent¬
Die Geschichte
mit der Interpretation dieser Schöpfungen wiederum künstlerische
rcassenbuchs mit
des unglücklichen Infanten Don Carlos dürfte eine neue wesent¬
liche Vervollständigung erfahren. Der Domherr Douais aus
üchtig geworden.
Thaten von höchster Bedeutung, wie sie wirklich nur Auserlesene
Toulouse hat im Schloß Fourquevane 41 Briefe gefunden, die
sell aus L.=Neu¬
hinzustellen im Stande sind; man fühlte es deutlich heraus, daß
achschlüssels aus
Elisabeth von Valois, die zweite Frau Philipp's II. von Spanien,
sich die Herren auf das Vollkommenste in den geistigen Inhalt
an Hrn. de Fourquevane gerichtet hat, der von 1565 bis 1568
Werkführer aus
der Werke vertieft hatten, und es war bewunderungswürdig, wie
nes Kunstmöbel¬
französischer Botschafter in Madrid gewesen ist Diese Briefe be¬
Hr. Concertmeister Hilf seine Collegen zu begeistertem Schwunge
Waarendiebstahle;
weisen daß Elisabeth im Gegensatz zu den meisten Königinnen
mit sich fortriß.
F. R. Pfau.
rischen Bahnhofe
von Spanien eine große Rolle in der Politik gespielt hat. Unter
W—f. Leipzig, 27. Jan. Den ebenso unerquicklichen, den Briefen ist einer, der drei Tage nach der Gefangennahme
fahren war und
wie durch und durch ungesunden Symbolismus, diese merkwür¬
knützt hatte, um
des Infanten geschrieben wurde, und die nichts weniger als
Wagen zu stehlen
freundlichen Gesinnungen der Königin für ihn enthält.
digste Ausgeburt der Modernen, deren ursprüngliche Heimath
Am 25. Januar ist der Präsident der Londoner Akademie, Frederik
Schicksal der Ver¬
Frankeich ist, hatte die „Litterarische Gesellschaft“ in
[Leighton (geb. 3. Dec. 1830) gestorben. — Rußland zählt nach
e wurde gestern
Leipzig bisher links liegen lassen; ich glaube nicht zu ihrem
er seit 14 Tagen
zuverlässigen statistischen Mittheilungen gegenwärtig 178 Theater,
und auch nicht zu unserem Nachtheil. Gestern Mittag in ihrer
ingner 2. Comp.
90 Concertsäle und 112 dramatisch-literarische und musikalische Ge¬
achten Matinée ließ sie nun auch einen Vertreter dieser Richtung
sellschaften, eine geringe Anzahl Angesichts des unermeßlichen Reiches.
Militärpatrouille
zu Worte kommen und zwar den bedeutendsten: man gab
In Chicago starb am 8. Januar der Pädagog Paul Binner,
Maurice Maeterlinck's „lInstruse“ (Der ungebetene Gast).
in St. Louis am 13. Januar der Musiker Ruppert Fehrenbach,
1895 an Bier¬
Das Werk, welches in schauerlich unheimlicher Weise den Eintritt
in La Crosse, Wisconsin, 86 Jahre alte Professor L. W. Ranis.
ie von 39871 K.
99 677,50 Hekto¬
des Todes in das Haus einer alten Familie schildert und voll
Repertoire des königl. Hoftheaters zu Altstadt¬
000 Seelen be¬
ist von den dunkelsten Symbolismen, ist kein Bühnenstück,
Dresden. Dienstag, den 28. Januar: „Mignon“. — Mittwoch,
wenn ich mir auch denken kann, daß es, in einem in¬
den 29. Januar: „Orpheus und Eurydike“. (Anfang ½8 Uhr.)
der elektrischen
timen Raum — nicht in dem gräßlichen Carolatheater, in
 Donnerstag, den 30. Januar: „Falstaff“. (Anfang ½8 Uhr.)
ts.
Durch die
dem es schwer hält, nur einigermaßen die Illusion festzuhalten
— Freitag, den 31. Januar: Fünftes Sinfonie=Concert der
latz am Neuen
mit Einhaltung all der subtilen Regievorschriften des Dichters
königl. musikalischen Kapelle (Serie A). (Anfang 7 Uhr.)
.Das Gebäude
20
gespielt, einen tiefen fast lähmenden Eindruck zu machen e###ng¬
Sonnabend, den 1. Februar: „Tannhäuser“. (Anfang 7 Uhr.)
traßenbahngeiell</Unicode>
            </TextEquiv>
        </TextRegion>
    </Page>
</PcGts>
