3392 4256
825 186 1664 276 e an das Schicksal
612 190 815 278 Frag
178 200 2219 304 4.1. Die #age an das Schicksal box 7/4
371 1307 1422 1370 ger als Muffel war einfach brillant. Wie dieser die
1421 1307 2462 1371 den. Namentlich die Art, wie Überlegungen immer die
2464 1313 3296 1383 so gelang der erste Faust=Akt auch bei i#
373 1350 1417 1426 Pepi Amsel, so ermahnt der Darsteller den Kritiker
1420 1357 2461 1426 Entschlüsse des Blasierten verdrängen, das wußte er
2461 1369 3304 1436 besten. Die zarten Lyrismen der Gartenst
369 1394 1421 1465 durch seine Leistung, aus seinem Register herauszu¬
1428 1414 2462 1472 geschickt zu geben. Frl. Kennedy kannten wir nun
2459 1417 3298 1482 Innigkeit und Süße, vermochte er nicht v
365 1442 1413 1509 holen, was er dort als beste Gaben vorrätig hat.
1419 1459 2459 1522 schon aus dem vorhergehenden Stücke. Den Eindruck
2467 1467 3299 1526 lösen. Wesentlich anders geriet sein Siegmu
330 1478 1418 1560 Kein Lobeswort ist für Mödlingers letzte Leistung
1417 1503 2461 1567 des Mißfallens über das dort von ihr Gebotene
2470 1514 3302 1579 volle Männlichkeit und die breit angeleg
349 1523 1418 1600 zu reich. Er war einfach vorzüglich. Sprühend, von
1418 1547 2462 1610 konnten wir so rasch nicht los werden, um ihrer
2469 1559 3316 1630 stimme (wenn auch manchmal des Saftese
360 1593 1415 1666 quecksilberhaftem Temperament und voll lustiger Be¬
1423 1598 2463 1670 zweifellos viel besseren Leistung in diesem letzten Ein¬
2459 1608 3287 1685 ließen ihn hier vollkommen am Platze
365 1640 1406 1708 weglichkeit war die Pepi des Fräuleins Fidler,
1415 1646 2470 1703 akter unbefangen gerecht zu werden. Wir halten also
2465 1656 3301 1731 Abzustellen wäre die zu häufige stoßweise 2
360 1684 1418 1757 ein „lieber Kerl“, eine Soubrette, die in die Augen
1410 1701 2454 1763 mit einem entschiedenen Urteil noch zurück. Sehr an¬
2457 1712 3285 1780 und das Tremolieren. Als Gretchen und
365 1738 1416 1805 sticht und die Zwerchfelle kitzelt. Herr Großmann
1420 1753 2453 1813 genehm fiel die zwar bescheidene, aber immerhin ge¬
2457 1758 3271 1831 liide debutierte Frau Sonja Herma.
360 1791 1415 1859 zitterte als der verängstigte Scheitermann recht be¬
1414 1794 2466 1861 schmackvolle Dekoration eines modernen (auch von oben
2453 1791 3288 1876 Ttägerin einer sehr gut ebildeten, aber
365 1838 1409 1894 lustigend über die Bühne, Frl. Kennedy dagegen
1410 1851 2458 1906 ganz geschlossenen) Zimmers in diesem Einakter auf.
2466 1855 3287 1917 gar zu klangreichen Sopranstimme, der
354 1890 1405 1938 versagte in dieser Rolle gründlich. Was ihre Namens¬
1416 1891 2464 1949 Nicht nur die Eindrücke dieses Abends, auch andere
2460 1886 3307 1976 Höhe zu Grenzen gesetzt sind. Die Leistung
357 1934 1412 1990 genossin in „Maria Stuart“ der Königin zuruft,
1412 1944 2457 2009 Leistungen der vergangenen Wohe, wie der Pauli des
2456 1942 3306 2012 chen war deshalb auch mehr technisch i
360 1987 1407 2058 das nehme sie auch von uns als einzigen Trost an:
1406 2000 2450 2062 Herrn Höller im „Herrgottsschnitzer von Ammer¬
2452 2003 3313 2076 als unmittelbar packend. Für den virtuose
355 2031 1142 2115 „Die Jugend mindert Eure Schuld!“
1413 2045 2450 2111 gau“, dessen Pfarrer von Kirchfeld und der prächtige
2462 2047 3301 2106 der Schmuckarie ward der Sängerin reiche
1420 2096 2457 2162 Wurzelsepp des Herrn Kolmar lassen nun das
402 2082 1405 2156 „Die Frage an das Schicksal“ aus Artur
2450 2095 3303 2159 Zur Verkörperung Wagnerscher Frauengestal
1417 2142 2450 2208 Urteil zu, daß wir vor einer ungewöhnlich inter¬
360 2128 1404 2204 Schnitzlers reizvollem „Anatol“=Zyklus schloß die
2461 2152 3293 2206 mir Frau Herma wenig prädistiniert. Die
1409 2188 2446 2270 essanten Theatersaison stehen. Zwei Erscheinungen,
352 2186 1414 2248 Einakterreihe des an Anregungen reichen Abends.
2453 2204 3303 2268 lung der Sieglinde war viel zu hastig und
1411 2241 2459 2301 die wir in den letzten Jahren immer vergeblich suchten,
358 2230 1409 2306 Anatol weiß mit dem Verständnis des geistvollen Lebe¬
2457 2252 3310 2331 Als so nervös aufgeregte Dame dürfen wi
1414 2273 2450 2339 treten uns heuer vielverheißend entgegen: Ein guter
350 2292 1405 2351 mannes (ein bedauerlich seltener Typus) die Bedeu¬
2453 2305 3292 2360 Wälsungenbraut nicht vorstellen. Und
357 2334 1408 2388 tung einer Liebelei richtig einzuschätzen. Er will ihren
1410 2329 2454 2408 Wille, dem auch ebenbürtige Kräfte zur Seite stehen!
2460 2341 3288 2413 styrend wirkten die unschönen taktmäßigen
1416 2379 2460 2467 Einen Abend, so genußreich wie den letzten, haben wir
354 2384 1401 2460 Zauber nicht durch Forschen nach den tieferen Werten
2450 2398 3292 2468 gen mit dem Körper und den Armen. Auch
356 2433 1411 2509 der Geliebten zerstören. Er freut sich der süßen Täu¬
1405 2435 2094 2519 in Braz schon lange nicht erlebt.
2515 2448 3292 2512 die seelenvolle Größe des Tones. I
357 2487 1401 2554 schungen und frägt, als sie willenlos im hypnotischen
2454 2493 3289 2553 Falle ist mit einem abschließenden Urteil
361 2533 1398 2596 Schlafe vor ihm liegt, nicht danach, ob sie ihm in
2451 2538 3301 2604 noch zuzuwarten. Der Bassist Herr Karl
355 2590 1399 2642 jedem Augenblicke treu war. Das ist klug von Anatol.
1448 2561 2455 2664 (Oper.) Wir hörten in der vergangenen Theater
2453 2590 3296 2660 rechtfertigte die Hoffnungen, die sein Fafne##
348 2630 1402 2696 Aber es ist die Klugheit eines nicht mehr naiv lieben¬
1395 2614 2435 2702 woche Gounods „Margarete“ und R. Wag¬
2460 2625 3306 2703 als Mephisto und Hunding vollkommen.
361 2682 1394 2744 den Herzens, die Liebe des Schwachen, der bei allem
1398 2678 2449 2755 ners „Walküre“. Durch beide Aufführungen wurde
2459 2691 3294 2743 schon jetzt sagen: Eine Zierde unserer Oper.
350 2731 1398 2790 Zweifel Illusionen ängstlich behütet, um glücklich zu
1386 2737 2445 2810 das Bild der Sänger erweitert, aber noch nicht ab¬
2456 2744 3291 2796 fangreiche sonore und gesunde Organ, wil
353 2778 1397 2843 bleiben. Wie immer bei Schnitzler, schmiegt sich auch
1401 2788 2449 2850 geschlossen. Man war vor allem auf den Tenor neu¬
2460 2788 3303 2848 profunder Baß, hat der Sänger sorgfält
345 2815 1396 2875 hier der Dialog dem Wesen der beteiligten Sprecher
1402 2834 2442 2904 gierig. Da der in Aussicht genommene Vertreter des
2453 2834 3307 2908 det. So ausgerüstet, gab er einen gesanglich
356 2867 1404 2947 nicht nur inhaltlich, sondern auch mit einem gewissen
1406 2886 2447 2947 lyrischen Faches schon bei der Probe versagte, sang
2458 2881 3305 2951 ragenden Mephisto. Auch die schauspielerisch
342 2930 1400 2992 musikalischen Charakter an. Herr Kolmar war für
1413 2927 2443 2983 Herr Josef Classen auch den Faust. Es war für
2454 2931 3297 2997 wies viele Züge von Intelligenz auf. Warne
346 2977 1405 3029 das feine, graziöse Spiel einerseits zu hart und rauh
1416 2981 2453 3055 ihn nicht vorteilhaft, in einer ihm weniger günstig
2456 2980 3306 3054 wir nur vor dem Zuviel bezüglich des #
347 3028 1395 3083 in der Stimme, andererseits zu schüchtern und zurück¬
1400 3033 2444 3088 liegenden Rolle zuerst vor unser Publikum zu treten,
2458 3026 3304 3095 pointierenden Charakteristik. Dasselbe gilt v#
344 3071 1396 3142 haltend in der Wahl des Tones. Besser verstand es
1404 3080 2440 3139 aber er bestand. Daß er in jeder Hinsicht ausge¬
2458 3083 3304 3141 sonst ganz prächtigen Hunding. Ein poetisch
337 3118 3304 3202 Herr Brückner, sich in die Art Anatols zu fin= sprochener Heldensänger ist, war unverkennbar. Und umgab den Valentin des Herrn Svanfeld
2417 3234 2535 3322 1
1755 3247 2438 3395 O
