3296 4224
1760 123 2153 226 box 7/4
848 128 1593 206 an das Schicksal
556 134 700 216 Fre
132 176 1634 254 4.1. Die afe d  nm
853 248 2348 344 eengenerngunr enenatenenente kenmenrnnenetrenermennenmrenntmerenrenrnet heeieneen eher hehen kadihe
1433 348 1783 409 Telefon 12801.
1130 432 2066 512 Unternehmen für Zeitungs-Ausschnitte.
2110 447 2344 525 Ausschnitt
988 497 1161 586 105
2024 526 2345 623 Nr. 30
1263 506 1907 623 „OBSERVER“
888 609 2342 677 I. österr. behördl. concess. Bureau für Zeitungsberichte und Personalnachrichten
1178 683 2044 775 Wien, IX/1 Türkenstrasse 17.
1110 754 2155 857 Filiale in Budapest: „Figyelö“, VIII. Josefsring 31 a. —
862 898 1349 998 Ausschnitt aus:
1458 884 2137 1020 Nationalzeitung, Berlin
875 1004 1289 1119 vom ½ 9%
1412 1195 1830 1279 Lessing=Theater.
992 1224 2226 1332 e Wien und Berlin sind in den beiden Luftspielen, die am
1008 1315 2221 1373 Sonntag im Lessing=Theater gegeben wurden, als zwei ver¬
1010 1347 2224 1405 schiedene und doch wieder verwandte Welten gegenübergestellt.
1016 1400 2218 1459 Der Gegensatz liegt im Naturell der Autoren, von denen der
1021 1438 2222 1491 Eine aus Süddeutschland, der Andere aus Norddeutschland stammt,
1023 1479 2222 1540 das Gemeinsame in den Stoffen, die sorglos angefangene und
1020 1533 2225 1600 wieder abgebrochene Liebesabenteuer behandeln. Wir befinden
1014 1563 2224 1618 uns dabei auf sittlich bedenklichem Boden, der für das Familien¬
1011 1615 2217 1682 leben eine gefährliche Nachbarschaft bedeutet und doch durch die
1025 1655 2155 1706 stärkste moralische Entrüstung nicht aus der Welt
1018 1701 2208 1752 schaffen ist. Den Nährboden für dergleichen Wirrnisse
1030 1741 2216 1805 in Herzensangelegenheiten bildet die Großstadt mit ihrem ge¬
1026 1785 2214 1836 steigerten Genußleben und Daseinskampf, wodurch die Leiden¬
1013 1830 2218 1887 schaften frühzeitig entfesselt und erst nach geraumer Zeit in einem
1014 1874 2221 1950 geordneten häuslichen Leben beruhigt werden. Die Moral der
1017 1922 2206 1989 guten Gesellschaft kann diese Dinge nicht billigen, pflegt sie
1021 1966 2209 2030 aber auch nicht allzu streug zu verurtheilen, und Sache des
1015 2000 2216 2060 Dichters ist es, sie menschlich zu verstehen und ihnen einen
1007 2052 2203 2117 Schimmer von Poesie abzugeweinnen. Der Wiener Antor, der
1005 2099 2208 2167 zuerst zu Wort kam, ist Arthur Schnitzler, der Verfasser
1013 2135 1319 2189 der „Liebelei“
1348 2148 2208 2200 Sein kreiles Stü—„Frage an das
1003 2185 2209 2246 Schicksal“ befindet sich mit sechs anderen Einaktern in dem
1006 2220 2219 2290 Bändchen „Anatol“, das seinen Autor schnell bekannt machte,
1012 2266 2210 2311 weil er darin mit großer Offenheit und Begabung, ohne ins
1006 2309 2213 2376 Brutale oder Häßliche zu verfallen, die lockern Beziehungen
1014 2351 2214 2421 schilderte, in die ein Lebemann halb absichtlich, halb zufällig
1006 2394 2228 2463 geräth, bevor er sich eine Frau nimmt. Das erwähnte Lust¬
871 2437 974 2507 Far
982 2442 2148 2507 ispielchen ist nicht so drastisch, wie das „Abschiedssouper“.
974 2481 2272 2551 1(dem wir Pfingsten vorigen Jahres Fräulein Adele Sandrock bei W“.
958 2535 2271 2598 20ihrem Gastspiel im Theater des Westens den gemüthlichen ar
960 2571 2297 2641 50Wiener Leichtsinn so drollig verkörpern sahen. Die „Frage!“
898 2616 2321 2691 „ 100an das Schickjal“ ist für die Bühne ein gar zu winziges; 12.
997 2661 2327 2738 Ding. Man wird kaum warm, da fällt schon der g der.
874 2695 2199 2773 Abonn Vorhang und die Pointe selbst ist nicht sonderlich über¬
870 2712 2203 2799 Abonbraschend. Anatol läßt sich darin durch einen Freund
1006 2793 2219 2860 überreden, seinen Schatz, der aus seiner Vergangenheit gar kein;
997 2839 2259 2887 Hehl gemacht hat, aber im Uebrigen ein „süßes Mädel“ dar¬ —
995 2857 2206 2949 stellt, in hypnotischen Schlaf zu versenken und in dem kitzligen
985 2926 2214 3008 Punkt der Treue auszuforschen. Er bringt die dumme Frage.
997 2977 2211 3062 aber, trotzdem er sich wiederholt einen Stoß giebt, nicht über
1003 3034 2209 3075 die Lippen und zieht es zum Schluß vor, die Kleine aufzu¬
995 3072 2215 3133 wecken und durch einen kräftigen Kuß das Problem, das ihn
1005 3115 2212 3186 beschäftigt, weit einfacher zu lösen. „Anatol“ erschien 1893
998 3165 2212 3225 und ebenso alt ist auch das Lustspiel von Otto Erich Hart¬
997 3201 2209 3259 leben Erziehung zur Ehe“ dessen drei Aufzüge eine ganz
997 3229 2207 3310 andere Stimmung in uns hervoreufen. Sein Verfasser ist in
1002 3289 2198 3340 erster Linie Satiriker, der eine Freude daran empfindet, die
1005 3338 2189 3398 Dummheiten der Menschen drollig zu übertreiben und trockene
1007 3380 2188 3442 Moralprediger zu ärgern. Er weiß, daß auch für den tugend¬
998 3421 2208 3476 stolzen Mann die Stunde kommt, in der ihn seine Würde im
992 3469 2194 3535 Stich läßt und er gern strancheln möchte, wenn es sich nur,
1003 3513 2195 3562 ohne Aufsehen zu erregen, machen ließe. Heuchlerische Naturen
999 3547 2204 3606 werden das allerdings nicht zugeben, und gerade auf diese hat
989 3594 2201 3654 es Hartleben abgesehen. Auf dem Titelblatt seines Stückes
994 3649 2207 3697 prangt verheißungsvoll die Aufschrift „In philistros!“, wie
1010 3695 2189 3746 Schiller seinen „Räubern“, sein „In tyrannos!“ vor¬
1001 3726 2197 3781 setzte. Der Spaß beginnt bei Hartleben also schon, bevor
991 3775 2194 3820 das Stück anfängt. Er will der sogenannten bürgerlichen
999 3819 2206 3878 Gesittung ein Mal gründlich heimleuchten und ihre Schwächen
994 3859 2208 3900 und Albernheiten enthüllen. Die jungen Männer, die heirathen
993 3904 2205 3962 sollen, sind nach seiner Meinung entweder zu unbemittelt, um
999 3955 2202 4007 es zu können oder ihre Bräute so schreckliche Gänschen, daß die
992 3997 2217 4047 zukünftigen Familienväter uns schon bei der Verlobung von
998 4031 2214 4083 Herzen leid thun. In Berlin, denkt vermuthlich der Dichter,
1001 4087 2206 4124 wird ja Alles ironisirt, warum sollte das Glück am häuslichen
