3392 4256
838 180 1634 261 an das Schicksal
627 196 735 262 ra
152 200 1723 305 4.1. Die e  n
1177 781 1551 869 Telephon 12.801.
1219 886 1546 975 Dtt eun
540 957 615 1002 K
678 923 1311 1022 „UDSERVER
447 1013 1542 1089 österr. behördl. konz. Unternehmen für Zeitungs-Ausschnitte
591 1070 1437 1153 Wien, I., Concordiaplatz 4.
793 1152 1215 1216 Vertrefungen
467 1200 1540 1262 in Berlin, Budapest, Chicago, Christiania, Genf, Kopen¬
467 1250 1549 1301 nagen, London, Madrid, Mailand, Minneapolis, New-Vork,
498 1288 1502 1351 Paris, Rom, San Francisco, Stockholm, St. Petersburg.
460 1358 1635 1458 Ausschnitt aus Wiener Allgemeine Zeitung, Wien.
452 1467 612 1538 vom:
992 1463 1302 1572 .7 3 1910
436 1646 1465 1729 („Concordia“=Matinee.) Eine Anatolszene
322 1722 1466 1785 machte den Anfang. Auf(der Bühne verrieten zwei trübe
321 1759 1464 1819 brennende Ampeln, eine, Unmasse (Fauteuils mit noch mehr
324 1804 1462 1864 Pölstern Odie Hand Direktor Steiners. Trotzdem konnte man
320 1855 1454 1896 sich des Eindruckes nicht erwehren, daß dieses lauschige Zimmer
325 1875 1469 1956 nur für dieses eine Mal sich so reptäsentierte, daß ansonsten
326 1941 1456 1981 all die Möbel umer grauleinenen Ueberzügen ruhen, daß die
324 1983 1461 2032 lüsternen Ampeln in unförmigen Säcken stecken, daß Anatols
324 2024 1006 2095 Heim abgesperrt und einsam ist ...
1009 2020 1457 2083 Es war einmal; vor
317 2071 1454 2135 zehn Jahren ... Herr Charlé war ein etwas behäbiger
324 2114 1465 2175 Onkel Anatol, Herr Eisleé sehr diskret, Fräulein
321 2142 1288 2219 Wallentin munter und hübsch. Es folgte
1283 2153 1461 2219 „Venus
320 2197 1466 2243 im Grünen“ von Oskar Straus. Am besten
325 2236 1461 2298 gefiel hier ein Walzerquartett. Das temperamentvolle
325 2284 1468 2326 Spiel der Damen Keplinger und Zwerenz, die som¬
321 2324 1469 2390 pathische Leistung Max Rohrs sowie der immer drollige und
318 2366 1473 2423 drastische Waldemar trugen zum Erfolg wesentl# bei.
336 2412 1471 2465 Und nun der Clou: Girardi als Domkapellmeister Drexler in
333 2454 1475 2508 Leo Falls „Brüderlein fein“. Mag sein, daß in diesem
334 2496 1466 2562 netten Singspielchen wirklich ein echter Stimmungsreiz ist; mag
323 2540 1465 2602 sein, daß all der Zauber von Girardi ausging — das Werkchen
322 2582 1466 2638 wirkte ganz wunderbar. Jedesmal sagt man: So wie er
1390 2631 1437 2678 act
568 2658 724 2707 —
363 2693 1504 2764 (nämlich Girardi) das singt, das war noch nicht da ... Als¬
365 2752 1488 2809 wiederum: Wie er und Mizzi Günther das Tanzduett
360 2803 1494 2859 „Nicht zu schnell und nicht zu langsam . . .“ bringen
354 2830 1506 2885 das war wirklich noch nicht da. Ober das Lied von
354 2870 663 2924 „Lindenbaum“
743 2873 1499 2950 Gerda Walde war eine ganz reizende
355 2900 1491 2981 Jugend. Das Publikum raste vor Begeisterung. Der außer¬
350 2957 1499 3043 gewöhnliche Erfolg der gestrigen „Concordia“=Vorstellung und
355 3006 1506 3081 die zahlreichen Wünsche nach einer Wiederholung, die
353 3055 1509 3125 namentlich aus jenen Kreisen laut wurden, welche füx' die
356 3099 1497 3158 gestrige Matinee keine Karten mehr erhalten konnten, ver¬
354 3149 1498 3208 anlassen das Komitee, die Vorstellung mit demsolben
347 3171 1498 3242 Programm am Sonntag den 20. d., halb 3 Uhr nach¬
351 3217 1507 3287 mittags im Carl=Theater zu wiederholen.
349 3271 1494 3333 Der Kartenvorverkauf wird übermorgen Mittwoch, 9 Uhr vor¬
350 3309 1511 3387 mittags bei den beiden Tageskassen des Carl¬
339 3343 689 3425 Theaters eröffnet.
2766 132 2917 208 N34
1720 172 2165 262 box 7/4
2235 185 2870 274 „ODCEINVER
2142 259 3124 350 r. behördl. konz. Unternehmen für Zeitungs Ausschnitte
2197 312 2936 396 Wien, I., Concordiaplatz 4.
2407 372 2738 440 Vertretungen
2025 411 3126 491 in Berlin, Basel, Budapest, Chicago, Cleveland, Christiania,
2022 458 3125 515 Gent, Kopenhagen, London, Madrid, Mailand, Minneapolis,
2014 503 3121 581 New-Vork, Paris, Rom, San Francisco, Stockholm, St. Peters¬
2413 544 2719 601 burg, Toronto.
2339 586 2792 658 (Quellenangabe ohne Gewähr).
2009 627 2286 735 Ausschnit
2280 654 3058 799 dde Freie Prosse, Wian
2139 714 2429 809 7 MI1.1910
2023 755 2153 821 vom:
2001 807 2173 860 E
2176 819 2948 922 Theateg=Wnd Kunstnachrichten.
2754 874 3127 947 Wien, 7. März.
2047 928 3130 994 [„Concordia“=Matinec im Carl=Theater.]
1973 969 3136 1025 Die Veranstaltungen der „Concordia“ pflegen die Wiener
1978 1020 3137 1081 Talente in einer aparten und kostbaren Auswahl zu ver¬
1985 1057 3136 1118 einigen die kein Theaterdirektor und kein Unternehmer zu
1984 1104 3141 1160 stande brächte. Und das Renommee dieser künstlerischen Ver¬
1988 1148 3136 1202 anstaltungen wird durch jede neue Veranstaltung noch erhöht.
1977 1189 3140 1249 Das Publikum kommt in distinguierten Scharen herbei und
1981 1219 3144 1284 es gibt bei den „Concordia“=Vorstellungen eigentlich nur eine
1970 1280 3133 1335 Art von Unzufriedenen und Mißvergnügten: nämlich jene,
1981 1310 3140 1363 die keinen Platz mehr finden konnten. So war es auch an
1975 1356 3136 1430 dem gestrigen, in mancherlei Hinsicht interessanten Einakter¬
1975 1416 3130 1460 nachmittag im Carl=Theater. Suppés Ouverture „Flotte
1967 1441 3136 1507 „Bursche“ bildete den animierenden Auftakt. Das Orchester des
1970 1497 3135 1558 Carl=Theaters spielte sie unter der Leitung des Kapellmeisters
1980 1537 3130 1589 Josef Holzer mit viel Temperament. Dann ein feines
1965 1569 3138 1623 Stück aus Artur Schnitzsers zierlicher und glitzernder
1966 1622 3128 1673 „Anatol“=Garnitur. Minich=Die Frage an das Schicksal“
1972 1651 3138 1715 diese geistvolle, hypnotisch=erotische Komödie, die man schon auf
1975 1699 3136 1757 einigen Wiener Bühnen gesehen hat. Um die diesmalige Auf¬
1973 1740 3130 1799 führung hatte sich die Neue Wiener Bühne mit künstlerischem
1982 1784 3137 1842 Elfer und Sorgfalt bemüht. Die geschmackvolle Inszenierung
1977 1831 3136 1885 hatte Direktor Adolf Steinert besorgt. Den Anatol gab
3021 1874 3134 1925 das
1967 1871 3023 1927 Herr Charlé in seiner eleganten und legeren Art,
3021 1908 3138 1965 des
1977 1911 3019 1979 Wienerische unterstreichend, was vielleicht die Absichten
1974 1948 3139 2031 Dichters nicht völlig trifft, aber sehr wirksam ist. Seine
1952 2007 3142 2076 Partnerin, Fräulein Klaire Wallentin, war ein sehr
1973 2041 3134 2096 liebenswürdiges Medium und zeigte auch in dieser kleinen
1982 2089 3137 2138 und etwas passiven Rolle viel von ihrer graziösen und geist¬
1969 2118 3136 2181 vollen Kunst. Herr Hans Ziegler sekundierte als Max in
1971 2181 3138 2241 guter, angenehmer Haltung. Hierauf folgte „Venus im
1966 2210 3137 2272 Grünen“ ein Fastnachtspiel von Rudolf Lothar, das vor
1973 2242 3140 2318 zwei Jahren im Deutschen Volkstheater gegeben worden ist.
1975 2291 3148 2367 Nun hat der Autor das liebenswürdige, altitalienische
1977 2339 3137 2393 Maskenspiel zu einer Miniaturspieloper umgearbeitet, wozu es
1976 2387 3141 2441 sich viel besser eignet. Oskar Straus hat die Musik dazu
1973 2418 3138 2464 geschrieben. Er verleugnet auch im toskanischen Milien seine
1979 2460 3139 2520 wienerische Art nicht, die sich in einigen hübschen Walzern
1978 2505 3136 2551 Luft macht. Am besten gefiel ein einschmeichelndes Walzer¬
1958 2543 3136 2613 duett „Engelsflügel auf dem Rücken“ das wiederholt werden
1982 2575 3145 2644 mußte. Die Darstellung hatte das Carl=Theater übernommen.
1977 2630 3148 2685 Direktor Kadelburg sorgte für eine stimmungsvolle In¬
1979 2671 3149 2731 szenierung. Die vier Rollen der kleinen Spieloper wurden
1977 2714 3141 2779 von den Damen Keplinger und Zwerenz, den Herren
1973 2760 3136 2812 Rohr und Waldemar sehr hübsch und humorvoll ge¬
1976 2797 3151 2870 spielt und gesungen. Der Abschluß und zugleich der Höhe¬
1982 2851 3134 2902 punkt des Nachmittags war Leo Falls „Brüderlein fein“.
1981 2888 3140 2954 Diese überaus reizvolle Altwiener Operette ist durch die oft¬
1978 2932 3133 2991 malige Aufführung in einem Kabarett längst ins Wiener
1987 2966 3144 3034 Gehör gegangen und auch hier ist sie seinerzeit ausführlich
1983 3007 3146 3074 gewürdigt worden. Der Text Julius Wilhelms und die
1974 3043 3137 3108 stellenweise entzückende Musik Leo Falls haben im größeren
1990 3093 3147 3154 Rahmen nicht von ihrem anheimelnden, altmodischen Lieb¬
1987 3132 3150 3198 reiz verloren. Es war aber auch für eine außerordentliche
1980 3191 3137 3245 Darstellung gesorgt. Girardi als Altwiener Domkapell¬
1978 3237 3128 3278 meister Drechsler war unvergleichlich: in Maske und Spiel,
1983 3270 3132 3335 im Singen und Tanzen fesch und gemütvoll, übermütig und
1979 3321 3138 3365 rührend, jung und alt und wieder jung. Schade, daß diese
1981 3346 3148 3405 Figur nicht weiter ausgeführt wurde zu einer vollständigen
1976 3396 3137 3447 Rolle für den gereiften Girarbi, den man jetzt mit erneuerter
1979 3421 3147 3497 und noch herzlicherer Liebe bewundert. Mizzi Günther
1980 3483 3145 3535 war seine Partnerin. Sie fand sich in die Rolle der alten
1985 3535 3142 3586 Wienerin mit reizender Anmut und trug die grauen Haare
1986 3560 3151 3621 und die Falten mit viel Charme. Auch im Gesang und Tanz
1988 3607 3143 3659 erwies sich die Künstlerin als würdige Girardi=Partnerin.
1983 3659 3140 3712 Fräulein Gerda Walde verkörperie die Jugend sehr hübsch
1992 3691 3138 3757 und zierlich. Direktor Siegmund Natzler hatte die Operette
1989 3720 3150 3794 mit Geschmack in Szene gesetzt. Der Nachmittag verlief in
1987 3781 3142 3836 überaus animierter Stimmung und brachte allen Mit¬
1987 3817 3146 3887 wirkenden, den Darstellern, Regisseuren und den beiden diri¬
1984 3845 3207 3935 gierenden Komvonisten viel Beiiall Herporrufe und Alenn I.
1926 3917 3084 4014 Alle diese Künstler hatten ihre Rollen füg die einmalige Auf¬
1929 3976 3079 4073 führung studiert, aber es wird „i#####diß bald eine zweite
2482 4028 2596 4098 4
1921 4020 2086 4108 folgen.
