3392 4256
1211 232 1627 306 Schicksal
1754 229 2164 324 box 7/4
856 238 1151 309 an das
132 267 1643 344 4.1. Die Frage a. das Sehtenser
2333 549 2842 627 Ausl. Verrreter des Verlages.
2341 608 2827 670 Für Oesterreich=Ungarn: Herr
409 597 911 672 Der Insertionspi“; für An¬
2344 635 2817 694 Dr. O. F. Eirich, Hof¬ u. 20
407 653 916 709 noncen betragt für die dreige¬
2351 672 2828 733 richtsadvokat in Wien, II., Pra¬
412 681 917 737 spaltene Petitzeile 20 Pfennige und
2502 698 2702 750 terstr. 38;
412 731 914 792 nehmen solche die Expedition dieser
2351 719 2821 796 für Schweden u. Norwegen:
2351 761 2815 828 Herr F. Hedberg in Stockholm.
413 771 918 825 Zeitung dirert und auch sämmt¬
2448 790 2756 841 Pöbeinsgaran 35:
1083 781 1676 873 Ariiig
1711 785 2295 874 Gkitstl
409 807 911 866 liche Annoncen-Bureaux von Rud.
2347 809 2830 881 für Dänemark: Hr. Henris Heu¬
408 847 913 905 Mosse und Haasenstein & Vogler
2348 861 2821 912 nings, Kal Hofmusikalienbändl.
407 893 916 938 in allen Städten und zu jeder Zeit
2354 893 2824 945 in Kopenbagen, Amagericrv 6:
2348 923 2818 983 für Amerika: Herr Emannel
438 937 895 993 ohne Kostenaufschlag entgegen.
2358 953 2755 1017 Lederer in New=Pork. 13
955 919 2300 1034 Organ für den Verlag dramatischer und muskalischer Werke.
2474 985 2704 1052 42 D Street.
1075 1025 2163 1077 Fernsprech-Auschluß, Imt I, No. 1306.
328 1107 545 1185 No. 18.
1394 1110 1880 1194 Berlin am 6. Mai
2697 1118 2888 1206 1900.
438 1227 2897 1284 Die Verlags=Firma A. Eutsch (Inhaber Theoder Entsch), Berlin N W. 7, Neue Wilhelm=Straßze 1, übernimmt den Ankauf, resp. Verlag
335 1284 2905 1334 aller literarischen und musikalischen Erscheinngen im Gebiete der dramatischen Kunst, und steht in unmittelbarer Verbindung mit dieser
333 1325 2271 1391 Zeitung. Die Provision für den Verlag dramatischer und musikalischer Werke wird mit 10 Procent berechnet.
752 1448 1198 1539 Wochenbericht.
1625 1437 2896 1612 Frage an das Schicksal.
322 1558 1617 1644 Berlin (Schiller=Th.) Revisor. Motenburger. Maschinen¬
407 1611 1349 1663 bauer. Welt, in der man sich langweilt.
2003 1606 2508 1695 Lustspiel in einem Akt
393 1639 1352 1718 (Carl Weiß=Th.) Zm Spieltisch des Lrbens.
2179 1667 2305 1735 von
329 1673 1186 1748 Aachen. (Bernarts=Th.) Frauenkampf.
333 1712 1457 1798 Abbazia. Abschiedssouper. Unsere Sonnabende.
1888 1735 2608 1815 Arthur Schnitzler.
335 1767 865 1827 Aussig. Gelkrüglein.
320 1787 1263 1860 Breslau (Lobeth.) Schmeiterlingsschlacht.
348 1848 1249 1916 (Deutsches=Th.) Zieder des Musikanten.
330 1874 768 1937 Barmen. Geisha.
333 1918 1323 1994 Braunschweig (Holst. Th.) Abschiedssouper.
1654 1802 2826 1999 Der Abenteurer und die Sängiern.
334 1962 918 2019 Bielitz. Probekandidat.
1860 1973 2650 2051 Dramatisches Gedicht in einem Akt
329 1983 1021 2064 Budweis. Hann ohne Ropf.
328 2032 1109 2104 Celle Probekandidat. Geisha.
2187 2041 2318 2101 von
319 2072 507 2129 Düsse
491 2064 1161 2146 arf (Heine Ensemble.) Jugend.
1893 2087 2601 2163 Hugo von Hofmannsthal.
334 2122 505 2173 Detm
570 2111 766 2178 Dolly.
326 2157 1627 2229 Dill kg. Heimath. Ziebelei. Unbeschriebenes Blatt.
536 2205 1320 2267 a von heute. Madame Bonivard.
1710 2204 2799 2268 Aufführung durch die „Freie literarische
318 2221 966 2299 Elber##n Drabekandidat.
320 2266 1358 2342 El-ter. Große Komet. Madan Mongodin.
1670 2269 2837 2340 Vereinigung“ am Lobe=Theater zu Breslau,
331 2314 1273 2374 Gröbming. Bruder Martin. s' Uullerl.
1607 2324 2905 2402 welche mit beiden Stücken einen großen Erfolg erzielte. Nachfolgend
334 2356 1188 2406 Gröhl. s' Aullerl. Fruder Martin.
2116 2367 2388 2433 die Referate:
329 2387 1605 2468 Hamburg (Ensemble des Friedr. Wilhelmst. Th.) Ein gesunder
412 2432 593 2486 Junge.
1994 2422 2495 2501 „Schlesische Zeitung".
333 2455 1171 2535 Hannover (Residenz=Th.) Hochzeitstag.
1681 2481 2902 2555 Wie im vergangenen Jahre hat die Freie Literarische Vereinigung
391 2511 1600 2587 (Ensemble des Friedr. Wilhelmst. Th.) Ein gesunder Junge.
1607 2516 2899 2573 auch diesmal die Reihe ihrer dankenswerthen Veranstaltungen mit einer
325 2552 1021 2611 Heinrichsgrün. Rabenvater.
1614 2566 2896 2622 dramatischen Matinde beschlossen, welche am letzten Sonntag im Lobe¬
331 2579 1410 2633 Hallstadt. Stabstrompeter. Familie Schneck.
1613 2610 2898 2659 #theater stattfand. Als erster kam Arthur Schnitzler, der Verfasser der
319 2630 1415 2697 Königsberg i. Pr. (Sommer=Th.) Im Himmelhof.
1619 2648 2898 2706 wehmüthig=reizvollen, ergreifenden „Liebelei“, des das Duellproblem
325 2662 1056 2723 Klagenfurt. Der kleine Tord.
1616 2692 2905 2740 anziebend, wenn auch nicht bedenkenfrei behandelnden Dramas „Frei¬
331 2691 1353 2758 Leipzig (Battenberg=Th.) Bild des Signorelli.
1609 2727 2891 2795 wild“ und des vielbesprochenen Einatiercyklus, zu Worte. Aber mährend
315 2747 1603 2804 Landeck. Blitzmädel. Charley's Tanke. Kameliendame.
1614 2768 2896 2819 er bei der vorjährigen Matinée mit feiner päckenden Groteske „Der
411 2775 1610 2842 Einer von unsere Teut. Glück im Minkel. Heiraths¬
1602 2805 2903 2855 grüne Kakadu“ das Hauptgericht geliefert hatte, würzte er diesmal
406 2822 1602 2875 nest. Höhere Töchter. Heiratha Probe. Jugend
1613 2841 2898 2899 die Freuden der dramatischen Frühstückstafel nur mit einem kleinen Bei¬
410 2866 1609 2936 von heute. Kleine Tord. Peodzkandidak. Togen¬
1608 2887 2899 2929 gericht in Gestalt einer fein ausgearbeiteten, zierlichen Nippsache, die der
403 2893 1597 2960 brüder. Ziebrlei. s' Hullerl. Mäktunnter. Schmeiter¬
1606 2921 2891 2959 schon 1893 erschienenen Reihe seiner „Anatol“=Stückchen angehört.
408 2947 1604 2992 lingsschlacht. Staostrompeter Ein kaller Einfall.
1602 2956 2896 3014 Schnitzler's Eigenart zeigt sich vielleicht am klarsten gerade in diesen
397 2982 1415 3036 Unser Doctor. Walzerkönig. Winter#ulaf.
1615 3000 2891 3054 Ralogischen Novelletten, die nach Richard M. Meyer's Ansicht zu dem
331 3023 1286 3074 Laibach. Coulissenzauber. Enoc Jeden.
1613 3030 2899 3097 Originellsten gehören, das die moderne Literatur hervorgebracht hat.
334 3051 1607 3112 München (Heine Ensemble.) Zeibal. dem das Seine.
1607 3075 2898 3139 In detztschen Landen war Wien, wo die Kunst leichter, liebenswürdiger
406 3088 727 3158 Fremdlinge.
1621 3111 2900 3161 Plauderei als eine Ueberlieferung des Rococo sich erhalten hat, die
329 3128 1148 3204 Marienbed. Mamselle Taurbillon.
1615 3155 2919 3227 einzige Stätte, die den geeigneten Nährboden für die dialagische Novellette
328 3172 1153 3222 Marschendorf. Heirath auf Probe.
1621 3198 2897 3239 darbot, und Schnitzler, ein Meister der Stimmungsmalerei, gerade der
326 3204 1481 3295 Mährisch-Trübau. Ziebeshrirath. Armes Mädel
1626 3232 2901 3298 rechte Mann, um die von der Seine an den Donaustrand versetzte
321 3257 1057 3315 Neunkirchen. Armes Mädel.
1615 3271 2906 3322 Pflanze zur dustenden, farbenschönen Blüthe zu bringen. „Die Frage
326 3280 1598 3354 Prag (Deutsches Landes=Th.) Urmes Mädel. Muschelkinder.
1616 3300 2911 3365 an das Schicksal“ die vorgestern in Scene ging, ist schon einmal an
324 3340 1612 3400 — (Heine Ensemble.) Teibalte. Jedem das Seine. Fremdlinge.
1613 3330 2905 3415 einem Vortragsabende der Freien Literarischen Vereinigung vorgelesen
319 3371 1366 3442 Pilsen. Im Pavillon. Hotel zum Freihafen.
1621 3383 2906 3432 worden. Hatte das kleine Stück schon damals sehr gefallen, so steigerte
326 3398 1598 3474 Pressnitz. Mutter Erde. Zum Einsiedler. Abschieds¬
1615 3432 2893 3477 sich seine Wirkung bei der Wiedergabe auf der Bühne, dank dem
315 3453 1438 3515 Stettin (Elys. Th.) Vielgeprüfte. Rohrpollbriefe.
1612 3470 2893 3524 rühmlichen Spiele der drei beschäftigten Mitglieder unserer vereinigten
323 3492 1386 3562 Stralsund. Opernball. Der jüngste Tentnank.
1617 3508 2902 3555 Theater und der in der feinabgetönten Stimmung vorzüglich getroffenen
321 3531 886 3594 St. Pölten. Opernball.
1627 3540 2890 3591 Inscenirung durch Herrn Regisseur Otto Vischer, noch ganz erheblich,
330 3570 847 3641 Trier. Frauenkampf.
1622 3571 2897 3640 Diese dramatische Kleinigkeit ist so sauber ausgefeilt und von so schalkhafter
328 3601 754 3667 Viersen, Wörth.
1627 3622 2896 3673 Satire erfüllt, der Eindruck so sicher gesteigert, daß ein Cabinetstück daraus
334 3631 959 3708 Villach. Der kleine Lord.
1611 3657 2899 3721 geworden ist. Der Ton der hier angeschlagenen Saite klingt uns auch
328 3677 1603 3771 Warmbrunn. Jugend von heute. Dolln. Unter blonden
1610 3702 2895 3762 in dem an zweiter Stelle als Hauptstück der Ausführung folgenden
397 3731 949 3786 Pestien. Hochzeitstag.
1616 3743 2901 3786 dramatischen Gedichte „Der Abenteurer und die Sängerin“ von
335 3752 979 3832 Werden, Charley's Tanke.
1619 3782 2904 3827 dem ebenfalls zum schöngeistigen Wien und zwar als eine seiner neuesten
339 3794 959 3864 Wien (Raimund=Th.) Dora.
1615 3819 2900 3877 Koryphäen gehörenden Hugo von Hofmannsthal entgegen. Was
336 3844 1035 3907 Wermstedt. Familie Schneck.
1616 3858 2891 3907 Hofmannsthal uns bietet, gewährt beim Lesen wie beim Sehen im
327 3881 1007 3956 Wagstadt. Familie Schneck.
1618 3890 2903 3938 Bühnenbilde einen nicht geringen Genuß. In dem „Abenteurer“ einer
1613 3928 2904 3986 farbenprächtigen Verherrlichung des „Lebens um jeden Preis“, bewegi
1622 3965 2888 4025 sich der Verfasser mit Behagen in der von berauschenden Düften durch¬
1617 4015 2899 4066 wogten, schwülen Atmosphäre des decadenten Rococo mit seinen weltlich
1607 4047 2892 4114 lüsternen Abbes und seinen leichtfertigen, eleganten Frauen, seinem
1612 4088 2900 4155 gewissenlosen Spiel mit Herzen und Geldbörsen, seinen Mummereien
