<?xml version="1.0" encoding="UTF-8" standalone="yes"?>
<PcGts xmlns="http://schema.primaresearch.org/PAGE/gts/pagecontent/2013-07-15" xmlns:xsi="http://www.w3.org/2001/XMLSchema-instance" xsi:schemaLocation="http://schema.primaresearch.org/PAGE/gts/pagecontent/2013-07-15 http://schema.primaresearch.org/PAGE/gts/pagecontent/2013-07-15/pagecontent.xsd">
    <Metadata>
        <Creator>prov=University of Rostock/Institute of Mathematics/CITlab/Gundram Leifert/gundram.leifert@uni-rostock.de:name=ONB_Newseye_GT_M1+(htr_id=10810)::::v=2.4.2
prov=University of Rostock/Institute of Mathematics/CITlab/Tobias Gruening/tobias.gruening@uni-rostock.de:name=de.uros.citlab.module.baseline2polygon.B2PSeamMultiOriented:v=2.4.2
prov=University of Rostock/Institute of Mathematics/CITlab/Tobias Gruening/tobias.gruening@uni-rostock.de:name=/mnt/transkribus/LA/DEA/URO/LA_news_onb_att.pb:de.uros.citlab.segmentation.CITlab_LA_ML:v=2.4.2
Transkribus</Creator>
        <Created>2019-10-07T11:55:59.059+02:00</Created>
        <LastChange>2019-10-08T19:21:58.376+02:00</LastChange>
        <TranskribusMetadata docId="224001" pageId="9504894" pageNr="1" tsid="16607605" status="IN_PROGRESS" userId="40391" imgUrl="https://files.transkribus.eu/Get?id=PYXQQLTMSEGMDQWIGRZVIOQY&amp;fileType=view" xmlUrl="https://files.transkribus.eu/Get?id=FMCXBOKGJFIWYYVZNLPLYHQN" imageId="6195108"/>
    </Metadata>
    <Page imageFilename="224001_0001.jpeg" imageWidth="3296" imageHeight="4224">
        <ReadingOrder>
            <OrderedGroup id="ro_1711444581328" caption="Regions reading order">
                <RegionRefIndexed index="0" regionRef="r1"/>
            </OrderedGroup>
        </ReadingOrder>
        <TextRegion orientation="0.0" id="r1" custom="readingOrder {index:0;}">
            <Coords points="136,153 136,3906 2920,3906 2920,153"/>
            <TextLine id="r1l1" custom="readingOrder {index:0;}">
                <Coords points="845,185 1623,187 1622,116 1599,113 1480,137 1443,113 845,134"/>
                <Baseline points="863,176 900,176 937,176 974,176 1011,176 1048,177 1085,177 1122,177 1159,177 1196,177 1234,176 1271,176 1308,176 1345,176 1382,176 1419,176 1456,176 1493,175 1530,175 1567,175 1605,175"/>
                <TextEquiv>
                    <Unicode>an das Schicksal</Unicode>
                </TextEquiv>
            </TextLine>
            <TextLine id="r1l2" custom="readingOrder {index:1;}">
                <Coords points="1780,197 1803,190 1844,206 1864,186 1881,203 1908,192 1939,206 1983,185 2180,208 2180,130 2135,113 2064,130 2047,114 2010,114 1979,134 1860,115 1779,125"/>
                <Baseline points="1797,176 1823,177 1849,178 1875,178 1901,179 1927,179 1953,179 1980,179 2006,179 2032,179 2058,178 2084,177 2110,177 2136,175 2163,173"/>
                <TextEquiv>
                    <Unicode>box 7/4</Unicode>
                </TextEquiv>
            </TextLine>
            <TextLine id="r1l3" custom="readingOrder {index:2;}">
                <Coords points="400,189 576,179 769,194 770,129 729,139 699,125 644,132 607,115 553,135 441,114 400,124"/>
                <Baseline points="418,179 443,179 469,179 495,178 520,177 546,177 572,177 597,176 623,176 649,177 674,178 700,179 726,181 752,183"/>
                <TextEquiv>
                    <Unicode>Die Frag</Unicode>
                </TextEquiv>
            </TextLine>
            <TextLine id="r1l4" custom="readingOrder {index:3;}">
                <Coords points="145,211 1594,232 1649,212 1649,138 909,173 814,121 756,175 145,140"/>
                <Baseline points="161,180 234,186 308,191 381,194 455,197 529,199 602,200 676,201 749,201 823,201 897,200 970,199 1044,198 1117,197 1191,196 1265,196 1338,195 1412,195 1485,195 1559,196 1633,198"/>
                <TextEquiv>
                    <Unicode>4.1. Dirage an aus benicksal</Unicode>
                </TextEquiv>
            </TextLine>
            <TextLine id="r1l5" custom="readingOrder {index:4;}">
                <Coords points="164,919 2914,888 165,847"/>
                <Baseline points="181,897 316,898 452,898 588,899 723,901 859,902 995,903 1130,905 1266,907 1402,909 1538,911 1673,912 1809,914 1945,917 2080,919 2216,921 2352,923 2487,925 2623,928 2759,929 2895,932"/>
                <TextEquiv>
                    <Unicode>s Nachschlüssels aus sich die Herren auf das Bollkonmenste in den geistigen Hahet“] an Hrn. de Fouiquebane gerichtet hat, der von 1565 bis 1568</Unicode>
                </TextEquiv>
            </TextLine>
            <TextLine id="r1l6" custom="readingOrder {index:5;}">
                <Coords points="175,949 219,953 247,936 277,950 298,940 440,945 457,935 539,947 539,902 176,895"/>
                <Baseline points="191,938 216,935 241,935 266,934 292,934 317,934 342,934 368,936 393,936 418,937 444,938 469,938 494,938 520,938"/>
                <TextEquiv>
                    <Unicode>ger Werkführer aus</Unicode>
                </TextEquiv>
            </TextLine>
            <TextLine id="r1l7" custom="readingOrder {index:6;}">
                <Coords points="528,956 1723,962 1723,904 529,905"/>
                <Baseline points="546,943 604,943 662,944 720,945 778,945 836,946 894,947 952,947 1010,948 1068,948 1126,949 1184,949 1242,949 1300,949 1358,949 1416,949 1474,949 1532,949 1590,948 1648,948 1706,947"/>
                <TextEquiv>
                    <Unicode>der Werke vertieft hatten, und es war bewunderungswürdig, wie</Unicode>
                </TextEquiv>
            </TextLine>
            <TextLine id="r1l8" custom="readingOrder {index:7;}">
                <Coords points="1710,963 2891,979 2912,929 1710,919"/>
                <Baseline points="1727,956 1785,957 1843,958 1902,959 1960,960 2019,961 2077,961 2135,962 2194,962 2252,963 2311,963 2369,964 2427,964 2486,965 2544,965 2603,966 2661,967 2719,968 2778,969 2836,970 2895,971"/>
                <TextEquiv>
                    <Unicode>französischer Botschafter in Madrid gewesen ist Diese Briefe be¬</Unicode>
                </TextEquiv>
            </TextLine>
            <TextLine id="r1l9" custom="readingOrder {index:8;}">
                <Coords points="162,979 1237,1023 1712,1011 1713,953 162,939"/>
                <Baseline points="179,970 254,974 330,977 406,981 482,984 558,986 633,988 709,989 785,991 861,992 937,993 1012,993 1088,994 1164,994 1240,994 1316,994 1391,993 1467,993 1543,992 1619,991 1695,990"/>
                <TextEquiv>
                    <Unicode>n eines Kunstmöbel= Hr. Concertmeister Hilf seine Collegen zu begeistertem Schwunge</Unicode>
                </TextEquiv>
            </TextLine>
            <TextLine id="r1l10" custom="readingOrder {index:9;}">
                <Coords points="1714,1005 2909,1023 2909,979 2702,960 1715,961"/>
                <Baseline points="1731,997 1789,998 1847,999 1905,1000 1963,1001 2021,1001 2079,1002 2137,1003 2195,1003 2253,1004 2312,1004 2370,1005 2428,1005 2486,1006 2544,1006 2602,1007 2660,1007 2718,1008 2776,1008 2834,1009 2893,1010"/>
                <TextEquiv>
                    <Unicode>weisen, daß Elisabeth im Gegensatz zu den meisten Königinnen</Unicode>
                </TextEquiv>
            </TextLine>
            <TextLine id="r1l11" custom="readingOrder {index:10;}">
                <Coords points="203,1019 478,1028 505,1018 546,1033 547,968 510,968 496,981 238,979 204,989"/>
                <Baseline points="220,1014 245,1014 271,1014 297,1014 322,1015 348,1015 374,1015 399,1016 425,1017 451,1018 476,1018 502,1019 528,1020"/>
                <TextEquiv>
                    <Unicode>Waarendiebstähle;</Unicode>
                </TextEquiv>
            </TextLine>
            <TextLine id="r1l12" custom="readingOrder {index:11;}">
                <Coords points="1378,1035 1398,1035 1418,1052 1442,1042 1551,1049 1591,1035 1693,1046 1693,1005 1558,991 1527,1001 1415,995 1378,1008"/>
                <Baseline points="1395,1037 1420,1036 1446,1036 1471,1036 1497,1037 1522,1037 1548,1037 1573,1037 1599,1037 1624,1037 1650,1036 1676,1035"/>
                <TextEquiv>
                    <Unicode>F. R. Pfau.</Unicode>
                </TextEquiv>
            </TextLine>
            <TextLine id="r1l13" custom="readingOrder {index:12;}">
                <Coords points="538,1061 572,1061 603,1044 630,1050 657,1036 698,1036 715,1050 735,1036 820,1042 857,1035 857,1001 643,992 538,1004"/>
                <Baseline points="554,1033 580,1036 606,1038 632,1040 658,1040 684,1040 710,1040 736,1038 762,1038 788,1036 814,1034 840,1033"/>
                <TextEquiv>
                    <Unicode>mit sich fortriß.</Unicode>
                </TextEquiv>
            </TextLine>
            <TextLine id="r1l14" custom="readingOrder {index:13;}">
                <Coords points="1677,1023 2905,1059 2906,1008 1677,999"/>
                <Baseline points="1694,1037 1753,1038 1813,1039 1873,1040 1933,1040 1992,1041 2052,1042 2112,1043 2172,1043 2231,1044 2291,1045 2351,1046 2411,1047 2470,1047 2530,1048 2590,1049 2650,1050 2709,1050 2769,1051 2829,1052 2889,1052"/>
                <TextEquiv>
                    <Unicode>von Spanien eine große Rolle in der Politik gespielt hat. Unter</Unicode>
                </TextEquiv>
            </TextLine>
            <TextLine id="r1l15" custom="readingOrder {index:14;}">
                <Coords points="172,1071 260,1058 426,1067 511,1058 545,1068 546,1024 237,1024 227,1014 172,1023"/>
                <Baseline points="189,1054 215,1053 241,1053 267,1053 293,1053 319,1053 345,1053 371,1054 397,1054 423,1054 449,1055 475,1056 501,1056 527,1057"/>
                <TextEquiv>
                    <Unicode>jayerischen Bahnhofe</Unicode>
                </TextEquiv>
            </TextLine>
            <TextLine id="r1l16" custom="readingOrder {index:15;}">
                <Coords points="696,1073 2936,1100 2906,1032 696,1049"/>
                <Baseline points="713,1074 823,1075 933,1076 1044,1076 1154,1077 1264,1077 1375,1078 1485,1078 1595,1079 1706,1079 1816,1079 1926,1080 2037,1080 2147,1081 2257,1082 2368,1083 2478,1083 2588,1085 2699,1086 2809,1088 2920,1089"/>
                <TextEquiv>
                    <Unicode>f. Leipzig, 27. Jan. Den ebenso unerqnicklichen, den Briefen ist einer, der drei Tage nach der Gefangennahme —</Unicode>
                </TextEquiv>
            </TextLine>
            <TextLine id="r1l17" custom="readingOrder {index:16;}">
                <Coords points="170,1088 204,1105 218,1095 371,1093 438,1107 537,1097 537,1060 171,1060"/>
                <Baseline points="189,1088 214,1089 239,1090 265,1090 290,1090 315,1090 341,1090 366,1090 392,1090 417,1090 442,1090 468,1091 493,1092 519,1094"/>
                <TextEquiv>
                    <Unicode>t gefahren war und</Unicode>
                </TextEquiv>
            </TextLine>
            <TextLine id="r1l18" custom="readingOrder {index:17;}">
                <Coords points="1707,1111 2911,1125 2850,1091 1707,1073"/>
                <Baseline points="1724,1114 1782,1115 1840,1115 1899,1116 1957,1116 2016,1116 2074,1116 2133,1117 2191,1117 2250,1117 2308,1118 2366,1118 2425,1118 2483,1119 2542,1119 2600,1120 2659,1120 2717,1121 2776,1121 2834,1122 2893,1123"/>
                <TextEquiv>
                    <Unicode>des Infanten geschrieben wurde, und die nichts weniger als</Unicode>
                </TextEquiv>
            </TextLine>
            <TextLine id="r1l19" custom="readingOrder {index:18;}">
                <Coords points="541,1123 1722,1119 1698,1064 1399,1093 541,1065"/>
                <Baseline points="557,1117 614,1117 671,1117 729,1117 786,1117 844,1118 901,1118 958,1118 1016,1118 1073,1119 1131,1119 1188,1119 1245,1120 1303,1120 1360,1120 1418,1121 1475,1121 1532,1121 1590,1122 1647,1122 1705,1122"/>
                <TextEquiv>
                    <Unicode>wie durch und durch ungesunden Symbolismus, diese merkwür¬</Unicode>
                </TextEquiv>
            </TextLine>
            <TextLine id="r1l20" custom="readingOrder {index:19;}">
                <Coords points="189,1125 304,1142 345,1129 365,1143 460,1128 545,1144 546,1093 454,1105 190,1088"/>
                <Baseline points="207,1126 233,1126 260,1126 287,1127 314,1127 340,1128 367,1130 394,1130 421,1131 447,1132 474,1133 501,1132 528,1131"/>
                <TextEquiv>
                    <Unicode>benützt hatte, um</Unicode>
                </TextEquiv>
            </TextLine>
            <TextLine id="r1l21" custom="readingOrder {index:20;}">
                <Coords points="1712,1152 2733,1177 2839,1120 1712,1115"/>
                <Baseline points="1727,1153 1781,1153 1836,1153 1891,1153 1946,1153 2000,1154 2055,1154 2110,1154 2165,1154 2219,1154 2274,1154 2329,1155 2384,1155 2438,1155 2493,1156 2548,1156 2603,1156 2657,1157 2712,1157 2767,1158 2822,1159"/>
                <TextEquiv>
                    <Unicode>freundlichen Gesinnungen der Königin für ihn enthält.</Unicode>
                </TextEquiv>
            </TextLine>
            <TextLine id="r1l22" custom="readingOrder {index:21;}">
                <Coords points="540,1165 1718,1168 1718,1117 541,1121"/>
                <Baseline points="558,1162 615,1162 672,1162 729,1162 786,1162 844,1163 901,1163 958,1163 1015,1164 1072,1164 1130,1164 1187,1165 1244,1165 1301,1165 1358,1165 1416,1165 1473,1165 1530,1164 1587,1164 1644,1163 1702,1162"/>
                <TextEquiv>
                    <Unicode>digste Ausgeburt der Modernen, deren ursprüngliche Heimath</Unicode>
                </TextEquiv>
            </TextLine>
            <TextLine id="r1l23" custom="readingOrder {index:22;}">
                <Coords points="162,1176 250,1166 369,1174 379,1185 454,1172 539,1179 539,1132 461,1128 369,1144 342,1130 315,1140 227,1139 207,1125 163,1132"/>
                <Baseline points="180,1163 206,1165 232,1165 258,1166 284,1167 311,1167 337,1167 363,1167 389,1167 416,1167 442,1167 468,1167 494,1168 521,1168"/>
                <TextEquiv>
                    <Unicode>om Wagen zu stehlen</Unicode>
                </TextEquiv>
            </TextLine>
            <TextLine id="r1l24" custom="readingOrder {index:23;}">
                <Coords points="1712,1193 2917,1205 2917,1161 2829,1150 1712,1153"/>
                <Baseline points="1729,1191 1787,1191 1846,1192 1904,1192 1963,1192 2021,1193 2080,1193 2138,1194 2197,1194 2255,1195 2314,1195 2372,1196 2431,1196 2489,1197 2548,1197 2606,1197 2665,1198 2723,1198 2782,1198 2840,1198 2899,1199"/>
                <TextEquiv>
                    <Unicode>Am 25. Januar ist der Präsident der Londoner Akademie, Frederik</Unicode>
                </TextEquiv>
            </TextLine>
            <TextLine id="r1l25" custom="readingOrder {index:24;}">
                <Coords points="170,1210 224,1207 288,1222 373,1206 414,1220 448,1206 536,1218 537,1177 455,1166 248,1167 228,1177 170,1169"/>
                <Baseline points="186,1201 211,1203 237,1203 262,1205 288,1205 313,1206 339,1206 364,1206 390,1207 415,1207 441,1206 466,1206 492,1206 518,1205"/>
                <TextEquiv>
                    <Unicode>3 Schicksal der Ver¬</Unicode>
                </TextEquiv>
            </TextLine>
            <TextLine id="r1l26" custom="readingOrder {index:25;}">
                <Coords points="539,1212 1717,1215 1717,1168 1561,1151 539,1164"/>
                <Baseline points="555,1205 612,1206 669,1207 726,1207 784,1207 841,1208 898,1208 955,1208 1013,1208 1070,1208 1127,1208 1184,1207 1242,1207 1299,1207 1356,1207 1413,1207 1471,1207 1528,1207 1585,1207 1642,1207 1700,1208"/>
                <TextEquiv>
                    <Unicode>Frankeich ist, hatte die „Litterarische Gesellschaft“ in</Unicode>
                </TextEquiv>
            </TextLine>
            <TextLine id="r1l27" custom="readingOrder {index:26;}">
                <Coords points="1717,1236 2919,1242 2736,1196 1718,1195"/>
                <Baseline points="1733,1231 1791,1231 1849,1231 1908,1232 1966,1232 2025,1232 2083,1232 2141,1233 2200,1233 2258,1233 2317,1234 2375,1234 2433,1234 2492,1235 2550,1236 2609,1236 2667,1237 2725,1238 2784,1239 2842,1240 2901,1242"/>
                <TextEquiv>
                    <Unicode>Leighton (geb. 3. Dec. 1830) gestorben. — Rußland zählt nach</Unicode>
                </TextEquiv>
            </TextLine>
            <TextLine id="r1l28" custom="readingOrder {index:27;}">
                <Coords points="161,1250 538,1257 538,1210 331,1208 318,1194 162,1206"/>
                <Baseline points="177,1245 203,1244 229,1243 256,1243 282,1243 309,1243 335,1244 362,1245 388,1245 415,1246 441,1246 468,1246 494,1246 521,1245"/>
                <TextEquiv>
                    <Unicode>Hhofe wurde gestern</Unicode>
                </TextEquiv>
            </TextLine>
            <TextLine id="r1l29" custom="readingOrder {index:28;}">
                <Coords points="538,1254 1614,1272 1712,1259 1713,1215 538,1207"/>
                <Baseline points="555,1248 612,1249 669,1249 726,1250 783,1251 840,1251 897,1252 954,1252 1011,1252 1068,1252 1126,1252 1183,1253 1240,1253 1297,1253 1354,1253 1411,1253 1468,1253 1525,1253 1582,1253 1639,1253 1697,1253"/>
                <TextEquiv>
                    <Unicode>Leipzig bisher links liegen lassen; ich glaube nicht zu ihrem</Unicode>
                </TextEquiv>
            </TextLine>
            <TextLine id="r1l30" custom="readingOrder {index:29;}">
                <Coords points="1707,1279 2912,1302 2885,1237 1708,1235"/>
                <Baseline points="1726,1271 1784,1271 1842,1270 1901,1270 1959,1270 2018,1271 2076,1271 2134,1272 2193,1272 2251,1273 2310,1274 2368,1274 2426,1275 2485,1276 2543,1276 2602,1277 2660,1277 2718,1277 2777,1277 2835,1277 2894,1277"/>
                <TextEquiv>
                    <Unicode>zuverlässigen statistischen Mittheilungen gegenwärtig 178 Theater,</Unicode>
                </TextEquiv>
            </TextLine>
            <TextLine id="r1l31" custom="readingOrder {index:30;}">
                <Coords points="163,1297 227,1281 278,1295 292,1284 302,1295 370,1288 407,1299 421,1288 536,1299 536,1248 360,1258 262,1240 204,1247 163,1229"/>
                <Baseline points="180,1286 206,1284 232,1283 258,1282 284,1281 310,1281 336,1282 363,1282 389,1283 415,1284 441,1284 467,1285 493,1285 520,1284"/>
                <TextEquiv>
                    <Unicode>F der seit 14 Tagen</Unicode>
                </TextEquiv>
            </TextLine>
            <TextLine id="r1l32" custom="readingOrder {index:31;}">
                <Coords points="542,1302 1713,1306 1713,1258 1598,1251 542,1251"/>
                <Baseline points="558,1291 617,1292 677,1293 737,1294 797,1294 857,1295 917,1295 977,1295 1037,1295 1097,1295 1157,1295 1217,1295 1277,1295 1337,1295 1397,1295 1457,1295 1517,1296 1577,1296 1637,1297 1697,1298"/>
                <TextEquiv>
                    <Unicode>und auch nicht zu unserem Nachtheil. Gestern Mittag in ihrer</Unicode>
                </TextEquiv>
            </TextLine>
            <TextLine id="r1l33" custom="readingOrder {index:32;}">
                <Coords points="1721,1311 2885,1329 2916,1272 1721,1267"/>
                <Baseline points="1737,1306 1795,1306 1853,1306 1911,1307 1969,1307 2027,1308 2085,1309 2144,1309 2202,1310 2260,1311 2318,1312 2376,1313 2434,1313 2492,1314 2551,1315 2609,1315 2667,1315 2725,1316 2783,1316 2841,1315 2900,1315"/>
                <TextEquiv>
                    <Unicode>90 Concertsäle und 112 dramatisch-literarische und musikalische Ge¬</Unicode>
                </TextEquiv>
            </TextLine>
            <TextLine id="r1l34" custom="readingOrder {index:33;}">
                <Coords points="155,1330 297,1336 362,1321 385,1335 409,1325 436,1336 531,1334 532,1293 417,1288 403,1298 356,1286 237,1291 220,1280 203,1290 186,1273 156,1276"/>
                <Baseline points="172,1317 198,1319 224,1320 251,1321 277,1322 303,1322 330,1322 356,1322 383,1322 409,1323 435,1323 462,1324 488,1325 515,1327"/>
                <TextEquiv>
                    <Unicode>3Klingner 2. Comp.</Unicode>
                </TextEquiv>
            </TextLine>
            <TextLine id="r1l35" custom="readingOrder {index:34;}">
                <Coords points="541,1350 1722,1345 1610,1290 541,1302"/>
                <Baseline points="559,1335 616,1335 673,1335 731,1335 788,1335 845,1336 903,1336 960,1336 1017,1336 1075,1336 1132,1337 1189,1337 1247,1337 1304,1338 1361,1338 1419,1338 1476,1338 1533,1339 1591,1339 1648,1339 1706,1340"/>
                <TextEquiv>
                    <Unicode>achten Matinée ließ sie nun auch einen Vertreter dieser Richtung!</Unicode>
                </TextEquiv>
            </TextLine>
            <TextLine id="r1l36" custom="readingOrder {index:35;}">
                <Coords points="1717,1361 2905,1373 2906,1325 1718,1310"/>
                <Baseline points="1734,1344 1791,1345 1849,1345 1906,1346 1964,1346 2022,1347 2079,1348 2137,1349 2195,1349 2252,1350 2310,1351 2368,1351 2425,1352 2483,1353 2541,1353 2598,1354 2656,1354 2714,1354 2771,1354 2829,1354 2887,1354"/>
                <TextEquiv>
                    <Unicode>sellschaften, eine geringe Anzahl Angesichts des unermeßlichen Reiches.</Unicode>
                </TextEquiv>
            </TextLine>
            <TextLine id="r1l37" custom="readingOrder {index:36;}">
                <Coords points="152,1370 200,1370 217,1384 264,1378 291,1392 363,1376 379,1390 447,1384 461,1394 485,1374 539,1375 540,1324 360,1335 289,1314 238,1333 153,1332"/>
                <Baseline points="168,1360 193,1361 218,1361 244,1361 269,1361 294,1361 320,1361 345,1361 370,1362 396,1362 421,1362 446,1363 472,1364 497,1365 523,1366"/>
                <TextEquiv>
                    <Unicode>nar Militärpatrouille</Unicode>
                </TextEquiv>
            </TextLine>
            <TextLine id="r1l38" custom="readingOrder {index:37;}">
                <Coords points="533,1389 1589,1405 1728,1388 1728,1337 533,1342"/>
                <Baseline points="550,1385 608,1383 666,1382 724,1382 782,1381 840,1380 898,1380 956,1380 1014,1380 1072,1380 1130,1380 1188,1380 1246,1381 1304,1381 1362,1382 1420,1382 1478,1383 1536,1384 1594,1384 1652,1385 1710,1385"/>
                <TextEquiv>
                    <Unicode>zu Worte kommen und zwar den bedeutendsten: man gab</Unicode>
                </TextEquiv>
            </TextLine>
            <TextLine id="r1l39" custom="readingOrder {index:38;}">
                <Coords points="1761,1388 2911,1407 2912,1349 1761,1361"/>
                <Baseline points="1778,1386 1833,1386 1889,1386 1945,1387 2001,1387 2057,1387 2112,1388 2168,1388 2224,1389 2280,1389 2336,1390 2391,1390 2447,1391 2503,1391 2559,1392 2615,1392 2670,1393 2726,1393 2782,1393 2838,1393 2894,1393"/>
                <TextEquiv>
                    <Unicode>In Chicago starb am 8. Januar der Pädagog Paul Binner,</Unicode>
                </TextEquiv>
            </TextLine>
            <TextLine id="r1l40" custom="readingOrder {index:39;}">
                <Coords points="534,1432 1684,1440 1722,1386 534,1388"/>
                <Baseline points="550,1424 607,1423 665,1422 723,1422 781,1422 838,1422 896,1422 954,1422 1012,1423 1069,1423 1127,1424 1185,1425 1243,1425 1300,1426 1358,1427 1416,1427 1474,1428 1531,1428 1589,1428 1647,1428 1705,1428"/>
                <TextEquiv>
                    <Unicode>Maurice Macterlinck's „I'Instruse“ (Der ungebetene Gast).</Unicode>
                </TextEquiv>
            </TextLine>
            <TextLine id="r1l41" custom="readingOrder {index:40;}">
                <Coords points="1718,1435 2879,1445 2913,1388 1718,1384"/>
                <Baseline points="1734,1423 1792,1423 1850,1423 1908,1424 1966,1424 2024,1425 2082,1425 2140,1426 2198,1426 2256,1427 2315,1427 2373,1428 2431,1429 2489,1430 2547,1431 2605,1431 2663,1432 2721,1433 2779,1434 2837,1435 2896,1436"/>
                <TextEquiv>
                    <Unicode>in St. Louis am 13. Januar der Musiker Ruppert Fehrenbach,</Unicode>
                </TextEquiv>
            </TextLine>
            <TextLine id="r1l42" custom="readingOrder {index:41;}">
                <Coords points="145,1448 291,1453 349,1440 491,1459 539,1449 539,1402 404,1397 359,1413 248,1378 224,1381 193,1411 145,1414"/>
                <Baseline points="161,1441 186,1439 212,1438 238,1437 263,1437 289,1437 315,1438 341,1438 366,1439 392,1440 418,1441 443,1441 469,1442 495,1442 521,1441"/>
                <TextEquiv>
                    <Unicode>que 1895 an Bier¬</Unicode>
                </TextEquiv>
            </TextLine>
            <TextLine id="r1l43" custom="readingOrder {index:42;}">
                <Coords points="1714,1478 2885,1488 2913,1441 1715,1417"/>
                <Baseline points="1730,1462 1788,1463 1846,1464 1904,1465 1962,1466 2021,1467 2079,1467 2137,1468 2195,1468 2253,1469 2312,1469 2370,1469 2428,1470 2486,1470 2544,1471 2603,1471 2661,1472 2719,1472 2777,1472 2835,1473 2894,1474"/>
                <TextEquiv>
                    <Unicode>in La Crosse, Wisconsin, 86 Jahre alte Professor L. W. Ranis.</Unicode>
                </TextEquiv>
            </TextLine>
            <TextLine id="r1l44" custom="readingOrder {index:43;}">
                <Coords points="538,1475 1713,1478 1679,1424 538,1430"/>
                <Baseline points="554,1466 611,1467 668,1467 725,1468 782,1468 839,1469 896,1469 953,1470 1010,1470 1067,1470 1125,1470 1182,1471 1239,1471 1296,1471 1353,1471 1410,1471 1467,1471 1524,1470 1581,1470 1638,1470 1696,1469"/>
                <TextEquiv>
                    <Unicode>Das Werk, welches in schauerlich unheimlicher Weise den Eintritt</Unicode>
                </TextEquiv>
            </TextLine>
            <TextLine id="r1l45" custom="readingOrder {index:44;}">
                <Coords points="147,1495 293,1480 310,1491 480,1482 541,1497 542,1446 477,1455 433,1434 148,1458"/>
                <Baseline points="166,1479 191,1478 217,1477 242,1477 268,1477 294,1477 319,1477 345,1478 371,1478 396,1479 422,1480 448,1480 473,1481 499,1481 525,1482"/>
                <TextEquiv>
                    <Unicode>Iihme von 39871 M.</Unicode>
                </TextEquiv>
            </TextLine>
            <TextLine id="r1l46" custom="readingOrder {index:45;}">
                <Coords points="1862,1519 2911,1528 2911,1470 1863,1471"/>
                <Baseline points="1879,1505 1929,1505 1980,1506 2031,1507 2082,1508 2132,1508 2183,1509 2234,1510 2285,1511 2335,1511 2386,1512 2437,1513 2488,1513 2538,1514 2589,1514 2640,1515 2691,1515 2741,1515 2792,1516 2843,1516 2894,1516"/>
                <TextEquiv>
                    <Unicode>Repertoire des königl. Hoftheaters zu Altstadt¬</Unicode>
                </TextEquiv>
            </TextLine>
            <TextLine id="r1l47" custom="readingOrder {index:46;}">
                <Coords points="544,1517 1633,1513 1728,1544 1729,1470 544,1476"/>
                <Baseline points="560,1508 617,1509 675,1510 732,1511 790,1512 848,1513 905,1514 963,1515 1020,1515 1078,1515 1136,1516 1193,1516 1251,1516 1308,1516 1366,1516 1424,1516 1481,1516 1539,1516 1596,1516 1654,1516 1712,1515"/>
                <TextEquiv>
                    <Unicode>des Todes in das Haus einer alten Familie schildert und voll</Unicode>
                </TextEquiv>
            </TextLine>
            <TextLine id="r1l48" custom="readingOrder {index:47;}">
                <Coords points="145,1506 165,1506 192,1530 365,1522 389,1533 416,1520 463,1537 480,1524 528,1532 529,1484 257,1484 145,1465"/>
                <Baseline points="163,1519 189,1518 216,1516 243,1516 270,1516 296,1517 323,1517 350,1518 377,1519 403,1519 430,1520 457,1521 484,1521 511,1521"/>
                <TextEquiv>
                    <Unicode>(on 99 677,50 Hekto¬</Unicode>
                </TextEquiv>
            </TextLine>
            <TextLine id="r1l49" custom="readingOrder {index:48;}">
                <Coords points="1709,1547 2856,1573 2913,1556 2914,1506 2269,1528 1709,1493"/>
                <Baseline points="1726,1549 1784,1550 1843,1550 1901,1551 1960,1552 2018,1552 2077,1553 2135,1553 2194,1553 2252,1554 2311,1554 2369,1554 2428,1554 2486,1555 2545,1555 2603,1556 2662,1556 2720,1557 2779,1558 2837,1559 2896,1560"/>
                <TextEquiv>
                    <Unicode>Dresden. Dienstag, den 28. Januar: „Mignon“. — Mittwoch,</Unicode>
                </TextEquiv>
            </TextLine>
            <TextLine id="r1l50" custom="readingOrder {index:49;}">
                <Coords points="536,1567 1717,1572 1717,1532 1626,1514 536,1516"/>
                <Baseline points="552,1556 609,1556 666,1556 724,1556 781,1556 839,1556 896,1556 953,1557 1011,1557 1068,1558 1126,1558 1183,1558 1240,1559 1298,1559 1355,1559 1413,1559 1470,1560 1527,1560 1585,1560 1642,1560 1700,1559"/>
                <TextEquiv>
                    <Unicode>ist von den dunkelsten Symbolismen, ist kein Bühnenstück,</Unicode>
                </TextEquiv>
            </TextLine>
            <TextLine id="r1l51" custom="readingOrder {index:50;}">
                <Coords points="141,1578 198,1579 260,1559 317,1581 351,1568 436,1569 510,1588 534,1581 535,1534 478,1526 460,1536 416,1522 376,1534 349,1520 328,1534 311,1523 192,1531 166,1507 142,1510"/>
                <Baseline points="157,1557 182,1556 208,1555 234,1555 260,1556 286,1556 312,1557 338,1558 363,1559 389,1560 415,1561 441,1561 467,1561 493,1560 519,1559"/>
                <TextEquiv>
                    <Unicode>31055 000 Seelen be¬</Unicode>
                </TextEquiv>
            </TextLine>
            <TextLine id="r1l52" custom="readingOrder {index:51;}">
                <Coords points="1719,1615 2855,1617 2907,1577 2462,1539 1719,1557"/>
                <Baseline points="1737,1594 1794,1595 1852,1596 1909,1596 1967,1597 2025,1597 2082,1598 2140,1598 2198,1598 2255,1598 2313,1599 2371,1599 2428,1599 2486,1600 2544,1600 2601,1601 2659,1601 2717,1602 2774,1603 2832,1604 2890,1605"/>
                <TextEquiv>
                    <Unicode>den 29. Januar: „Orpheus und Eurydike“. (Anfang ½8 Uhr.)</Unicode>
                </TextEquiv>
            </TextLine>
            <TextLine id="r1l53" custom="readingOrder {index:52;}">
                <Coords points="528,1611 1713,1617 1713,1570 1665,1566 529,1550"/>
                <Baseline points="546,1599 603,1600 661,1600 718,1600 776,1601 833,1601 891,1602 948,1602 1006,1603 1063,1603 1121,1603 1178,1604 1236,1604 1293,1604 1351,1605 1408,1605 1466,1605 1523,1605 1581,1604 1638,1604 1696,1603"/>
                <TextEquiv>
                    <Unicode>wenn ich mir auch denken kann, daß es, in einem in¬</Unicode>
                </TextEquiv>
            </TextLine>
            <TextLine id="r1l54" custom="readingOrder {index:53;}">
                <Coords points="139,1650 214,1653 258,1636 309,1657 350,1636 448,1654 540,1647 540,1579 353,1603 251,1592 228,1572 187,1589 139,1585"/>
                <Baseline points="157,1638 183,1636 209,1636 235,1635 261,1635 287,1636 313,1636 340,1637 366,1637 392,1638 418,1638 444,1638 470,1636 496,1636 523,1634"/>
                <TextEquiv>
                    <Unicode>joub der elektrischen</Unicode>
                </TextEquiv>
            </TextLine>
            <TextLine id="r1l55" custom="readingOrder {index:54;}">
                <Coords points="1758,1661 2905,1660 2905,1606 2509,1582 2335,1618 1758,1603"/>
                <Baseline points="1774,1638 1829,1639 1885,1639 1941,1640 1997,1640 2052,1641 2108,1641 2164,1641 2220,1641 2275,1641 2331,1641 2387,1641 2443,1642 2498,1642 2554,1643 2610,1643 2666,1644 2721,1646 2777,1647 2833,1649 2889,1651"/>
                <TextEquiv>
                    <Unicode>Donnerstag, den 30. Januar: „Falstaff“. (Anfang ½8 Uhr.)</Unicode>
                </TextEquiv>
            </TextLine>
            <TextLine id="r1l56" custom="readingOrder {index:55;}">
                <Coords points="539,1650 1625,1663 1723,1657 1724,1606 539,1602"/>
                <Baseline points="557,1642 614,1642 672,1642 729,1643 787,1643 844,1643 902,1644 959,1644 1017,1645 1074,1646 1132,1646 1190,1647 1247,1647 1305,1648 1362,1648 1420,1648 1477,1648 1535,1648 1592,1648 1650,1648 1708,1647"/>
                <TextEquiv>
                    <Unicode>timen Raum — nicht in dem gräßlichen Carolatheater, in</Unicode>
                </TextEquiv>
            </TextLine>
            <TextLine id="r1l57" custom="readingOrder {index:56;}">
                <Coords points="143,1687 207,1690 228,1676 258,1687 309,1676 404,1690 448,1676 459,1687 543,1687 543,1639 499,1632 387,1649 350,1636 319,1653 262,1636 241,1646 218,1626 201,1639 143,1636"/>
                <Baseline points="160,1680 186,1678 212,1678 238,1677 264,1677 290,1677 316,1677 342,1677 368,1677 394,1678 420,1678 446,1678 472,1678 498,1678 525,1677"/>
                <TextEquiv>
                    <Unicode>Dirts. Durch die</Unicode>
                </TextEquiv>
            </TextLine>
            <TextLine id="r1l58" custom="readingOrder {index:57;}">
                <Coords points="1774,1685 2890,1711 2915,1654 1774,1652"/>
                <Baseline points="1792,1681 1847,1682 1902,1683 1957,1683 2013,1684 2068,1684 2123,1685 2178,1685 2234,1686 2289,1686 2344,1687 2399,1687 2455,1688 2510,1689 2565,1689 2620,1690 2676,1691 2731,1691 2786,1692 2841,1693 2897,1694"/>
                <TextEquiv>
                    <Unicode>Freitag, den 31. Januar: Fünftes Sinfonie=Concert der</Unicode>
                </TextEquiv>
            </TextLine>
            <TextLine id="r1l59" custom="readingOrder {index:58;}">
                <Coords points="532,1696 1727,1711 1727,1664 1649,1646 532,1648"/>
                <Baseline points="549,1686 607,1687 665,1688 723,1689 781,1690 839,1691 897,1691 955,1692 1013,1692 1071,1692 1129,1693 1187,1693 1245,1693 1303,1693 1361,1693 1419,1693 1477,1693 1535,1692 1593,1692 1651,1692 1709,1692"/>
                <TextEquiv>
                    <Unicode>dem es schwer hält nur einigermaßen die Illusion festzuhalten</Unicode>
                </TextEquiv>
            </TextLine>
            <TextLine id="r1l60" custom="readingOrder {index:59;}">
                <Coords points="142,1724 413,1715 542,1725 542,1688 308,1677 261,1691 142,1667"/>
                <Baseline points="160,1714 186,1714 212,1714 238,1715 264,1715 290,1715 316,1715 342,1715 368,1715 394,1715 420,1715 446,1715 472,1715 498,1715 524,1715"/>
                <TextEquiv>
                    <Unicode>### #sglatz am Neuen</Unicode>
                </TextEquiv>
            </TextLine>
            <TextLine id="r1l61" custom="readingOrder {index:60;}">
                <Coords points="1715,1740 2849,1740 2849,1699 2802,1695 1716,1678"/>
                <Baseline points="1732,1726 1787,1726 1842,1727 1897,1728 1952,1728 2007,1729 2062,1729 2117,1729 2172,1730 2227,1730 2282,1730 2337,1731 2392,1731 2447,1732 2502,1732 2557,1733 2612,1734 2667,1734 2722,1735 2777,1736 2833,1737"/>
                <TextEquiv>
                    <Unicode>königl. musikalischen Kapelle (Serie A). (Anfang 7 Uhr.) -</Unicode>
                </TextEquiv>
            </TextLine>
            <TextLine id="r1l62" custom="readingOrder {index:61;}">
                <Coords points="592,1730 1719,1756 1719,1695 592,1693"/>
                <Baseline points="610,1731 664,1732 719,1733 773,1733 828,1734 883,1735 937,1735 992,1735 1047,1736 1101,1736 1156,1736 1211,1737 1265,1737 1320,1737 1375,1737 1429,1737 1484,1737 1539,1737 1593,1737 1648,1737 1703,1737"/>
                <TextEquiv>
                    <Unicode>mit Einhaltung all der subtilen Regievorschriften des Dichters</Unicode>
                </TextEquiv>
            </TextLine>
            <TextLine id="r1l63" custom="readingOrder {index:62;}">
                <Coords points="144,1767 270,1765 304,1752 324,1766 379,1756 518,1768 541,1765 542,1721 311,1714 202,1730 145,1719"/>
                <Baseline points="161,1755 187,1754 213,1753 239,1753 265,1753 291,1753 317,1754 343,1754 369,1755 395,1755 421,1756 447,1757 473,1757 499,1757 526,1757"/>
                <TextEquiv>
                    <Unicode>sochen. Das Gebäude</Unicode>
                </TextEquiv>
            </TextLine>
            <TextLine id="r1l64" custom="readingOrder {index:63;}">
                <Coords points="1714,1781 2695,1800 2915,1789 2916,1752 1714,1740"/>
                <Baseline points="1730,1768 1788,1769 1846,1771 1905,1772 1963,1773 2022,1773 2080,1774 2138,1774 2197,1774 2255,1774 2314,1775 2372,1775 2430,1775 2489,1775 2547,1776 2606,1777 2664,1777 2722,1778 2781,1780 2839,1782 2898,1784"/>
                <TextEquiv>
                    <Unicode>Sonnabend, den 1. Februar: „Tannhäuser“. (Anfang 7 Uhr.)</Unicode>
                </TextEquiv>
            </TextLine>
            <TextLine id="r1l65" custom="readingOrder {index:64;}">
                <Coords points="531,1790 1716,1797 1689,1746 531,1749"/>
                <Baseline points="547,1779 604,1779 662,1778 719,1778 777,1778 835,1778 892,1778 950,1778 1007,1778 1065,1778 1123,1778 1180,1779 1238,1779 1295,1779 1353,1780 1411,1780 1468,1780 1526,1781 1583,1781 1641,1781 1699,1781"/>
                <TextEquiv>
                    <Unicode>gespielt, einen tiefen, fast lähmenden Eindruck zu machen vermag.</Unicode>
                </TextEquiv>
            </TextLine>
            <TextLine id="r1l66" custom="readingOrder {index:65;}">
                <Coords points="134,1801 208,1798 273,1813 337,1800 378,1821 412,1805 538,1803 538,1766 508,1759 419,1768 291,1752 277,1766 134,1753"/>
                <Baseline points="151,1793 177,1792 203,1792 230,1793 256,1793 282,1794 309,1795 335,1796 361,1796 388,1797 414,1797 440,1797 467,1797 493,1796 520,1794"/>
                <TextEquiv>
                    <Unicode>un Straßenbahngesell¬</Unicode>
                </TextEquiv>
            </TextLine>
            <TextLine id="r1l67" custom="readingOrder {index:66;}">
                <Coords points="1779,1819 2895,1844 2916,1790 1779,1788"/>
                <Baseline points="1797,1814 1852,1815 1907,1816 1962,1817 2017,1818 2072,1818 2127,1818 2182,1818 2237,1819 2292,1819 2348,1819 2403,1819 2458,1819 2513,1819 2568,1820 2623,1820 2678,1821 2733,1822 2788,1823 2843,1824 2899,1826"/>
                <TextEquiv>
                    <Unicode>Sonntag, den 2. Februar: „Lucrezia Borgia“. (Anfang</Unicode>
                </TextEquiv>
            </TextLine>
            <TextLine id="r1l68" custom="readingOrder {index:67;}">
                <Coords points="543,1831 1724,1839 1724,1798 1650,1784 543,1780"/>
                <Baseline points="561,1820 618,1821 675,1821 732,1822 790,1822 847,1822 904,1822 961,1822 1019,1822 1076,1822 1133,1822 1190,1822 1248,1822 1305,1822 1362,1823 1419,1823 1477,1823 1534,1824 1591,1825 1648,1826 1706,1827"/>
                <TextEquiv>
                    <Unicode>Gestern ging es ziemlich spurlos an dem Publicum vorüber,</Unicode>
                </TextEquiv>
            </TextLine>
            <TextLine id="r1l69" custom="readingOrder {index:68;}">
                <Coords points="137,1860 188,1840 337,1848 388,1828 547,1846 548,1805 459,1794 137,1810"/>
                <Baseline points="153,1832 178,1833 203,1833 228,1834 254,1835 279,1835 304,1835 329,1835 355,1835 380,1835 405,1835 430,1835 456,1835 481,1835 506,1835 532,1834"/>
                <TextEquiv>
                    <Unicode>whlg nahe — Die</Unicode>
                </TextEquiv>
            </TextLine>
            <TextLine id="r1l70" custom="readingOrder {index:69;}">
                <Coords points="1724,1855 2916,1876 2916,1842 2828,1827 1911,1833 1725,1794"/>
                <Baseline points="1741,1858 1798,1859 1856,1859 1914,1860 1972,1860 2030,1861 2088,1861 2145,1862 2203,1862 2261,1863 2319,1863 2377,1864 2435,1865 2493,1865 2550,1866 2608,1866 2666,1867 2724,1867 2782,1867 2840,1868 2898,1868"/>
                <TextEquiv>
                    <Unicode>½8 Uhr.) — Neustadt. Dienstag, den 28. Januar: „Der</Unicode>
                </TextEquiv>
            </TextLine>
            <TextLine id="r1l71" custom="readingOrder {index:70;}">
                <Coords points="534,1876 1718,1882 1691,1824 534,1825"/>
                <Baseline points="552,1863 609,1863 667,1864 724,1864 782,1864 839,1865 897,1865 954,1866 1012,1866 1069,1867 1127,1867 1184,1868 1242,1868 1299,1868 1357,1869 1414,1869 1472,1869 1529,1868 1587,1868 1644,1867 1702,1867"/>
                <TextEquiv>
                    <Unicode>obwohl die Darsteller, namentlich Hr. Darmer in der ungemein</Unicode>
                </TextEquiv>
            </TextLine>
            <TextLine id="r1l72" custom="readingOrder {index:71;}">
                <Coords points="150,1878 218,1891 265,1875 354,1882 391,1858 411,1879 500,1883 537,1876 537,1839 388,1828 266,1848 150,1840"/>
                <Baseline points="166,1869 191,1871 216,1872 241,1873 266,1874 292,1874 317,1874 342,1874 367,1874 392,1873 418,1873 443,1873 468,1873 493,1873 519,1874"/>
                <TextEquiv>
                    <Unicode>ugen, der Social¬</Unicode>
                </TextEquiv>
            </TextLine>
            <TextLine id="r1l73" custom="readingOrder {index:72;}">
                <Coords points="1708,1913 2547,1920 2547,1869 2448,1862 1708,1872"/>
                <Baseline points="1725,1909 1765,1908 1805,1906 1845,1906 1885,1905 1926,1905 1966,1905 2006,1905 2046,1906 2086,1906 2127,1907 2167,1907 2207,1907 2247,1908 2287,1908 2328,1908 2368,1908 2408,1907 2448,1907 2488,1906 2529,1904"/>
                <TextEquiv>
                    <Unicode>Gesandtschafts=Attaché“. (Anfang ½8 Uhr.)</Unicode>
                </TextEquiv>
            </TextLine>
            <TextLine id="r1l74" custom="readingOrder {index:73;}">
                <Coords points="544,1913 1721,1919 1721,1872 544,1873"/>
                <Baseline points="562,1909 619,1908 676,1908 733,1907 790,1907 848,1907 905,1908 962,1908 1019,1908 1076,1909 1134,1910 1191,1910 1248,1911 1305,1911 1362,1912 1420,1912 1477,1912 1534,1912 1591,1912 1648,1911 1706,1911"/>
                <TextEquiv>
                    <Unicode>schwierigen Rolle des Großvaters, ihr Bestes gaben. Die Regie</Unicode>
                </TextEquiv>
            </TextLine>
            <TextLine id="r1l75" custom="readingOrder {index:74;}">
                <Coords points="132,1917 543,1924 542,1880 410,1877 389,1857 356,1881 132,1886"/>
                <Baseline points="149,1913 174,1914 199,1914 224,1914 249,1914 275,1913 300,1912 325,1911 350,1910 375,1910 401,1910 426,1910 451,1910 476,1912 501,1913 527,1916"/>
                <TextEquiv>
                    <Unicode>91 Jahresfrist noch</Unicode>
                </TextEquiv>
            </TextLine>
            <TextLine id="r1l76" custom="readingOrder {index:75;}">
                <Coords points="2597,1920 2760,1912 2780,1926 2811,1916 2851,1930 2916,1921 2916,1874 2889,1866 2805,1872 2794,1882 2777,1865 2743,1878 2648,1870 2628,1883 2597,1872"/>
                <Baseline points="2613,1912 2638,1911 2664,1911 2690,1911 2716,1911 2742,1912 2768,1913 2794,1913 2820,1914 2846,1914 2872,1914 2898,1914"/>
                <TextEquiv>
                    <Unicode>Mittwoch, den</Unicode>
                </TextEquiv>
            </TextLine>
            <TextLine id="r1l77" custom="readingOrder {index:76;}">
                <Coords points="1711,1954 2858,1963 2858,1919 1711,1913"/>
                <Baseline points="1728,1951 1783,1951 1839,1950 1894,1950 1950,1950 2006,1949 2061,1949 2117,1949 2173,1949 2228,1949 2284,1950 2340,1950 2395,1950 2451,1951 2507,1951 2562,1952 2618,1953 2674,1954 2729,1955 2785,1956 2841,1957"/>
                <TextEquiv>
                    <Unicode>29. Januar: „Das Glück im Winkel“. (Anfang ½8 Uhr.) —</Unicode>
                </TextEquiv>
            </TextLine>
            <TextLine id="r1l78" custom="readingOrder {index:77;}">
                <Coords points="133,1960 540,1970 534,1919 134,1919"/>
                <Baseline points="151,1952 177,1952 204,1951 230,1951 257,1951 283,1951 310,1951 336,1952 363,1952 389,1952 416,1953 442,1953 469,1954 495,1955 522,1955"/>
                <TextEquiv>
                    <Unicode>##g ele Mitglieder ver¬</Unicode>
                </TextEquiv>
            </TextLine>
            <TextLine id="r1l79" custom="readingOrder {index:78;}">
                <Coords points="535,1964 1587,1971 1713,1965 1713,1918 535,1920"/>
                <Baseline points="551,1956 608,1955 665,1954 722,1953 779,1953 837,1953 894,1953 951,1954 1008,1954 1065,1955 1123,1956 1180,1956 1237,1957 1294,1957 1351,1958 1409,1958 1466,1958 1523,1958 1580,1957 1637,1956 1695,1955"/>
                <TextEquiv>
                    <Unicode>(Dr. Carl Heine) hatte mit enormem Fleiße und ziemlichem Glück</Unicode>
                </TextEquiv>
            </TextLine>
            <TextLine id="r1l80" custom="readingOrder {index:79;}">
                <Coords points="154,1991 199,2005 321,1994 473,2000 473,1946 432,1943 409,1960 351,1964 276,1950 154,1954"/>
                <Baseline points="171,1995 197,1992 223,1991 249,1989 275,1989 301,1988 327,1989 353,1989 379,1990 405,1991 431,1991 457,1991"/>
                <TextEquiv>
                    <Unicode>auf 821 beträgt.</Unicode>
                </TextEquiv>
            </TextLine>
            <TextLine id="r1l81" custom="readingOrder {index:80;}">
                <Coords points="1715,1999 2913,2025 2907,1943 1716,1952"/>
                <Baseline points="1734,1991 1792,1992 1850,1994 1908,1995 1966,1995 2024,1996 2082,1996 2140,1996 2198,1996 2256,1996 2314,1996 2372,1996 2430,1996 2488,1996 2546,1996 2604,1996 2662,1997 2720,1997 2778,1998 2836,1999 2895,2000"/>
                <TextEquiv>
                    <Unicode>Bonnerstag, den 30. Januar: „Tragische Conflicte“. — „Das</Unicode>
                </TextEquiv>
            </TextLine>
            <TextLine id="r1l82" custom="readingOrder {index:81;}">
                <Coords points="582,1990 1600,2020 1712,2010 1713,1966 582,1953"/>
                <Baseline points="598,1998 652,1998 707,1998 762,1998 817,1998 872,1998 927,1998 981,1998 1036,1999 1091,1999 1146,1999 1201,1999 1256,1999 1311,1999 1365,1999 1420,2000 1475,2000 1530,2000 1585,2000 1640,2000 1695,2000"/>
                <TextEquiv>
                    <Unicode>soweit es die unglücklichen Bühnen= und Decorationsverhält¬</Unicode>
                </TextEquiv>
            </TextLine>
            <TextLine id="r1l83" custom="readingOrder {index:82;}">
                <Coords points="155,2030 195,2041 460,2032 541,2043 542,1972 488,1968 440,1995 318,1984 155,1993"/>
                <Baseline points="171,2030 196,2030 221,2029 246,2029 272,2029 297,2029 322,2029 348,2030 373,2030 398,2030 423,2030 449,2030 474,2031 499,2031 525,2032"/>
                <TextEquiv>
                    <Unicode>sahwimmerbund sein</Unicode>
                </TextEquiv>
            </TextLine>
            <TextLine id="r1l84" custom="readingOrder {index:83;}">
                <Coords points="1717,2051 2898,2066 2919,2019 1717,2000"/>
                <Baseline points="1735,2037 1793,2037 1851,2037 1909,2037 1968,2037 2026,2037 2084,2038 2143,2038 2201,2039 2259,2039 2318,2040 2376,2040 2434,2041 2492,2041 2551,2042 2609,2042 2667,2043 2726,2043 2784,2043 2842,2043 2901,2043"/>
                <TextEquiv>
                    <Unicode>Haus des Majors“. (Anfang ½8 Uhr.) — Freitag, den 31. Ja¬</Unicode>
                </TextEquiv>
            </TextLine>
            <TextLine id="r1l85" custom="readingOrder {index:84;}">
                <Coords points="541,2047 1668,2059 1715,2056 1716,2012 830,2015 542,1976"/>
                <Baseline points="557,2041 614,2041 671,2040 728,2040 785,2040 842,2041 899,2041 956,2042 1013,2043 1070,2044 1127,2045 1184,2045 1241,2046 1298,2047 1355,2047 1412,2048 1469,2047 1526,2047 1583,2047 1640,2046 1697,2044"/>
                <TextEquiv>
                    <Unicode>nisse gestatten — die Aufführung stilisirt, und es fehlten weder</Unicode>
                </TextEquiv>
            </TextLine>
            <TextLine id="r1l86" custom="readingOrder {index:85;}">
                <Coords points="140,2070 340,2088 374,2067 391,2081 541,2081 541,2037 425,2020 378,2040 208,2043 140,2016"/>
                <Baseline points="156,2068 182,2069 208,2069 234,2070 260,2070 287,2069 313,2069 339,2069 365,2068 391,2068 418,2068 444,2069 470,2069 496,2070 523,2072"/>
                <TextEquiv>
                    <Unicode>zoChemnitz ist dieser</Unicode>
                </TextEquiv>
            </TextLine>
            <TextLine id="r1l87" custom="readingOrder {index:86;}">
                <Coords points="1715,2088 2923,2098 2909,2047 1715,2050"/>
                <Baseline points="1733,2080 1791,2081 1850,2082 1909,2083 1967,2083 2026,2083 2085,2083 2143,2083 2202,2083 2261,2083 2320,2083 2378,2083 2437,2083 2496,2083 2554,2084 2613,2084 2672,2085 2730,2087 2789,2088 2848,2090 2907,2093"/>
                <TextEquiv>
                    <Unicode>ntar: Zum ersten Male: „Arabella Stuart“. — Sonnabend,</Unicode>
                </TextEquiv>
            </TextLine>
            <TextLine id="r1l88" custom="readingOrder {index:87;}">
                <Coords points="544,2093 1715,2105 1691,2051 544,2049"/>
                <Baseline points="561,2087 617,2087 674,2087 731,2087 788,2087 845,2087 902,2088 958,2088 1015,2088 1072,2088 1129,2089 1186,2089 1243,2089 1300,2090 1356,2090 1413,2090 1470,2091 1527,2091 1584,2091 1641,2091 1698,2091"/>
                <TextEquiv>
                    <Unicode>die Lilien in den Händen der drei weißgekleideten Töchter, noch</Unicode>
                </TextEquiv>
            </TextLine>
            <TextLine id="r1l89" custom="readingOrder {index:88;}">
                <Coords points="141,2125 202,2112 226,2125 287,2115 311,2129 335,2109 433,2119 447,2106 481,2120 532,2116 532,2082 430,2065 226,2074 206,2085 141,2071"/>
                <Baseline points="158,2105 183,2107 209,2109 234,2110 260,2110 285,2110 311,2110 336,2110 362,2110 387,2110 413,2109 438,2109 464,2109 489,2109 515,2110"/>
                <TextEquiv>
                    <Unicode>t#tschung eines Ent¬</Unicode>
                </TextEquiv>
            </TextLine>
            <TextLine id="r1l90" custom="readingOrder {index:89;}">
                <Coords points="1712,2143 2920,2144 2920,2100 2608,2083 1712,2086"/>
                <Baseline points="1728,2123 1786,2124 1845,2125 1904,2125 1963,2126 2021,2126 2080,2126 2139,2126 2198,2126 2256,2126 2315,2126 2374,2126 2433,2127 2491,2127 2550,2128 2609,2129 2668,2130 2726,2132 2785,2133 2844,2136 2903,2139"/>
                <TextEquiv>
                    <Unicode>den 1. Februar: „Arabella Stuart“. — Sonntag, den 2. Februar:</Unicode>
                </TextEquiv>
            </TextLine>
            <TextLine id="r1l91" custom="readingOrder {index:90;}">
                <Coords points="531,2131 1709,2141 1709,2093 531,2094"/>
                <Baseline points="549,2131 606,2130 663,2130 720,2130 777,2130 835,2130 892,2130 949,2131 1006,2131 1063,2132 1121,2132 1178,2133 1235,2133 1292,2133 1349,2134 1407,2134 1464,2135 1521,2135 1578,2135 1635,2135 1693,2135"/>
                <TextEquiv>
                    <Unicode>das leise Waldesrauschen im Parke, noch der Mondschein auf der</Unicode>
                </TextEquiv>
            </TextLine>
            <TextLine id="r1l92" custom="readingOrder {index:91;}">
                <Coords points="154,2151 178,2144 228,2166 259,2156 279,2166 297,2150 347,2164 385,2148 537,2160 535,2112 372,2120 335,2109 310,2126 155,2114"/>
                <Baseline points="172,2141 198,2144 225,2145 252,2147 279,2147 306,2148 333,2148 359,2148 386,2148 413,2148 440,2148 467,2148 494,2149 521,2150"/>
                <TextEquiv>
                    <Unicode>Bit die ihm Beihilfe</Unicode>
                </TextEquiv>
            </TextLine>
            <TextLine id="r1l93" custom="readingOrder {index:92;}">
                <Coords points="1711,2184 2824,2179 2824,2145 2716,2130 1711,2136"/>
                <Baseline points="1729,2173 1785,2171 1842,2170 1899,2169 1956,2168 2012,2168 2069,2168 2126,2169 2183,2170 2240,2171 2296,2171 2353,2172 2410,2174 2467,2175 2524,2176 2580,2177 2637,2178 2694,2179 2751,2179 2808,2180"/>
                <TextEquiv>
                    <Unicode>„Der Militärstaat“. — Wiener Walzer. (Anfang 7 Uhr.)</Unicode>
                </TextEquiv>
            </TextLine>
            <TextLine id="r1l94" custom="readingOrder {index:93;}">
                <Coords points="541,2184 1579,2192 1711,2186 1712,2139 541,2137"/>
                <Baseline points="559,2176 615,2175 672,2175 729,2175 785,2175 842,2176 899,2176 955,2176 1012,2176 1069,2177 1126,2177 1182,2177 1239,2177 1296,2178 1352,2178 1409,2178 1466,2179 1522,2179 1579,2179 1636,2179 1693,2179"/>
                <TextEquiv>
                    <Unicode>Terrasse. Auf den qualvoll düsteren Maeterlinck folgte als</Unicode>
                </TextEquiv>
            </TextLine>
            <TextLine id="r1l95" custom="readingOrder {index:94;}">
                <Coords points="137,2199 201,2195 215,2206 252,2188 537,2198 537,2157 466,2164 442,2147 388,2147 137,2162"/>
                <Baseline points="154,2188 180,2189 206,2190 232,2190 258,2190 284,2190 310,2190 337,2190 363,2189 389,2189 415,2189 441,2188 467,2189 493,2189 520,2190"/>
                <TextEquiv>
                    <Unicode>130 — In Grimma</Unicode>
                </TextEquiv>
            </TextLine>
            <TextLine id="r1l96" custom="readingOrder {index:95;}">
                <Coords points="1868,2219 2719,2213 2902,2242 2903,2174 1868,2175"/>
                <Baseline points="1884,2211 1934,2211 1984,2212 2034,2213 2084,2214 2134,2214 2184,2215 2235,2216 2285,2217 2335,2217 2385,2218 2435,2218 2485,2219 2535,2219 2586,2219 2636,2219 2686,2219 2736,2219 2786,2219 2836,2219 2887,2219"/>
                <TextEquiv>
                    <Unicode>Repertoire der Leipziger Stadttheater. Neues</Unicode>
                </TextEquiv>
            </TextLine>
            <TextLine id="r1l97" custom="readingOrder {index:96;}">
                <Coords points="540,2225 1724,2238 1724,2176 540,2178"/>
                <Baseline points="557,2219 614,2219 672,2218 729,2218 787,2219 844,2219 902,2219 959,2220 1017,2220 1074,2221 1132,2221 1189,2222 1247,2222 1304,2222 1362,2223 1419,2223 1477,2223 1534,2223 1592,2222 1649,2222 1707,2221"/>
                <TextEquiv>
                    <Unicode>willkommener Gast ein Act aus Arthur Schnitzler's</Unicode>
                </TextEquiv>
            </TextLine>
            <TextLine id="r1l98" custom="readingOrder {index:97;}">
                <Coords points="133,2235 225,2251 255,2227 282,2240 343,2229 425,2235 442,2249 455,2235 533,2238 533,2197 295,2186 133,2201"/>
                <Baseline points="150,2232 176,2230 202,2229 228,2227 254,2226 280,2226 306,2225 333,2225 359,2225 385,2225 411,2226 437,2226 463,2226 489,2226 516,2226"/>
                <TextEquiv>
                    <Unicode>Juosi Oberamtsrichter</Unicode>
                </TextEquiv>
            </TextLine>
            <TextLine id="r1l99" custom="readingOrder {index:98;}">
                <Coords points="1709,2277 2870,2277 2901,2226 1709,2205"/>
                <Baseline points="1726,2254 1783,2255 1841,2256 1899,2258 1957,2259 2015,2259 2073,2260 2131,2260 2189,2261 2247,2261 2305,2261 2362,2261 2420,2261 2478,2261 2536,2261 2594,2261 2652,2260 2710,2260 2768,2260 2826,2260 2884,2259"/>
                <TextEquiv>
                    <Unicode>Theater. Dienstag, 27. Ab.=Vorst.: „Der Tod des Tiberius“.</Unicode>
                </TextEquiv>
            </TextLine>
            <TextLine id="r1l100" custom="readingOrder {index:99;}">
                <Coords points="543,2270 1714,2281 1714,2230 1663,2226 543,2223"/>
                <Baseline points="560,2264 616,2264 673,2263 730,2263 787,2263 844,2264 900,2264 957,2264 1014,2264 1071,2264 1128,2265 1184,2265 1241,2266 1298,2266 1355,2267 1412,2267 1468,2268 1525,2268 1582,2269 1639,2269 1696,2270"/>
                <TextEquiv>
                    <Unicode>Anatol „Die Frage an das Schicksal“, eine ganz prächtige,</Unicode>
                </TextEquiv>
            </TextLine>
            <TextLine id="r1l101" custom="readingOrder {index:100;}">
                <Coords points="148,2294 213,2295 239,2271 277,2266 538,2278 537,2227 466,2229 446,2244 353,2219 147,2246"/>
                <Baseline points="166,2282 191,2277 216,2273 241,2270 267,2268 292,2266 317,2265 343,2265 368,2264 393,2265 418,2265 444,2265 469,2266 494,2266 520,2266"/>
                <TextEquiv>
                    <Unicode>an ts Grimma, vor¬</Unicode>
                </TextEquiv>
            </TextLine>
            <TextLine id="r1l102" custom="readingOrder {index:101;}">
                <Coords points="1774,2312 2823,2332 2911,2313 2911,2268 1774,2271"/>
                <Baseline points="1792,2302 1847,2302 1902,2302 1957,2302 2012,2302 2067,2302 2122,2302 2177,2302 2232,2303 2287,2303 2342,2303 2397,2303 2452,2304 2507,2304 2562,2304 2617,2305 2672,2306 2727,2307 2782,2308 2837,2308 2893,2310"/>
                <TextEquiv>
                    <Unicode>„Der Tugendwächter“. (Anfang 7 Uhr.) — Altes Theater.</Unicode>
                </TextEquiv>
            </TextLine>
            <TextLine id="r1l103" custom="readingOrder {index:102;}">
                <Coords points="239,2311 320,2317 341,2307 541,2321 542,2274 448,2267 434,2280 420,2269 240,2270"/>
                <Baseline points="256,2301 282,2302 309,2302 336,2303 363,2303 390,2305 416,2305 443,2306 470,2308 497,2309 524,2311"/>
                <TextEquiv>
                    <Unicode>ll der Circusplatz</Unicode>
                </TextEquiv>
            </TextLine>
            <TextLine id="r1l104" custom="readingOrder {index:103;}">
                <Coords points="534,2312 1722,2329 1722,2278 1651,2274 534,2275"/>
                <Baseline points="551,2310 608,2309 666,2309 724,2308 781,2308 839,2308 897,2308 954,2308 1012,2308 1070,2309 1128,2309 1185,2309 1243,2310 1301,2310 1358,2310 1416,2310 1474,2311 1531,2311 1589,2311 1647,2310 1705,2310"/>
                <TextEquiv>
                    <Unicode>urgesunde und derbfrische Schwankplauderei über die Treue der</Unicode>
                </TextEquiv>
            </TextLine>
            <TextLine id="r1l105" custom="readingOrder {index:104;}">
                <Coords points="149,2328 172,2328 196,2346 206,2336 230,2333 251,2313 271,2313 272,2272 241,2272 214,2295 149,2290"/>
                <Baseline points="167,2322 195,2321 224,2321 253,2324"/>
                <TextEquiv>
                    <Unicode>5131 0</Unicode>
                </TextEquiv>
            </TextLine>
            <TextLine id="r1l106" custom="readingOrder {index:105;}">
                <Coords points="162,2375 189,2363 230,2379 260,2351 293,2346 535,2361 533,2310 302,2308 160,2334"/>
                <Baseline points="180,2369 206,2359 232,2352 258,2346 284,2343 310,2342 336,2341 362,2342 388,2343 414,2344 440,2345 466,2346 492,2346 519,2344"/>
                <TextEquiv>
                    <Unicode>„Für das Bismarck¬</Unicode>
                </TextEquiv>
            </TextLine>
            <TextLine id="r1l107" custom="readingOrder {index:106;}">
                <Coords points="1706,2375 2687,2372 2687,2321 2565,2304 1707,2307"/>
                <Baseline points="1723,2347 1770,2347 1817,2347 1865,2348 1912,2348 1960,2348 2007,2348 2054,2348 2102,2348 2149,2348 2197,2348 2244,2349 2291,2349 2339,2349 2386,2350 2434,2350 2481,2351 2528,2352 2576,2353 2623,2355 2671,2357"/>
                <TextEquiv>
                    <Unicode>Dienstag: „Der Vogelhändler“. (Anfang ½8 Uhr.)</Unicode>
                </TextEquiv>
            </TextLine>
            <TextLine id="r1l108" custom="readingOrder {index:107;}">
                <Coords points="539,2360 1581,2374 1713,2364 1714,2320 539,2313"/>
                <Baseline points="555,2352 612,2352 669,2351 726,2351 783,2352 840,2352 897,2352 955,2352 1012,2353 1069,2353 1126,2354 1183,2354 1240,2354 1297,2355 1355,2355 1412,2355 1469,2355 1526,2354 1583,2354 1640,2353 1698,2353"/>
                <TextEquiv>
                    <Unicode>Frauen und den Hypnotismus in knapper dramatischer Form.</Unicode>
                </TextEquiv>
            </TextLine>
            <TextLine id="r1l109" custom="readingOrder {index:108;}">
                <Coords points="215,2382 307,2398 415,2388 466,2398 476,2388 521,2394 520,2350 215,2355"/>
                <Baseline points="231,2381 258,2383 285,2384 313,2384 340,2385 368,2384 395,2384 422,2383 450,2383 477,2382 505,2382"/>
                <TextEquiv>
                    <Unicode>## gesammelt —.</Unicode>
                </TextEquiv>
            </TextLine>
            <TextLine id="r1l110" custom="readingOrder {index:109;}">
                <Coords points="525,2407 1716,2413 1695,2362 525,2356"/>
                <Baseline points="540,2396 601,2397 662,2397 723,2398 784,2398 845,2398 906,2398 967,2398 1028,2398 1089,2398 1150,2398 1211,2398 1272,2398 1333,2398 1394,2398 1455,2399 1516,2399 1577,2399 1638,2400 1699,2400"/>
                <TextEquiv>
                    <Unicode>Dank dem famosen Max des Hrn. Directors Ludwig Piori,</Unicode>
                </TextEquiv>
            </TextLine>
            <TextLine id="r1l111" custom="readingOrder {index:110;}">
                <Coords points="164,2420 228,2419 248,2437 391,2425 421,2437 537,2434 539,2386 402,2395 308,2375 250,2390 203,2371 166,2373"/>
                <Baseline points="182,2406 208,2411 234,2415 260,2417 286,2419 312,2420 338,2421 365,2422 391,2422 417,2422 443,2422 469,2422 495,2422 522,2423"/>
                <TextEquiv>
                    <Unicode>UGemeinde Plauen</Unicode>
                </TextEquiv>
            </TextLine>
            <TextLine id="r1l112" custom="readingOrder {index:111;}">
                <Coords points="528,2455 1645,2459 1723,2446 1723,2398 528,2408"/>
                <Baseline points="545,2442 603,2441 661,2441 719,2441 777,2441 835,2441 893,2441 951,2441 1009,2441 1067,2441 1126,2442 1184,2442 1242,2442 1300,2443 1358,2443 1416,2443 1474,2444 1532,2444 1590,2444 1648,2444 1707,2444"/>
                <TextEquiv>
                    <Unicode>der als flotter Bonvivant seine Künstlerschaft gestern wieder von</Unicode>
                </TextEquiv>
            </TextLine>
            <TextLine id="r1l113" custom="readingOrder {index:112;}">
                <Coords points="153,2466 228,2475 249,2458 333,2481 360,2468 398,2480 439,2460 455,2475 543,2480 545,2423 155,2418"/>
                <Baseline points="170,2450 195,2454 220,2457 246,2459 271,2460 297,2461 322,2462 348,2462 373,2463 398,2463 424,2463 449,2463 475,2463 500,2464 526,2464"/>
                <TextEquiv>
                    <Unicode>19|6 82jährigen Hrn.</Unicode>
                </TextEquiv>
            </TextLine>
            <TextLine id="r1l114" custom="readingOrder {index:113;}">
                <Coords points="538,2489 1604,2503 1692,2497 1726,2446 538,2455"/>
                <Baseline points="555,2488 612,2486 670,2485 727,2484 785,2484 843,2483 900,2483 958,2484 1016,2484 1073,2484 1131,2485 1189,2485 1246,2486 1304,2486 1362,2487 1419,2487 1477,2488 1535,2488 1592,2488 1650,2487 1708,2487"/>
                <TextEquiv>
                    <Unicode>einer ganz neuen Seite zeigte und die Ironie seiner Rolle mit</Unicode>
                </TextEquiv>
            </TextLine>
            <TextLine id="r1l115" custom="readingOrder {index:114;}">
                <Coords points="138,2505 311,2516 335,2496 355,2513 406,2503 447,2517 531,2514 532,2466 467,2456 396,2466 386,2455 375,2466 301,2458 291,2469 247,2458 226,2475 138,2465"/>
                <Baseline points="155,2500 180,2501 206,2502 232,2502 257,2502 283,2502 309,2502 335,2502 360,2502 386,2502 412,2502 437,2502 463,2503 489,2503 515,2503"/>
                <TextEquiv>
                    <Unicode>uneissen, ein Ehren¬</Unicode>
                </TextEquiv>
            </TextLine>
            <TextLine id="r1l116" custom="readingOrder {index:115;}">
                <Coords points="1782,2534 2827,2547 2828,2465 2580,2494 2332,2462 1782,2477"/>
                <Baseline points="1799,2522 1849,2522 1900,2523 1950,2523 2001,2524 2051,2524 2102,2525 2152,2526 2203,2526 2253,2527 2304,2527 2355,2527 2405,2528 2456,2528 2506,2528 2557,2528 2607,2528 2658,2527 2708,2527 2759,2526 2810,2525"/>
                <TextEquiv>
                    <Unicode>Der Name des Kaisers in der deutschen Sprache.</Unicode>
                </TextEquiv>
            </TextLine>
            <TextLine id="r1l117" custom="readingOrder {index:116;}">
                <Coords points="541,2534 1729,2553 1729,2482 541,2490"/>
                <Baseline points="557,2530 614,2529 672,2528 730,2528 788,2527 845,2527 903,2528 961,2528 1019,2528 1076,2529 1134,2529 1192,2530 1250,2530 1307,2531 1365,2532 1423,2532 1481,2532 1538,2532 1596,2532 1654,2532 1712,2532"/>
                <TextEquiv>
                    <Unicode>vollendeter Bravour zur Geltung brachte, hatte die dramatische</Unicode>
                </TextEquiv>
            </TextLine>
            <TextLine id="r1l118" custom="readingOrder {index:117;}">
                <Coords points="131,2547 162,2560 257,2545 535,2555 535,2518 511,2511 399,2503 355,2513 331,2497 304,2518 236,2505 131,2513"/>
                <Baseline points="148,2548 174,2546 200,2544 227,2542 253,2540 280,2540 306,2539 333,2539 359,2539 385,2539 412,2539 438,2540 465,2540 491,2541 518,2541"/>
                <TextEquiv>
                    <Unicode>jouger Socialdemo¬</Unicode>
                </TextEquiv>
            </TextLine>
            <TextLine id="r1l119" custom="readingOrder {index:118;}">
                <Coords points="542,2579 1693,2590 1727,2526 542,2532"/>
                <Baseline points="558,2573 615,2573 673,2574 730,2574 788,2574 845,2574 903,2574 960,2574 1018,2574 1075,2574 1133,2574 1191,2574 1248,2574 1306,2574 1363,2574 1421,2574 1478,2574 1536,2574 1593,2574 1651,2574 1709,2574"/>
                <TextEquiv>
                    <Unicode>Kleinigkeit auch ohne einen genügenden Anatol — Hr. Darmer</Unicode>
                </TextEquiv>
            </TextLine>
            <TextLine id="r1l120" custom="readingOrder {index:119;}">
                <Coords points="1779,2577 2906,2587 2906,2519 1780,2536"/>
                <Baseline points="1797,2573 1851,2575 1906,2577 1960,2578 2015,2579 2069,2579 2124,2580 2178,2581 2233,2581 2287,2581 2342,2581 2397,2582 2451,2582 2506,2582 2560,2582 2615,2582 2669,2582 2724,2582 2778,2582 2833,2582 2888,2583"/>
                <TextEquiv>
                    <Unicode>Ein alter wackerer Gelehrter, der seine deutsche Muttersprache</Unicode>
                </TextEquiv>
            </TextLine>
            <TextLine id="r1l121" custom="readingOrder {index:120;}">
                <Coords points="132,2605 166,2597 220,2610 240,2589 301,2585 542,2595 542,2554 423,2542 162,2560 131,2547"/>
                <Baseline points="150,2589 175,2586 200,2584 225,2582 250,2581 275,2580 300,2579 325,2579 350,2579 375,2579 400,2579 425,2580 450,2580 475,2580 500,2580 526,2580"/>
                <TextEquiv>
                    <Unicode>zjh Exemplaren aber¬</Unicode>
                </TextEquiv>
            </TextLine>
            <TextLine id="r1l122" custom="readingOrder {index:121;}">
                <Coords points="532,2629 1658,2644 1709,2634 1710,2580 532,2578"/>
                <Baseline points="549,2618 606,2618 663,2617 720,2617 778,2617 835,2617 892,2617 949,2617 1007,2618 1064,2618 1121,2618 1178,2619 1236,2619 1293,2620 1350,2620 1407,2620 1465,2621 1522,2621 1579,2621 1636,2621 1694,2621"/>
                <TextEquiv>
                    <Unicode>ist dafür viel zu alt, und Hr. Waldemar wäre hier wohl mehr</Unicode>
                </TextEquiv>
            </TextLine>
            <TextLine id="r1l123" custom="readingOrder {index:122;}">
                <Coords points="136,2639 207,2648 231,2627 271,2644 292,2623 431,2625 458,2638 533,2630 532,2586 400,2581 135,2605"/>
                <Baseline points="154,2630 179,2627 205,2625 231,2623 256,2621 282,2621 308,2620 334,2620 359,2620 385,2621 411,2621 436,2622 462,2622 488,2622 514,2622"/>
                <TextEquiv>
                    <Unicode>22 angebliche „Wahl¬</Unicode>
                </TextEquiv>
            </TextLine>
            <TextLine id="r1l124" custom="readingOrder {index:123;}">
                <Coords points="1711,2637 2824,2644 2916,2634 2917,2573 2479,2601 1712,2559"/>
                <Baseline points="1729,2622 1787,2623 1845,2623 1904,2623 1962,2624 2021,2624 2079,2625 2138,2626 2196,2626 2255,2627 2313,2628 2371,2628 2430,2629 2488,2629 2547,2629 2605,2629 2664,2629 2722,2629 2781,2628 2839,2628 2898,2627"/>
                <TextEquiv>
                    <Unicode>nicht blos von Herzen liebte, sondern auch gar wohl zu brauchen</Unicode>
                </TextEquiv>
            </TextLine>
            <TextLine id="r1l125" custom="readingOrder {index:124;}">
                <Coords points="227,2650 247,2650 274,2671 498,2670 542,2664 543,2623 455,2636 404,2608 387,2625 353,2631 305,2631 285,2617 227,2626"/>
                <Baseline points="245,2660 270,2659 295,2659 321,2660 346,2660 371,2661 397,2661 422,2661 447,2662 473,2662 498,2662 524,2661"/>
                <TextEquiv>
                    <Unicode>* Unterschrift der</Unicode>
                </TextEquiv>
            </TextLine>
            <TextLine id="r1l126" custom="readingOrder {index:125;}">
                <Coords points="531,2661 626,2664 646,2678 660,2667 734,2674 748,2660 772,2677 890,2673 938,2656 938,2622 805,2612 697,2630 602,2620 530,2631"/>
                <Baseline points="548,2660 574,2661 601,2662 627,2662 654,2662 680,2662 707,2662 734,2662 760,2661 787,2661 813,2661 840,2660 866,2660 893,2660 920,2659"/>
                <TextEquiv>
                    <Unicode>am Platze gewesen</Unicode>
                </TextEquiv>
            </TextLine>
            <TextLine id="r1l127" custom="readingOrder {index:126;}">
                <Coords points="973,2660 1014,2678 1343,2663 1360,2680 1608,2682 1652,2661 1652,2628 1608,2620 1333,2636 1065,2607 974,2620"/>
                <Baseline points="990,2658 1022,2659 1054,2661 1086,2662 1119,2663 1151,2663 1183,2664 1216,2664 1248,2664 1280,2664 1313,2664 1345,2664 1377,2664 1409,2664 1442,2664 1474,2664 1506,2664 1539,2664 1571,2664 1603,2665 1636,2666"/>
                <TextEquiv>
                    <Unicode>einen ungetheilten Heiterkeitserfolg.</Unicode>
                </TextEquiv>
            </TextLine>
            <TextLine id="r1l128" custom="readingOrder {index:127;}">
                <Coords points="1699,2670 2867,2686 2915,2622 1700,2612"/>
                <Baseline points="1715,2668 1774,2668 1833,2669 1892,2669 1951,2670 2010,2670 2069,2671 2128,2671 2187,2672 2246,2672 2306,2673 2365,2673 2424,2674 2483,2674 2542,2674 2601,2674 2660,2674 2719,2674 2778,2674 2837,2673 2897,2673"/>
                <TextEquiv>
                    <Unicode>wüßte, sagte einmal im Gespräch über den Kampf gegen die</Unicode>
                </TextEquiv>
            </TextLine>
            <TextLine id="r1l129" custom="readingOrder {index:128;}">
                <Coords points="137,2691 251,2709 272,2697 299,2709 476,2704 553,2717 557,2669 278,2667 226,2629 140,2636"/>
                <Baseline points="154,2670 179,2677 204,2683 230,2688 255,2691 281,2695 306,2698 332,2699 357,2701 383,2702 408,2702 434,2702 459,2702 485,2702 510,2702 536,2702"/>
                <TextEquiv>
                    <Unicode>bilimn 16. August soll</Unicode>
                </TextEquiv>
            </TextLine>
            <TextLine id="r1l130" custom="readingOrder {index:129;}">
                <Coords points="541,2715 1616,2728 1711,2722 1712,2667 541,2667"/>
                <Baseline points="557,2706 616,2705 676,2704 736,2704 796,2704 856,2704 916,2705 976,2705 1036,2706 1096,2707 1156,2708 1216,2708 1276,2709 1336,2709 1396,2710 1456,2710 1516,2710 1576,2709 1636,2709 1696,2707"/>
                <TextEquiv>
                    <Unicode>Das Hauptinteresse nahm das letzte Stück für sich in Anspruch:</Unicode>
                </TextEquiv>
            </TextLine>
            <TextLine id="r1l131" custom="readingOrder {index:130;}">
                <Coords points="1706,2724 2911,2721 2823,2673 1706,2670"/>
                <Baseline points="1723,2714 1781,2713 1840,2713 1898,2712 1957,2712 2016,2712 2074,2713 2133,2713 2191,2713 2250,2714 2309,2714 2367,2715 2426,2715 2484,2716 2543,2717 2602,2717 2660,2717 2719,2717 2777,2718 2836,2717 2895,2717"/>
                <TextEquiv>
                    <Unicode>Fremdwörtersucht der Deutschen: „Die mit halbverstandenen fremden</Unicode>
                </TextEquiv>
            </TextLine>
            <TextLine id="r1l132" custom="readingOrder {index:131;}">
                <Coords points="192,2741 270,2752 341,2753 365,2740 375,2750 450,2741 548,2749 549,2698 420,2710 192,2704"/>
                <Baseline points="209,2734 235,2736 262,2737 289,2738 316,2739 342,2740 369,2740 396,2740 423,2740 449,2740 476,2739 503,2739 530,2739"/>
                <TextEquiv>
                    <Unicode>Stiftungsfestes des</Unicode>
                </TextEquiv>
            </TextLine>
            <TextLine id="r1l133" custom="readingOrder {index:132;}">
                <Coords points="538,2761 1712,2763 1712,2716 538,2717"/>
                <Baseline points="554,2750 611,2749 668,2749 725,2749 782,2749 839,2749 896,2749 953,2749 1010,2750 1067,2750 1125,2751 1182,2751 1239,2752 1296,2752 1353,2752 1410,2753 1467,2753 1524,2753 1581,2753 1638,2752 1696,2752"/>
                <TextEquiv>
                    <Unicode>„Das Siegesfest“, ein Schauspiel in einem Aufzuge von</Unicode>
                </TextEquiv>
            </TextLine>
            <TextLine id="r1l134" custom="readingOrder {index:133;}">
                <Coords points="1715,2766 2862,2776 2914,2718 1716,2715"/>
                <Baseline points="1733,2754 1791,2754 1849,2755 1907,2755 1965,2756 2024,2756 2082,2757 2140,2757 2198,2758 2256,2758 2315,2759 2373,2759 2431,2760 2489,2760 2547,2761 2606,2761 2664,2761 2722,2762 2780,2762 2838,2763 2897,2763"/>
                <TextEquiv>
                    <Unicode>Bocken sich spreizende Unbildung und die gezierte Vornehmthuerei</Unicode>
                </TextEquiv>
            </TextLine>
            <TextLine id="r1l135" custom="readingOrder {index:134;}">
                <Coords points="133,2780 160,2774 186,2795 269,2781 336,2794 503,2783 540,2795 542,2748 219,2742 135,2719"/>
                <Baseline points="152,2762 178,2767 204,2770 231,2772 257,2775 284,2776 310,2777 337,2778 363,2778 389,2778 416,2778 442,2779 469,2779 495,2780 522,2781"/>
                <TextEquiv>
                    <Unicode>—er der Enthüllung</Unicode>
                </TextEquiv>
            </TextLine>
            <TextLine id="r1l136" custom="readingOrder {index:135;}">
                <Coords points="539,2805 1716,2811 1717,2767 539,2761"/>
                <Baseline points="557,2793 614,2794 671,2795 728,2795 785,2795 842,2796 899,2796 956,2796 1013,2796 1070,2797 1128,2797 1185,2797 1242,2797 1299,2797 1356,2797 1413,2797 1470,2797 1527,2797 1584,2797 1641,2797 1699,2797"/>
                <TextEquiv>
                    <Unicode>Franz Adam Beyerlein, einem jungen Leipziger Dichter,</Unicode>
                </TextEquiv>
            </TextLine>
            <TextLine id="r1l137" custom="readingOrder {index:136;}">
                <Coords points="1716,2807 2911,2815 2911,2754 1717,2760"/>
                <Baseline points="1733,2799 1791,2800 1849,2800 1907,2801 1965,2801 2023,2802 2081,2802 2139,2802 2197,2803 2255,2803 2314,2803 2372,2803 2430,2804 2488,2804 2546,2804 2604,2805 2662,2805 2720,2806 2778,2806 2836,2807 2895,2808"/>
                <TextEquiv>
                    <Unicode>an den Pranger zu stellen ist gewiß ein löbliches Unterfangen,</Unicode>
                </TextEquiv>
            </TextLine>
            <TextLine id="r1l138" custom="readingOrder {index:137;}">
                <Coords points="214,2827 540,2822 540,2781 483,2781 469,2791 435,2783 421,2793 361,2768 347,2778 215,2770"/>
                <Baseline points="232,2815 258,2815 284,2816 311,2816 337,2817 363,2817 390,2818 416,2818 442,2818 469,2819 495,2819 522,2819"/>
                <TextEquiv>
                    <Unicode>jehen; das Denk¬</Unicode>
                </TextEquiv>
            </TextLine>
            <TextLine id="r1l139" custom="readingOrder {index:138;}">
                <Coords points="537,2842 1432,2862 1504,2829 1548,2863 1707,2846 1708,2802 537,2802"/>
                <Baseline points="552,2838 608,2838 665,2837 722,2837 779,2837 836,2837 893,2837 950,2837 1007,2837 1064,2838 1121,2838 1177,2838 1234,2838 1291,2839 1348,2839 1405,2839 1462,2840 1519,2840 1576,2840 1633,2841 1690,2841"/>
                <TextEquiv>
                    <Unicode>dessen interessantes Erstlingswerk „Dämon Othello“ an dieser</Unicode>
                </TextEquiv>
            </TextLine>
            <TextLine id="r1l140" custom="readingOrder {index:139;}">
                <Coords points="1715,2846 2855,2860 2916,2854 2917,2796 1715,2806"/>
                <Baseline points="1731,2843 1789,2842 1847,2842 1906,2842 1964,2842 2022,2842 2081,2843 2139,2844 2197,2844 2256,2845 2314,2846 2372,2847 2431,2848 2489,2849 2547,2849 2606,2850 2664,2850 2722,2850 2781,2850 2839,2850 2898,2849"/>
                <TextEquiv>
                    <Unicode>das jedes Verständigen vollen Beifall hat oder doch verdient.</Unicode>
                </TextEquiv>
            </TextLine>
            <TextLine id="r1l141" custom="readingOrder {index:140;}">
                <Coords points="118,2869 241,2858 308,2884 339,2865 369,2879 414,2867 461,2878 475,2865 505,2883 546,2874 547,2823 343,2831 259,2818 215,2790 120,2808"/>
                <Baseline points="136,2851 162,2850 188,2850 214,2851 241,2852 267,2853 293,2854 319,2855 346,2857 372,2857 398,2859 424,2859 451,2859 477,2859 503,2858 530,2857"/>
                <TextEquiv>
                    <Unicode>walk dem Pfarrhaus</Unicode>
                </TextEquiv>
            </TextLine>
            <TextLine id="r1l142" custom="readingOrder {index:141;}">
                <Coords points="533,2876 1531,2890 1507,2825 1076,2858 533,2842"/>
                <Baseline points="550,2879 598,2879 646,2880 694,2881 743,2881 791,2882 839,2882 887,2882 936,2883 984,2883 1032,2883 1080,2883 1129,2883 1177,2883 1225,2883 1273,2883 1322,2883 1370,2883 1418,2883 1466,2883 1515,2882"/>
                <TextEquiv>
                    <Unicode>Stelle bereits eingehend gewürdigt worden ist.</Unicode>
                </TextEquiv>
            </TextLine>
            <TextLine id="r1l143" custom="readingOrder {index:142;}">
                <Coords points="1563,2896 1597,2898 1635,2889 1655,2890 1682,2901 1713,2902 1715,2848 1640,2845 1623,2855 1606,2840 1596,2843 1583,2829 1566,2829"/>
                <Baseline points="1580,2883 1609,2884 1638,2885 1667,2886 1697,2888"/>
                <TextEquiv>
                    <Unicode>Sprach</Unicode>
                </TextEquiv>
            </TextLine>
            <TextLine id="r1l144" custom="readingOrder {index:143;}">
                <Coords points="1716,2891 2914,2899 2914,2855 2724,2841 1716,2844"/>
                <Baseline points="1734,2886 1792,2888 1850,2889 1908,2890 1966,2891 2024,2891 2082,2892 2140,2892 2198,2892 2256,2892 2315,2892 2373,2892 2431,2892 2489,2892 2547,2892 2605,2892 2663,2892 2721,2892 2779,2893 2837,2894 2896,2894"/>
                <TextEquiv>
                    <Unicode>Aber ein Volk, das für so gewichtige Begriffe wie Religion,</Unicode>
                </TextEquiv>
            </TextLine>
            <TextLine id="r1l145" custom="readingOrder {index:144;}">
                <Coords points="129,2903 191,2922 202,2923 221,2913 250,2922 261,2862 244,2859 222,2865 216,2860 205,2869 190,2856 139,2850"/>
                <Baseline points="149,2888 178,2894 207,2899 237,2904"/>
                <TextEquiv>
                    <Unicode>ps1.</Unicode>
                </TextEquiv>
            </TextLine>
            <TextLine id="r1l146" custom="readingOrder {index:145;}">
                <Coords points="533,2931 1717,2938 1694,2877 533,2887"/>
                <Baseline points="551,2929 608,2927 666,2926 723,2926 781,2925 838,2925 896,2925 953,2925 1011,2925 1068,2926 1126,2926 1183,2927 1241,2927 1298,2928 1356,2928 1413,2929 1471,2929 1528,2929 1586,2929 1643,2929 1701,2929"/>
                <TextEquiv>
                    <Unicode>schon aus diesem Drama ein ungemein stark entwickelter Sinn</Unicode>
                </TextEquiv>
            </TextLine>
            <TextLine id="r1l147" custom="readingOrder {index:146;}">
                <Coords points="1716,2942 2880,2954 2904,2886 1716,2894"/>
                <Baseline points="1732,2934 1789,2932 1847,2932 1905,2931 1963,2931 2021,2931 2078,2931 2136,2932 2194,2932 2252,2933 2310,2934 2367,2935 2425,2936 2483,2936 2541,2937 2599,2938 2656,2938 2714,2938 2772,2938 2830,2938 2888,2937"/>
                <TextEquiv>
                    <Unicode>Fämilie und Nation keinen vollwerthigen Ersatz in seiner Sprache</Unicode>
                </TextEquiv>
            </TextLine>
            <TextLine id="r1l148" custom="readingOrder {index:147;}">
                <Coords points="536,2988 1666,2989 1713,2982 1714,2938 536,2934"/>
                <Baseline points="553,2970 610,2970 667,2970 724,2971 781,2971 838,2971 895,2971 953,2972 1010,2972 1067,2972 1124,2972 1181,2972 1238,2973 1295,2973 1353,2973 1410,2973 1467,2973 1524,2973 1581,2974 1638,2974 1696,2974"/>
                <TextEquiv>
                    <Unicode>für dramatische und theatralische Wirksamkeit, so offenbart das</Unicode>
                </TextEquiv>
            </TextLine>
            <TextLine id="r1l149" custom="readingOrder {index:148;}">
                <Coords points="1716,2987 2907,3005 2894,2943 1716,2940"/>
                <Baseline points="1731,2976 1792,2976 1853,2976 1914,2976 1975,2976 2036,2976 2097,2977 2158,2977 2219,2978 2280,2979 2341,2979 2402,2980 2463,2980 2524,2981 2585,2981 2646,2982 2707,2982 2768,2981 2829,2981 2890,2980"/>
                <TextEquiv>
                    <Unicode>hat, sollte denn doch auch nicht allzu stolz ablehnend jede Be¬</Unicode>
                </TextEquiv>
            </TextLine>
            <TextLine id="r1l150" custom="readingOrder {index:149;}">
                <Coords points="209,3008 226,3009 242,3023 256,3023 266,3013 280,3017 300,3014 321,2998 338,2998 339,2965 302,2963 288,2956 268,2956 261,2962 210,2957"/>
                <Baseline points="226,3003 257,3002 288,3004 320,3005"/>
                <TextEquiv>
                    <Unicode>en.</Unicode>
                </TextEquiv>
            </TextLine>
            <TextLine id="r1l151" custom="readingOrder {index:150;}">
                <Coords points="536,3024 1690,3034 1710,2979 536,2986"/>
                <Baseline points="554,3014 610,3014 667,3014 724,3014 781,3014 838,3014 895,3015 952,3015 1009,3016 1066,3017 1123,3017 1179,3018 1236,3018 1293,3019 1350,3019 1407,3019 1464,3020 1521,3019 1578,3019 1635,3018 1692,3017"/>
                <TextEquiv>
                    <Unicode>„Siegesfest“ diese Eigenschaft des [Dichters in nech entschiedenerem</Unicode>
                </TextEquiv>
            </TextLine>
            <TextLine id="r1l152" custom="readingOrder {index:151;}">
                <Coords points="1716,3031 2490,3039 2578,3009 2887,3041 2908,2977 1716,2990"/>
                <Baseline points="1733,3019 1794,3019 1855,3020 1916,3020 1977,3020 2038,3021 2099,3021 2160,3021 2221,3022 2282,3022 2343,3022 2404,3022 2465,3023 2526,3023 2587,3024 2648,3024 2709,3025 2770,3025 2831,3026 2892,3026"/>
                <TextEquiv>
                    <Unicode>reicherung aus fremden Sprachen zurückweisen.“ Diese Mahnung</Unicode>
                </TextEquiv>
            </TextLine>
            <TextLine id="r1l153" custom="readingOrder {index:152;}">
                <Coords points="208,3076 245,3079 263,3063 324,3076 354,3056 436,3074 544,3074 545,3000 473,2992 450,3006 388,3009 324,2995 297,3019 209,3011"/>
                <Baseline points="225,3056 250,3055 275,3055 300,3055 326,3056 351,3056 376,3056 401,3057 427,3057 452,3057 477,3057 502,3056 528,3055"/>
                <TextEquiv>
                    <Unicode>n der Leipziger</Unicode>
                </TextEquiv>
            </TextLine>
            <TextLine id="r1l154" custom="readingOrder {index:153;}">
                <Coords points="534,3069 1715,3077 1715,3026 534,3021"/>
                <Baseline points="550,3056 607,3056 664,3057 722,3057 779,3057 836,3057 894,3058 951,3058 1008,3059 1066,3059 1123,3060 1180,3060 1238,3060 1295,3061 1352,3061 1410,3062 1467,3062 1524,3063 1582,3063 1639,3064 1697,3064"/>
                <TextEquiv>
                    <Unicode>Maße. Der Stoff — ein Socialdemokrat büßt seine Umkehr zur</Unicode>
                </TextEquiv>
            </TextLine>
            <TextLine id="r1l155" custom="readingOrder {index:154;}">
                <Coords points="1712,3079 2842,3082 2910,3073 2910,3008 1712,3031"/>
                <Baseline points="1729,3066 1787,3065 1845,3064 1903,3064 1961,3064 2019,3064 2077,3064 2136,3064 2194,3065 2252,3065 2310,3066 2368,3066 2426,3067 2484,3068 2543,3068 2601,3069 2659,3069 2717,3070 2775,3070 2833,3070 2892,3070"/>
                <TextEquiv>
                    <Unicode>zur Besonnenheit ist wohl beachtenswerth. Sie konnte auch in</Unicode>
                </TextEquiv>
            </TextLine>
            <TextLine id="r1l156" custom="readingOrder {index:155;}">
                <Coords points="219,3118 277,3118 321,3100 352,3117 379,3107 484,3106 535,3120 535,3072 511,3065 480,3072 446,3059 396,3069 355,3056 304,3070 283,3053 250,3063 219,3050"/>
                <Baseline points="237,3103 262,3103 288,3102 313,3102 339,3102 365,3102 390,3102 416,3102 442,3102 467,3102 493,3101 519,3101"/>
                <TextEquiv>
                    <Unicode>Dr. F. Ende¬</Unicode>
                </TextEquiv>
            </TextLine>
            <TextLine id="r1l157" custom="readingOrder {index:156;}">
                <Coords points="534,3116 1718,3121 1719,3074 534,3069"/>
                <Baseline points="552,3101 609,3101 667,3100 724,3100 782,3100 839,3100 897,3100 954,3101 1012,3101 1069,3102 1127,3103 1185,3104 1242,3104 1300,3105 1357,3105 1415,3106 1472,3106 1530,3107 1587,3107 1645,3106 1703,3106"/>
                <TextEquiv>
                    <Unicode>guten Sache des Vaterlands und seines Königs am Sedantage</Unicode>
                </TextEquiv>
            </TextLine>
            <TextLine id="r1l158" custom="readingOrder {index:157;}">
                <Coords points="1716,3114 2903,3126 2904,3075 1716,3070"/>
                <Baseline points="1733,3108 1790,3108 1848,3108 1906,3108 1963,3108 2021,3109 2079,3109 2136,3109 2194,3110 2252,3110 2310,3111 2367,3111 2425,3112 2483,3112 2540,3113 2598,3113 2656,3114 2713,3114 2771,3114 2829,3115 2887,3115"/>
                <TextEquiv>
                    <Unicode>folgende Form gekleidet werden: Einem Volke, das den Namen</Unicode>
                </TextEquiv>
            </TextLine>
            <TextLine id="r1l159" custom="readingOrder {index:158;}">
                <Coords points="142,3136 176,3138 190,3128 203,3136 224,3137 238,3127 258,3128 260,3087 199,3088 189,3077 165,3083 145,3082"/>
                <Baseline points="161,3124 187,3123 214,3124 241,3128"/>
                <TextEquiv>
                    <Unicode>jog</Unicode>
                </TextEquiv>
            </TextLine>
            <TextLine id="r1l160" custom="readingOrder {index:159;}">
                <Coords points="545,3154 1712,3174 1712,3113 545,3117"/>
                <Baseline points="562,3145 618,3146 675,3147 731,3147 788,3148 845,3148 901,3148 958,3148 1015,3148 1071,3148 1128,3147 1185,3147 1241,3147 1298,3147 1355,3147 1411,3147 1468,3148 1525,3149 1581,3149 1638,3151 1695,3153"/>
                <TextEquiv>
                    <Unicode>mit dem Tode durch die Hand eines Genossen — ist mit großem</Unicode>
                </TextEquiv>
            </TextLine>
            <TextLine id="r1l161" custom="readingOrder {index:160;}">
                <Coords points="158,3183 219,3184 293,3153 452,3150 541,3167 539,3116 430,3103 359,3113 321,3101 295,3116 254,3114 231,3136 156,3135"/>
                <Baseline points="174,3164 200,3160 227,3157 254,3155 281,3152 308,3150 335,3148 361,3147 388,3147 415,3146 442,3146 469,3147 496,3148 523,3149"/>
                <TextEquiv>
                    <Unicode>uon gerlichen Gesetz¬</Unicode>
                </TextEquiv>
            </TextLine>
            <TextLine id="r1l162" custom="readingOrder {index:161;}">
                <Coords points="1709,3158 2918,3152 2894,3111 1710,3114"/>
                <Baseline points="1728,3150 1786,3150 1845,3151 1903,3151 1962,3151 2021,3152 2079,3152 2138,3153 2196,3153 2255,3153 2314,3154 2372,3154 2431,3155 2489,3155 2548,3155 2607,3156 2665,3156 2724,3157 2782,3157 2841,3157 2900,3158"/>
                <TextEquiv>
                    <Unicode>für das Herrscheramt, in dem seine Einheit verkörpert erscheint,</Unicode>
                </TextEquiv>
            </TextLine>
            <TextLine id="r1l163" custom="readingOrder {index:162;}">
                <Coords points="223,3196 274,3206 291,3195 329,3201 345,3187 393,3207 403,3196 495,3194 546,3210 545,3149 223,3156"/>
                <Baseline points="241,3197 267,3195 293,3193 319,3192 346,3191 372,3191 398,3190 424,3190 451,3190 477,3190 503,3190 530,3190"/>
                <TextEquiv>
                    <Unicode>faßtes Lehrbuch.</Unicode>
                </TextEquiv>
            </TextLine>
            <TextLine id="r1l164" custom="readingOrder {index:163;}">
                <Coords points="542,3197 2914,3207 542,3153"/>
                <Baseline points="558,3189 681,3190 804,3190 927,3191 1050,3191 1173,3192 1296,3193 1419,3193 1542,3194 1665,3195 1789,3195 1912,3196 2035,3197 2158,3198 2281,3198 2404,3199 2527,3200 2650,3201 2773,3202 2897,3202"/>
                <TextEquiv>
                    <Unicode>Geschick dramatisch behandelt worden. Die einzelnen Charaktere — dem Lateinischen entlehnt hat, ziemt nicht ein blindes Wüthen</Unicode>
                </TextEquiv>
            </TextLine>
            <TextLine id="r1l165" custom="readingOrder {index:164;}">
                <Coords points="206,3259 277,3244 314,3251 324,3240 372,3247 389,3236 541,3244 541,3204 493,3194 408,3195 395,3206 371,3196 266,3204 205,3195"/>
                <Baseline points="221,3240 246,3238 271,3236 296,3235 321,3235 346,3235 372,3235 397,3235 422,3235 447,3235 472,3235 497,3234 523,3232"/>
                <TextEquiv>
                    <Unicode>techt der Schuld¬</Unicode>
                </TextEquiv>
            </TextLine>
            <TextLine id="r1l166" custom="readingOrder {index:165;}">
                <Coords points="541,3242 1689,3239 1665,3194 542,3195"/>
                <Baseline points="559,3234 614,3234 670,3234 725,3234 781,3234 836,3234 892,3234 947,3234 1003,3235 1058,3235 1114,3235 1170,3235 1225,3236 1281,3236 1336,3236 1392,3236 1447,3236 1503,3236 1558,3236 1614,3236 1670,3236"/>
                <TextEquiv>
                    <Unicode>alles Typen aus dem Leben, denen wir täglich begegnen können —</Unicode>
                </TextEquiv>
            </TextLine>
            <TextLine id="r1l167" custom="readingOrder {index:166;}">
                <Coords points="1706,3261 2914,3264 2914,3207 1706,3200"/>
                <Baseline points="1723,3242 1781,3241 1840,3241 1899,3240 1958,3240 2016,3240 2075,3241 2134,3241 2193,3241 2251,3241 2310,3242 2369,3243 2428,3243 2486,3244 2545,3244 2604,3245 2663,3245 2721,3245 2780,3246 2839,3246 2898,3246"/>
                <TextEquiv>
                    <Unicode>gegen jede fremde Blume in seinem Sprachgarten, sondern nur</Unicode>
                </TextEquiv>
            </TextLine>
            <TextLine id="r1l168" custom="readingOrder {index:167;}">
                <Coords points="229,3285 297,3292 358,3278 379,3292 447,3285 460,3298 487,3285 545,3285 545,3244 321,3237 297,3251 229,3251"/>
                <Baseline points="247,3280 272,3279 298,3277 323,3276 349,3276 375,3276 400,3277 426,3277 452,3278 477,3278 503,3278 529,3277"/>
                <TextEquiv>
                    <Unicode>#4 — Wilhelm</Unicode>
                </TextEquiv>
            </TextLine>
            <TextLine id="r1l169" custom="readingOrder {index:168;}">
                <Coords points="544,3294 1674,3297 1715,3287 1715,3239 544,3243"/>
                <Baseline points="561,3278 617,3278 674,3278 731,3278 788,3279 845,3279 902,3279 959,3279 1016,3280 1073,3280 1130,3280 1186,3280 1243,3280 1300,3281 1357,3281 1414,3281 1471,3281 1528,3281 1585,3281 1642,3280 1699,3280"/>
                <TextEquiv>
                    <Unicode>treten scharf umrissen hervor und sind dureraus erschöpfend ge¬</Unicode>
                </TextEquiv>
            </TextLine>
            <TextLine id="r1l170" custom="readingOrder {index:169;}">
                <Coords points="1717,3301 2884,3306 2909,3255 1717,3240"/>
                <Baseline points="1734,3279 1791,3281 1849,3282 1907,3283 1965,3284 2023,3285 2081,3286 2139,3286 2197,3287 2255,3287 2313,3288 2370,3288 2428,3288 2486,3289 2544,3289 2602,3289 2660,3290 2718,3290 2776,3291 2834,3292 2892,3292"/>
                <TextEquiv>
                    <Unicode>eine maßvolle Haltung auch in diesem Kampfe ist seiner würdig.</Unicode>
                </TextEquiv>
            </TextLine>
            <TextLine id="r1l171" custom="readingOrder {index:170;}">
                <Coords points="232,3327 273,3338 307,3328 320,3341 361,3328 544,3339 545,3288 439,3281 419,3294 409,3284 382,3291 368,3277 307,3270 283,3283 232,3283"/>
                <Baseline points="249,3323 274,3323 299,3322 324,3322 350,3322 375,3322 400,3323 425,3323 451,3323 476,3324 501,3324 527,3323"/>
                <TextEquiv>
                    <Unicode>im Handel mit</Unicode>
                </TextEquiv>
            </TextLine>
            <TextLine id="r1l172" custom="readingOrder {index:171;}">
                <Coords points="538,3341 1685,3341 1725,3286 538,3290"/>
                <Baseline points="553,3322 610,3322 668,3323 726,3323 784,3323 842,3323 900,3323 957,3324 1015,3324 1073,3324 1131,3325 1189,3325 1247,3325 1305,3325 1362,3325 1420,3325 1478,3325 1536,3325 1594,3325 1652,3325 1710,3324"/>
                <TextEquiv>
                    <Unicode>zeichnet. Die Sprache ist kernig und den verschiedenen Sprechern</Unicode>
                </TextEquiv>
            </TextLine>
            <TextLine id="r1l173" custom="readingOrder {index:172;}">
                <Coords points="1793,3338 2906,3346 2906,3302 2737,3290 1793,3287"/>
                <Baseline points="1810,3326 1864,3327 1918,3328 1972,3328 2026,3329 2080,3329 2134,3330 2188,3330 2242,3330 2296,3331 2350,3331 2404,3331 2458,3331 2512,3332 2566,3332 2620,3332 2674,3333 2728,3333 2782,3334 2836,3334 2890,3335"/>
                <TextEquiv>
                    <Unicode>In der That, das Wort Kaiser ist nicht deutschen Stammes,</Unicode>
                </TextEquiv>
            </TextLine>
            <TextLine id="r1l174" custom="readingOrder {index:173;}">
                <Coords points="216,3381 294,3381 338,3367 416,3381 470,3368 548,3382 548,3324 443,3337 362,3330 348,3317 335,3327 216,3320"/>
                <Baseline points="233,3366 260,3367 287,3367 314,3368 341,3368 368,3369 395,3369 422,3369 449,3369 476,3368 503,3367 530,3366"/>
                <TextEquiv>
                    <Unicode>Ines alten, er¬</Unicode>
                </TextEquiv>
            </TextLine>
            <TextLine id="r1l175" custom="readingOrder {index:174;}">
                <Coords points="538,3372 1722,3395 1723,3327 538,3328"/>
                <Baseline points="555,3367 612,3366 670,3366 727,3366 785,3366 842,3366 900,3367 957,3367 1015,3367 1072,3368 1130,3368 1188,3369 1245,3369 1303,3369 1360,3370 1418,3370 1475,3370 1533,3370 1590,3370 1648,3370 1706,3369"/>
                <TextEquiv>
                    <Unicode>auf das Genaueste angepaßt; an fein beobachteten Einzelheiten</Unicode>
                </TextEquiv>
            </TextLine>
            <TextLine id="r1l176" custom="readingOrder {index:175;}">
                <Coords points="1716,3386 2330,3397 2375,3364 2914,3402 2884,3340 1859,3346 1717,3315"/>
                <Baseline points="1734,3367 1792,3369 1850,3371 1908,3372 1967,3373 2025,3374 2083,3375 2141,3375 2200,3375 2258,3375 2316,3375 2374,3375 2433,3375 2491,3376 2549,3376 2607,3376 2666,3376 2724,3377 2782,3378 2840,3379 2899,3381"/>
                <TextEquiv>
                    <Unicode>sondern ein lateinisches Lehnwort. Es ist der Zuname des</Unicode>
                </TextEquiv>
            </TextLine>
            <TextLine id="r1l177" custom="readingOrder {index:176;}">
                <Coords points="212,3422 297,3422 311,3409 372,3429 443,3416 545,3420 545,3366 213,3381"/>
                <Baseline points="228,3409 253,3410 278,3411 303,3411 328,3411 353,3411 378,3411 403,3410 428,3410 453,3410 478,3411 503,3412 528,3413"/>
                <TextEquiv>
                    <Unicode>ine Kapitalisten.</Unicode>
                </TextEquiv>
            </TextLine>
            <TextLine id="r1l178" custom="readingOrder {index:177;}">
                <Coords points="544,3418 1650,3429 1712,3382 1084,3350 544,3374"/>
                <Baseline points="561,3411 617,3410 674,3409 730,3408 787,3408 844,3408 900,3408 957,3409 1013,3409 1070,3410 1127,3410 1183,3411 1240,3412 1296,3413 1353,3413 1410,3414 1466,3414 1523,3415 1579,3415 1636,3414 1693,3414"/>
                <TextEquiv>
                    <Unicode>ist das Ganze — die Arbeit eines unstreitig hochbegabten Drama¬</Unicode>
                </TextEquiv>
            </TextLine>
            <TextLine id="r1l179" custom="readingOrder {index:178;}">
                <Coords points="1718,3424 2882,3434 2906,3390 1718,3377"/>
                <Baseline points="1734,3412 1791,3414 1849,3415 1907,3417 1965,3418 2023,3418 2080,3419 2138,3420 2196,3420 2254,3420 2312,3420 2369,3420 2427,3420 2485,3420 2543,3420 2601,3421 2658,3421 2716,3421 2774,3421 2832,3421 2890,3422"/>
                <TextEquiv>
                    <Unicode>römischen Geschlechts der Julier. Jener gewaltige Staatsmann,</Unicode>
                </TextEquiv>
            </TextLine>
            <TextLine id="r1l180" custom="readingOrder {index:179;}">
                <Coords points="534,3461 1695,3473 1716,3418 534,3420"/>
                <Baseline points="552,3453 609,3452 666,3452 724,3452 781,3452 839,3452 896,3453 953,3453 1011,3453 1068,3454 1126,3454 1183,3454 1240,3455 1298,3455 1355,3456 1413,3456 1470,3456 1527,3456 1585,3456 1642,3456 1700,3455"/>
                <TextEquiv>
                    <Unicode>tikers von tiefem künstlerischen und sittlichen Ernste — reich</Unicode>
                </TextEquiv>
            </TextLine>
            <TextLine id="r1l181" custom="readingOrder {index:180;}">
                <Coords points="289,3470 306,3471 327,3457 357,3464 381,3454 398,3454 412,3468 432,3458 517,3469 544,3462 544,3414 510,3414 493,3424 487,3417 320,3420 307,3406 290,3406"/>
                <Baseline points="308,3452 335,3454 362,3454 390,3454 417,3454 444,3454 472,3454 499,3454 527,3456"/>
                <TextEquiv>
                    <Unicode>#A — Max</Unicode>
                </TextEquiv>
            </TextLine>
            <TextLine id="r1l182" custom="readingOrder {index:181;}">
                <Coords points="1718,3470 2886,3484 2917,3426 1719,3419"/>
                <Baseline points="1734,3455 1792,3457 1850,3458 1908,3460 1966,3461 2025,3462 2083,3462 2141,3462 2199,3463 2257,3463 2316,3463 2374,3463 2432,3463 2490,3463 2548,3463 2607,3463 2665,3464 2723,3464 2781,3465 2839,3466 2898,3467"/>
                <TextEquiv>
                    <Unicode>der in der von blutigen Bürgerkriegen zerrütteten, der Auflösung</Unicode>
                </TextEquiv>
            </TextLine>
            <TextLine id="r1l183" custom="readingOrder {index:182;}">
                <Coords points="121,3488 159,3487 222,3516 262,3518 304,3497 422,3516 451,3501 477,3513 505,3504 548,3521 549,3456 517,3468 389,3452 293,3463 203,3436 178,3451 124,3444"/>
                <Baseline points="139,3474 165,3478 191,3481 217,3485 243,3488 270,3491 296,3493 322,3496 348,3498 374,3499 401,3500 427,3501 453,3501 479,3501 505,3501 532,3501"/>
                <TextEquiv>
                    <Unicode>7414, Verlag von</Unicode>
                </TextEquiv>
            </TextLine>
            <TextLine id="r1l184" custom="readingOrder {index:183;}">
                <Coords points="542,3503 1709,3508 1709,3467 1604,3454 542,3459"/>
                <Baseline points="558,3499 614,3499 671,3499 728,3500 784,3500 841,3500 898,3500 954,3500 1011,3500 1068,3500 1125,3500 1181,3500 1238,3500 1295,3500 1351,3500 1408,3500 1465,3500 1521,3501 1578,3501 1635,3501 1692,3501"/>
                <TextEquiv>
                    <Unicode>und macht in seiner schlichten Einfachheit einen ergreifenden</Unicode>
                </TextEquiv>
            </TextLine>
            <TextLine id="r1l185" custom="readingOrder {index:184;}">
                <Coords points="1718,3514 2804,3526 2913,3509 2913,3462 1718,3470"/>
                <Baseline points="1734,3501 1792,3501 1850,3502 1908,3502 1966,3503 2024,3503 2082,3504 2140,3505 2198,3505 2256,3505 2315,3506 2373,3506 2431,3506 2489,3506 2547,3507 2605,3507 2663,3506 2721,3506 2779,3506 2837,3506 2896,3505"/>
                <TextEquiv>
                    <Unicode>entgegentreibenden römischen Republik mit fester Hand wieder</Unicode>
                </TextEquiv>
            </TextLine>
            <TextLine id="r1l186" custom="readingOrder {index:185;}">
                <Coords points="234,3554 1724,3551 1701,3511 1375,3499 234,3506"/>
                <Baseline points="252,3544 324,3544 397,3544 470,3544 542,3544 615,3544 688,3544 760,3544 833,3544 906,3544 979,3544 1051,3545 1124,3545 1197,3545 1269,3546 1342,3546 1415,3546 1487,3547 1560,3547 1633,3548 1706,3548"/>
                <TextEquiv>
                    <Unicode>gemeinverständ= Eindruck. Etwas überraschend kommt nur die Ermordung des</Unicode>
                </TextEquiv>
            </TextLine>
            <TextLine id="r1l187" custom="readingOrder {index:186;}">
                <Coords points="1717,3555 2725,3566 2878,3560 2905,3512 1717,3514"/>
                <Baseline points="1733,3549 1790,3550 1848,3550 1906,3551 1964,3551 2022,3551 2079,3551 2137,3551 2195,3551 2253,3551 2311,3551 2368,3551 2426,3551 2484,3551 2542,3551 2600,3551 2657,3551 2715,3551 2773,3551 2831,3552 2889,3552"/>
                <TextEquiv>
                    <Unicode>gesetzliche Ordnung schaffte und zum Danke dafür unter den</Unicode>
                </TextEquiv>
            </TextLine>
            <TextLine id="r1l188" custom="readingOrder {index:187;}">
                <Coords points="215,3609 2855,3630 2920,3545 215,3541"/>
                <Baseline points="232,3589 365,3589 499,3589 632,3590 766,3590 899,3591 1033,3591 1166,3592 1300,3592 1433,3593 1567,3594 1701,3594 1834,3595 1968,3596 2101,3597 2235,3598 2368,3599 2502,3600 2635,3601 2769,3602 2903,3603"/>
                <TextEquiv>
                    <Unicode>#em Gebiete der braven Franz Härtel; auch traue ich gerade Gelfert, diesem ver= Dolchen verblendeter Schwärmer sein Leben lassen mußte, Cajus</Unicode>
                </TextEquiv>
            </TextLine>
            <TextLine id="r1l189" custom="readingOrder {index:188;}">
                <Coords points="489,3877 563,3916 818,3886 977,3925 1408,3929 1476,3903 1479,3713 1341,3680 1191,3705 1114,3653 806,3777 594,3675 492,3670"/>
                <Baseline points="507,3889 554,3877 602,3866 649,3856 697,3848 745,3842 792,3837 840,3834 888,3832 935,3831 983,3832 1031,3835 1078,3837 1126,3842 1174,3847 1221,3853 1269,3860 1317,3868 1364,3877 1412,3886 1460,3896"/>
                <TextEquiv>
                    <Unicode>Japrs sua.</Unicode>
                </TextEquiv>
            </TextLine>
            <TextEquiv>
                <Unicode>an das Schicksal
box 7/4
Die Frag
4.1. Dirage an aus benicksal
s Nachschlüssels aus sich die Herren auf das Bollkonmenste in den geistigen Hahet“] an Hrn. de Fouiquebane gerichtet hat, der von 1565 bis 1568
ger Werkführer aus
der Werke vertieft hatten, und es war bewunderungswürdig, wie
französischer Botschafter in Madrid gewesen ist Diese Briefe be¬
n eines Kunstmöbel= Hr. Concertmeister Hilf seine Collegen zu begeistertem Schwunge
weisen, daß Elisabeth im Gegensatz zu den meisten Königinnen
Waarendiebstähle;
F. R. Pfau.
mit sich fortriß.
von Spanien eine große Rolle in der Politik gespielt hat. Unter
jayerischen Bahnhofe
f. Leipzig, 27. Jan. Den ebenso unerqnicklichen, den Briefen ist einer, der drei Tage nach der Gefangennahme —
t gefahren war und
des Infanten geschrieben wurde, und die nichts weniger als
wie durch und durch ungesunden Symbolismus, diese merkwür¬
benützt hatte, um
freundlichen Gesinnungen der Königin für ihn enthält.
digste Ausgeburt der Modernen, deren ursprüngliche Heimath
om Wagen zu stehlen
Am 25. Januar ist der Präsident der Londoner Akademie, Frederik
3 Schicksal der Ver¬
Frankeich ist, hatte die „Litterarische Gesellschaft“ in
Leighton (geb. 3. Dec. 1830) gestorben. — Rußland zählt nach
Hhofe wurde gestern
Leipzig bisher links liegen lassen; ich glaube nicht zu ihrem
zuverlässigen statistischen Mittheilungen gegenwärtig 178 Theater,
F der seit 14 Tagen
und auch nicht zu unserem Nachtheil. Gestern Mittag in ihrer
90 Concertsäle und 112 dramatisch-literarische und musikalische Ge¬
3Klingner 2. Comp.
achten Matinée ließ sie nun auch einen Vertreter dieser Richtung!
sellschaften, eine geringe Anzahl Angesichts des unermeßlichen Reiches.
nar Militärpatrouille
zu Worte kommen und zwar den bedeutendsten: man gab
In Chicago starb am 8. Januar der Pädagog Paul Binner,
Maurice Macterlinck's „I'Instruse“ (Der ungebetene Gast).
in St. Louis am 13. Januar der Musiker Ruppert Fehrenbach,
que 1895 an Bier¬
in La Crosse, Wisconsin, 86 Jahre alte Professor L. W. Ranis.
Das Werk, welches in schauerlich unheimlicher Weise den Eintritt
Iihme von 39871 M.
Repertoire des königl. Hoftheaters zu Altstadt¬
des Todes in das Haus einer alten Familie schildert und voll
(on 99 677,50 Hekto¬
Dresden. Dienstag, den 28. Januar: „Mignon“. — Mittwoch,
ist von den dunkelsten Symbolismen, ist kein Bühnenstück,
31055 000 Seelen be¬
den 29. Januar: „Orpheus und Eurydike“. (Anfang ½8 Uhr.)
wenn ich mir auch denken kann, daß es, in einem in¬
joub der elektrischen
Donnerstag, den 30. Januar: „Falstaff“. (Anfang ½8 Uhr.)
timen Raum — nicht in dem gräßlichen Carolatheater, in
Dirts. Durch die
Freitag, den 31. Januar: Fünftes Sinfonie=Concert der
dem es schwer hält nur einigermaßen die Illusion festzuhalten
### #sglatz am Neuen
königl. musikalischen Kapelle (Serie A). (Anfang 7 Uhr.) -
mit Einhaltung all der subtilen Regievorschriften des Dichters
sochen. Das Gebäude
Sonnabend, den 1. Februar: „Tannhäuser“. (Anfang 7 Uhr.)
gespielt, einen tiefen, fast lähmenden Eindruck zu machen vermag.
un Straßenbahngesell¬
Sonntag, den 2. Februar: „Lucrezia Borgia“. (Anfang
Gestern ging es ziemlich spurlos an dem Publicum vorüber,
whlg nahe — Die
½8 Uhr.) — Neustadt. Dienstag, den 28. Januar: „Der
obwohl die Darsteller, namentlich Hr. Darmer in der ungemein
ugen, der Social¬
Gesandtschafts=Attaché“. (Anfang ½8 Uhr.)
schwierigen Rolle des Großvaters, ihr Bestes gaben. Die Regie
91 Jahresfrist noch
Mittwoch, den
29. Januar: „Das Glück im Winkel“. (Anfang ½8 Uhr.) —
##g ele Mitglieder ver¬
(Dr. Carl Heine) hatte mit enormem Fleiße und ziemlichem Glück
auf 821 beträgt.
Bonnerstag, den 30. Januar: „Tragische Conflicte“. — „Das
soweit es die unglücklichen Bühnen= und Decorationsverhält¬
sahwimmerbund sein
Haus des Majors“. (Anfang ½8 Uhr.) — Freitag, den 31. Ja¬
nisse gestatten — die Aufführung stilisirt, und es fehlten weder
zoChemnitz ist dieser
ntar: Zum ersten Male: „Arabella Stuart“. — Sonnabend,
die Lilien in den Händen der drei weißgekleideten Töchter, noch
t#tschung eines Ent¬
den 1. Februar: „Arabella Stuart“. — Sonntag, den 2. Februar:
das leise Waldesrauschen im Parke, noch der Mondschein auf der
Bit die ihm Beihilfe
„Der Militärstaat“. — Wiener Walzer. (Anfang 7 Uhr.)
Terrasse. Auf den qualvoll düsteren Maeterlinck folgte als
130 — In Grimma
Repertoire der Leipziger Stadttheater. Neues
willkommener Gast ein Act aus Arthur Schnitzler's
Juosi Oberamtsrichter
Theater. Dienstag, 27. Ab.=Vorst.: „Der Tod des Tiberius“.
Anatol „Die Frage an das Schicksal“, eine ganz prächtige,
an ts Grimma, vor¬
„Der Tugendwächter“. (Anfang 7 Uhr.) — Altes Theater.
ll der Circusplatz
urgesunde und derbfrische Schwankplauderei über die Treue der
5131 0
„Für das Bismarck¬
Dienstag: „Der Vogelhändler“. (Anfang ½8 Uhr.)
Frauen und den Hypnotismus in knapper dramatischer Form.
## gesammelt —.
Dank dem famosen Max des Hrn. Directors Ludwig Piori,
UGemeinde Plauen
der als flotter Bonvivant seine Künstlerschaft gestern wieder von
19|6 82jährigen Hrn.
einer ganz neuen Seite zeigte und die Ironie seiner Rolle mit
uneissen, ein Ehren¬
Der Name des Kaisers in der deutschen Sprache.
vollendeter Bravour zur Geltung brachte, hatte die dramatische
jouger Socialdemo¬
Kleinigkeit auch ohne einen genügenden Anatol — Hr. Darmer
Ein alter wackerer Gelehrter, der seine deutsche Muttersprache
zjh Exemplaren aber¬
ist dafür viel zu alt, und Hr. Waldemar wäre hier wohl mehr
22 angebliche „Wahl¬
nicht blos von Herzen liebte, sondern auch gar wohl zu brauchen
* Unterschrift der
am Platze gewesen
einen ungetheilten Heiterkeitserfolg.
wüßte, sagte einmal im Gespräch über den Kampf gegen die
bilimn 16. August soll
Das Hauptinteresse nahm das letzte Stück für sich in Anspruch:
Fremdwörtersucht der Deutschen: „Die mit halbverstandenen fremden
Stiftungsfestes des
„Das Siegesfest“, ein Schauspiel in einem Aufzuge von
Bocken sich spreizende Unbildung und die gezierte Vornehmthuerei
—er der Enthüllung
Franz Adam Beyerlein, einem jungen Leipziger Dichter,
an den Pranger zu stellen ist gewiß ein löbliches Unterfangen,
jehen; das Denk¬
dessen interessantes Erstlingswerk „Dämon Othello“ an dieser
das jedes Verständigen vollen Beifall hat oder doch verdient.
walk dem Pfarrhaus
Stelle bereits eingehend gewürdigt worden ist.
Sprach
Aber ein Volk, das für so gewichtige Begriffe wie Religion,
ps1.
schon aus diesem Drama ein ungemein stark entwickelter Sinn
Fämilie und Nation keinen vollwerthigen Ersatz in seiner Sprache
für dramatische und theatralische Wirksamkeit, so offenbart das
hat, sollte denn doch auch nicht allzu stolz ablehnend jede Be¬
en.
„Siegesfest“ diese Eigenschaft des [Dichters in nech entschiedenerem
reicherung aus fremden Sprachen zurückweisen.“ Diese Mahnung
n der Leipziger
Maße. Der Stoff — ein Socialdemokrat büßt seine Umkehr zur
zur Besonnenheit ist wohl beachtenswerth. Sie konnte auch in
Dr. F. Ende¬
guten Sache des Vaterlands und seines Königs am Sedantage
folgende Form gekleidet werden: Einem Volke, das den Namen
jog
mit dem Tode durch die Hand eines Genossen — ist mit großem
uon gerlichen Gesetz¬
für das Herrscheramt, in dem seine Einheit verkörpert erscheint,
faßtes Lehrbuch.
Geschick dramatisch behandelt worden. Die einzelnen Charaktere — dem Lateinischen entlehnt hat, ziemt nicht ein blindes Wüthen
techt der Schuld¬
alles Typen aus dem Leben, denen wir täglich begegnen können —
gegen jede fremde Blume in seinem Sprachgarten, sondern nur
#4 — Wilhelm
treten scharf umrissen hervor und sind dureraus erschöpfend ge¬
eine maßvolle Haltung auch in diesem Kampfe ist seiner würdig.
im Handel mit
zeichnet. Die Sprache ist kernig und den verschiedenen Sprechern
In der That, das Wort Kaiser ist nicht deutschen Stammes,
Ines alten, er¬
auf das Genaueste angepaßt; an fein beobachteten Einzelheiten
sondern ein lateinisches Lehnwort. Es ist der Zuname des
ine Kapitalisten.
ist das Ganze — die Arbeit eines unstreitig hochbegabten Drama¬
römischen Geschlechts der Julier. Jener gewaltige Staatsmann,
tikers von tiefem künstlerischen und sittlichen Ernste — reich
#A — Max
der in der von blutigen Bürgerkriegen zerrütteten, der Auflösung
7414, Verlag von
und macht in seiner schlichten Einfachheit einen ergreifenden
entgegentreibenden römischen Republik mit fester Hand wieder
gemeinverständ= Eindruck. Etwas überraschend kommt nur die Ermordung des
gesetzliche Ordnung schaffte und zum Danke dafür unter den
#em Gebiete der braven Franz Härtel; auch traue ich gerade Gelfert, diesem ver= Dolchen verblendeter Schwärmer sein Leben lassen mußte, Cajus
Japrs sua.</Unicode>
            </TextEquiv>
        </TextRegion>
    </Page>
</PcGts>
