3296 4224
427 369 1710 443 Einakter, einen anregenden Gedanken zu Grunde gelegt. (Folgt Inhalt.)
1709 395 2983 455 Zyklus vereinigt hat. „Jenes Weib!“ Aber man beruhige sich und
428 414 1713 469 Wie dieser Jüngling sich vor der Lösung eines verfänglichen Rätsels
1724 441 2988 498 glaube nicht etwa, daß es immer dieselbe ist, die all diese leidenschaft¬
433 458 1716 529 scheute, so fürchtete sich Herr Schnitzler, eine geschickt angelegte Scene
1713 477 2993 528 lichen Interjektionen verschuldet: immer derselbe bleibt nur er, Anatol,
433 509 1707 572 psychologisch zu Ende zu führen: er brach gerade in dem effektvollsten
1708 505 2999 571 der ewige Junggeselle, auch an seinem Hochzeitsmorgen noch: sie dagegen
427 535 1701 599 Momente ab und ließ das hübsche Lustspiel in dieser Form enden. Dem
1707 550 2984 615 heißt jedesmal anders: Gabriele, Bianka, Emilie, Annie, Else, Ilona
434 588 1704 628 Einakter folgte die Komödie „Momenaufnahmen“ in welcher Herr
1777 591 2984 650 gestern im Residenz=Theater, wo man den Jarnoschen „Moment¬
442 619 1697 690 Jarno die Rolle des Bankiers Fuchs zum ersten Male spielte; er ver¬
1711 635 2990 672 aufnahmen“ Schnitzlers „Frage an das Schicksal“ vorausgehen
433 649 1482 732 lieh ihr eine diskretere Form als es sein Vorgänger that.
1706 671 2998 728 ließ, hieß sie Kora (folgt Inhalt). — Das ist gewiß ein echtes Augen¬
1708 712 2991 755 blicks=Bild aus dem Decadenceleben des Wiener Junggesellenthums:
795 718 1331 793 „Das Kleine Journal“:
1708 743 2991 802 Flott, geistreich und witzig, nicht weniger und nicht mehr „Sie erinnert
503 757 1706 843 Wir werden mit Anatol immer bekannter. Der Wiener Viveur,
1705 780 2988 843 mich an einen getragenen Wiener Walzer — sentimentale Heiterkeit,
427 798 1704 877 der sich so gern von seinen Geliebten dupiren läßt, weiß seine fexuellen
1714 825 2982 883 lächelnde, schalkhafte Wehmuth, das ist so ihr Wesen,“ sagt der Verfasser
432 858 1696 919 Dummheiten so interessant harmlos zu machen, daß man ihn fast lieb¬
1703 855 2995 905 einmal von einem Wiener Vorstadtmädel: das gilt auch von diesem
433 894 1697 957 gewinnen könnte. Wie Anatol ein kleines Verhältniß los wird, hat
1702 905 2982 960 seinem Lustspiel, das im Residenztheater von Josef Jarno (Anatol),
432 933 1705 983 amüsirt, wie er „abgewimmelt“ wird, hat durch einen frischen, burlesken
1712 943 2989 1005 Hubert Reusch (Max) und Olga Liebig (Kora) ganz so leicht hingehaucht
427 978 1700 1025 Zug und das Spiel einer prächtigen Soubrette ebenfalls amüsirt. Das
1712 983 2983 1043 gespielt wurde, wie es erfunden und zu Papier gebracht ist Eine an¬
420 1015 1700 1062 konnte man für zwei verschiedene Lebensscherze eines jungen Europäers
1701 1023 2980 1065 regende Studie ohne tieferen Lebens= und Geistesgehalt, aber unter¬
427 1052 1704 1114 halten, der das Leben sektglasweise genießt. Nun aber muß man den
1713 1060 2877 1124 haltsam genug, um ein halbes Stündchen angenehm auszufüllen.
437 1091 1698 1149 Verdacht schöpfen, ols ob Schnitzler die Figur seines Anatol allmälig
421 1130 1694 1182 von Einakter zu Einakter, charakterisiren wolle. Die Beleuchtung eines
2040 1131 2627 1209 „Berliner Fremdenblatt:“
428 1172 1698 1222 und desselben Charakters vom Standpunkte verschiedener Einakter.
1789 1184 2975 1257 Im Residenz=Theater ging gestern (Dienstag) Abend dem zug¬
429 1209 1696 1258 Gewiß eine eigenartige literarische Spielerei, die ihr Amusantes hat
1705 1213 2982 1277 kräftigen Repertoirstück „Momentaufnahmen“ eine kleine Novität
420 1241 1697 1308 für das feinschmeckerische Publikum sowohl als für den zünftigen
1706 1276 2982 1341 voran Sie hieß „Eine Frage an das Schicksal" Lustspiel in
423 1284 1706 1342 Dramen=Handwerker. Als solch interessante Spielerei ist auch das
1705 1305 2979 1371 einem Akt von Arthur Schnitzler Der liebenswürdige Wiener Dichter,
429 1325 1696 1383 neueste Anatol=Stückchen: „Frage an das Schicksal“ wohl aufzufassen.
1707 1349 2968 1407 der mit seiner „Liebelei“ und „Abschiedssouper“ hier einen großen
426 1361 1700 1422 Das Publikum unterhielt sich sehr gut. Josef Jarno war ein
1702 1376 2984 1444 Erfolg errungen. Der Autor hat unzweifelhaft zeigen wollen, daß bei
423 1403 1690 1455 liebenswürdig=amüsanter Anatol und Herr Reusch ein eleganter Max.
1705 1430 2973 1495 der Liebe jede Vernunft aufhört. Der darauf folgende lustige Dreiakter
425 1447 1696 1493 In den „Momentaufnahmen“, die dem Einakter folgten, unterhielt
1705 1475 2975 1532 „Momentaufnahmen“ von Jarno erfreute sich wie gewöhnlich un¬
425 1484 1695 1535 vor Allem Josef Jarno als Fuchs. Er ist bis jetzt der amüsanteste
1702 1508 2979 1563 getheilten Beifalls. Herr Jarno hat an diesem Abend nebenbei ein
431 1514 1701 1575 Darsteller der Rolle. Von Herrn Reusch als Gerhardt kann ich dasselbe
1703 1546 2967 1598 schier unglaubliches Kunststück fertig gekriegt. Er war Direktor, Re¬
429 1561 577 1619 sagen.
1702 1589 2578 1655 gisseur, Autor und Schauspieler zu gleicher Zeit.
825 1601 1284 1681 „Berliner Zeitung":
496 1649 1700 1716 Die Sommerdirektion Jarno hat gestern das Publikum mit dem
2108 1653 2543 1743 „Deutsche Warte“:
422 1700 1704 1749 ersten Stück des Schnitzler'schen Anatol=Cyklus bekannt gemacht, mit
1775 1710 2973 1771 Arthur Schnitzler ist unstreitig einer der sympathischsten und geist¬
414 1743 1700 1800 der die eigenartige Sammlung einleitenden und gleichsam charakterisiren¬
1702 1773 2967 1829 reichsten Wiener Schriftsteller und, wenn man so sagen will, der „Moderne“.
422 1782 1692 1824 den „Frage an das Schicksal“. Auch hier schon zeigt sich die
1697 1806 2971 1866 Dienstag Abend machte uns Herr Jarno mit einer weiteren Seene des
419 1821 1686 1866 lächelnde, schalkhafte Wehmuth, jene leicht sentimental anklingende Heiter¬
1703 1847 2971 1898 Anatol=Cyklus bekannt, nachdem Adele Sandrock und unlängst Hansi
421 1857 1686 1906 keit, von der Anatol einmal in dem „Abschieds=Souper“ spricht.
1692 1889 2975 1926 Niese „Abschiedssouper“ kennen zu lernen Gelegenheit gegeben hatten.
420 1901 1685 1956 Anatol hat eine Frage an das Schicksal frei — er hat seine Geliebte
1696 1927 2975 1997 (Folgt Inhalt.) Die Feinheiten des Dialogs waren von den Herren
413 1945 1686 2000 hypnotisirt und will so von ihr Gewißheit erlangen über den ihn
1698 1965 2968 2022 Josef Jarno und Huhert Reusch in brillanter Weise herausgearbeitet,
413 1979 1693 2038 quälenden Zweifel, ob sie ihm treu sei. Diese Untreue würde ihn nicht
1695 1991 2966 2071 das Zusammenspiel der beiden trefflichen Künstler daher hervorragend
412 2029 1691 2074 überraschen, ja er glaubt fast schon an ihre Treulosigkeit, aber im letzten
1698 2043 2975 2092 gut. Zum 64. Male erschienen dann wieder Jarno's „Momentauf¬
411 2058 1687 2105 Moment, gerade da ihm eben die Gewißheit werden soll, bangt er vor
1700 2084 2976 2130 nahmen“. Der Autor spielte den Premiérentieger Adolf Fuchs selbst
404 2100 1683 2151 dieser Gewißheit und verzichtet auf die Frage. Das Alles ist charakte¬
1697 2121 2885 2188 mit der an ihm gewohnten schauspielerischen Rontine und Eleganz.
420 2136 1678 2181 ristisch für den Anatol=Typus und darum echt und wahr. Der geist¬
418 2177 1691 2229 reiche Dialog, der nicht nach Pointen sucht, sondern immer Natur bleißt
2042 2188 2604 2273 „Staatsbürger=Zeitung“.
403 2191 1686 2270 und zugleich vollendete Kunst ist, fesselte das Publikum und gab vier
405 2259 1691 2307 Anregungen. Was der Anatol=Cyclus bedeutet und wie sehr hier fast
1759 2250 2972 2319 Der Verfasser der Komödie „Momentaufnahmen“, die bereits
415 2284 1686 2339 alle Motive der Dichtungsart Schnitzler's enthalten sind oder doch¬
1690 2286 2961 2349 bis zur nahezu siebenzigsten Wiederholung vorgeschritten ist und
413 2327 1683 2371 wenigstens keimen, das könnte auf der Bühne überzeugend nur durch
1686 2343 2974 2408 dem Residenz=Theater eine Sommerpause erspart, entfaltet sich als ein
410 2359 1683 2431 die Vorführung mehrerer Anatol=Stücke gezeigt werden — mit Aus¬
1696 2385 2963 2431 sehr gewandter Bühnen=Stratege. Der Regengott und die Theaterferien
417 2403 1684 2461 nahme der „Weihnachtseinkäufe“ und des „Hochzeitsmorgens“ könnten
1692 2427 2968 2473 unserer großen Schauspielhäuser haben allerdings selbst schon das Inter¬
411 2439 1678 2500 wohl alle Theile des Cyclus aufgeführt werden. Dann würde man die
1689 2464 2963 2514 esse für die dramatischen Darhietungen des behaglichen kleinen Musen¬
411 2480 1684 2532 volle Eigenart dieser Dichtung erkennen. Für die Darstellung dieser
1685 2504 2953 2558 tempels in der Blumenstraße wesentlich gefördert, aber Hr. Josef Jarno,
404 2517 1671 2572 Schnitzlereien besitzt die Sommer=Direktion des Residenz=Theaters zwei
1683 2542 2960 2597 dem provisorisch das Regiment im Residenz=Theater jetzt zusteht, sorgt
400 2560 1683 2618 erste Kräfte; Jarno und Hubert Reusch, zwei vortreffliche Wirklichkeits¬
1694 2577 2964 2635 andererseits ebenfalls eifrig dafür, daß das Feuer im Ofen nicht erlischt.
400 2595 1682 2641 Darsteller, deren Eigenart für die Darstellung des nachdenksamen,
1697 2616 2949 2671 Seit gestern nun hat sich zur Jarno'schen Komödie wiederum ein neues
404 2640 1687 2701 zwischen naiver und sentimentaler Lebenslust schwankenden jungen Lebe¬
1692 2660 2960 2720 Entréc=Lustspielchen dazugesellt: „Eine Frage an das Schicksal“ be¬
414 2672 1687 2736 mannes Anatol und für die liebenswürdige Skeptik seines Freundes
1681 2693 2966 2735 titelt. Sie rührt von Arthur Schnitzler her dem erfolgreichen Ver¬
412 2719 1685 2779 Max ganz erschöpfende Leistungen schafft. Beide Darsteller haben gestern
1692 2735 2953 2781 fasser der modernen Wiener Sittenstücke „Liebelei" und „Freiwild“,
413 2753 1689 2820 auch zum ersten Male in Jarno's „Momentaufnahmen“ gewirkt,
1686 2769 2962 2824 der uns neulich noch als Probe eines keck=lustigen Humors den Ein¬
405 2795 1685 2851 jener köstlichen Tragikomödie, die bei wiederholter Betrachtung an
1698 2809 2965 2873 akter „Abschieds=Souper“ dabot. Die vorliegende „Schicksals¬
421 2842 1688 2900 Interesse und Werth noch gewinnt. Der Beifall des Publikums
1694 2846 2964 2907 frage“ könnte allenfalls mit dem „Abschieds=Souper“ verkoppelt
410 2873 802 2941 war sehr lebhaft.
1691 2888 2958 2943 werden. In der früher vorgeführten Komödie kommt es zwischen zwei
1685 2914 2950 2982 Scelen aus der Wiener Lebewelt, die nicht gesonnen sind, sich für ewig
784 2921 1291 2997 „Berliner Tageblatt“:
1682 2955 2952 3026 zu verbinden, zum Bruch und zum gegenseitigen Fare thee well! nach
484 2983 1685 3035 Herr Joseph Jarno, der sicher einmal einen guten Direktor ab¬
1695 3000 2953 3051 einer überaus heiteren wechselseitigen Abrechnung. In dem gestern zur
402 3037 1688 3080 geben wird, weiß die Muse immer wieder an einem Rockzipfel zu fassen.
1679 3034 2959 3101 beifälligsten Erstaufführung gelangten Picolo=Lustspiel wird kein
406 3076 1689 3143 So brachte er gestern den Einakter „Frage an das Schicksal“ von
1689 3079 2956 3135 Finale vor das Auge gestellt, sondern aus der schließlich mit einem Krach
415 3108 1679 3154 Arthur Schnitzler, wie denn dieser Neuwiener Poet neuerdings zu
1686 3121 2968 3188 endenden Symphonie zweier Korkseelen, die sich in Liebe zugethan
415 3150 1686 3207 den theatralischen Herren von Berlin gehört. Der Einakter ist einer
1679 3161 2962 3219 wähnen, ein Vorstadium mit den vortheilhafteren Annehmlichkeiten frei¬
415 3187 1695 3250 von den sieben, die Schnitzlers Anatol=Cyklus bilden. Anatol ist der
1681 3203 2955 3246 williger Selbsttäuschung. Die scherzhafte Satire zu steigern, stellt der
414 3230 1687 3281 junge Mann oder wenigstens der junge Weltmann von heute. Er sieht
1681 3239 2958 3291 Verfasser die schicksalsschwere, auf die Treue der Geliebten zielende Frage
408 3268 1675 3314 in dem eigenthümlichen Verhältniß zu den Frauen, daß er sie verachtet
1691 3282 2959 3331 auf die Basis eines hypnotischen Experiments. Es sei nicht unterlassen,
408 3301 1687 3358 und doch nicht lassen kann. Sie sind ihm das narkotische Gift, das er
1685 3307 2955 3389 die fesselnde Mache und den heiter anregenden Dialog des
401 3337 1683 3397 jeden Morgen wegzuwerfen schwört, um es am Abend in heißem Rausch
1692 3359 2446 3414 Schnitzler'schen Einakters hervorzuheben.
413 3385 1677 3440 zu genießen. Wie fein und mit wie Pariserischer Grazie Schnitzler
405 3415 1679 3474 solche Dinge zu sagen weiß, hat er uns schon im „Abschiedssouper“
1994 3423 2606 3512 „Nordd. Allgem. Zeitung“:
403 3457 1689 3515 gezeigt, das wir mit Adele Sandrock und mit Hansi Niese sahen. In
407 3501 1677 3553 dem Schwesterstück „Frage an das Schicksal“ zeigt er es von Neuem.
1761 3480 2953 3559 Als Vorspann für die „Momentaufnahmen“, Jarno's dauer¬
400 3537 1680 3586 Das Stückchen, so keck in der Idee und beinahe blumenhaft zart in der
1687 3533 2958 3589 haftes Repertoirestück, hatte Herr Jarno am Dienstag einen neuen
414 3578 1678 3633 Ausführung, wurde von Herrn Jarno (Anatol) und Herrn Hubert
1691 3574 2968 3647 Einakter aus dem „Anatol=Cyklus Arthur Schnitzlers, „Frage an
406 3616 853 3687 Reusch brillant gespielt.
1687 3620 2955 3675 das Schicksal“, benutzt, wohl bestochen durch die günstige Aufnahme,
1682 3663 2956 3712 die kürzlich Schnitzlers „Abschiess=Souper“ gefunden hatte. Der
812 3669 1278 3751 „Deutsche Zeitung":
1691 3691 2955 3752 Dialog ist geistreich und von jener pikanten Frechheit, die Schnitzler
1677 3738 2956 3787 in diesen Einaktern und die der Residenz=Theater=Besucher liebt. Herr
389 3772 2851 3842 der sieben Komödien, die Arthur Schnitzler in seinem Wiener Anatol=] Jarno und Herr Reusch spielten flott und in bester Stimmung.
