3392 4256
25 3813 66 3881 1
812 211 1587 292 an das Schicksal
536 219 649 297 Fr.
372 223 440 294 1
93 224 1595 325 4. 1 e Sne enen hen e. n
679 470 1035 573 Kunst aus Teren.
274 533 1398 618 „ Director Jarno brachte einen zweiten „literarischen Abende:
218 587 1503 680 „Glaubiger“ wurden beibehalten, aber dazu gab man nun Schnitzlers
210 660 1493 733 Aet „Die Frage an das Schicksal“. Den Anatol spoielte Herr Jarno
219 699 1432 781 selbst. Er begnügte sich damit, in Aussehen und Spiel „einfacht zu #
207 762 1493 835 Wienerisch, elegant, liebenswürdig, thöricht war er nicht: Anatol aber,
213 811 1459 886 wie wir ihn aus dem Buche kennen, ist dies alles. Ob man übrigens ##
216 854 444 921 Vormr 7hu#,
542 867 1439 955 hlins burch solche Einzelaufführungen zu zerpftcke
232 901 660 993 ist auch noch fraglich S
539 1189 726 1300 24
547 1410 1124 1506 Bezugs-Bedingungen.
205 1476 1280 1563 50 Zeitungsauschnitte (Artikel oder Notizen) fl. 7.50
1298 1495 1494 1572 inclusive
200 1526 304 1583 100
1138 1534 1283 1604 14.—
1089 1540 1145 1592 1
1313 1559 1473 1611 Porto.
193 1570 301 1614 200
1146 1577 1235 1626 25.—
1002 1580 1132 1629 „1
1289 1578 1480 1650 Zahlbar
194 1605 291 1652 500
1134 1618 1248 1667 55.—
894 1621 960 1664 „
1070 1627 1515 1719 100.— im Voraus.
181 1642 325 1703 1000
847 1651 967 1720 gase ge
549 1691 972 1763 Telefon 12801.
264 1790 1272 1889 Unternehmen für Zeitungs-Ausschnitte.
1139 1853 1317 1936 Ausschnitt
975 1888 1114 1979 2“
179 1900 1068 2018 80 „OBSERVE.
1158 1922 1392 2026 Nr.
57 2012 1492 2074 I. österr. behördl. conc. Bureau für Zeitungsberichte u. Personalflachrichten
210 2079 1302 2173 Wien, IX/1, Türkenstrasse 17.
438 2160 1102 2246 Filiale in Budapest: „Figyelö“ —
136 2238 1375 2305 Vertretungen in Berlin, Chicago, London, Negyork, Paris, Stockholm.
47 2334 1490 2452 M  oe den
47 2463 442 2577 von J7 5
820 2446 1427 2607 BRSATZ
291 2711 1469 2762 Literarischer Abend: „Die Frage an das
87 2758 1460 2820 Schicksal“ von Arthur Schnitzler.  Dieser Act aus dem Anatol¬
88 2804 1459 2861 Cyklus, der ein hübsches Problem in einer sehr graziösen Form
102 2855 1470 2918 darstellt, delicate und subtile Dinge mit reizender Frechheit vere
91 2898 1459 2971 handelt, hat gestern, da er zum erstenmale bei uns auf der Bühne
91 2963 1465 3025 präsentirt wurde, zweifellos interessirt. Er wird von den Herren
97 2997 1458 3066 Jarno und Sachs und einem Fräulein Mizzi Palme mit der
106 3050 1468 3111 feinsten Routine gespielt. Dem Herrn Director wäre nur zu wünschen,
108 3099 1471 3162 daß er einen begabten Schneider finden würde, von den gleichen
97 3160 1473 3214 literarischen Ambititionen beseelt wie er. Im Parquet sieht man die
99 3201 1462 3255 mondainsten Smokings in den vorderen Reihen verstreut und Herr
105 3248 1455 3310 Jarwo trägt leider noch immer unwahrscheinliche zweileihige Saccos.
108 3293 1460 3351 Glaubt er vielleicht gar, Anatol wäre der wiener Lebejüngling in
110 3349 1462 3409 einer Ausgabe zu hundert Kronen monatlich?... Anatol ist ja nur
1207 3390 1425 3445 Fr. W.
118 3402 1060 3451 n erotischen Dingen ein commis voyageur.
464 3730 1034 3827 Bezugs-Bedingungen.
120 3807 1185 3895 50 Zeitungsauschnitte (Artikel oder Notizen) fl. 7.50
1199 3826 1394 3896 inclusive
116 3852 203 3909 100
1041 3861 1176 3912 14.—
1222 3886 1366 3937 Porto.
109 3891 208 3936 200
1049 3902 1175 3951 25.—
912 3898 1045 3965 „ „
1204 3922 1393 3976 Zahlbar
102 3931 212 3976 500
1041 3941 1154 3990 55.—
938 3956 1048 4011 „ „
788 3947 855 4002 „
88 3970 211 4025 1000
905 3957 1418 4031 „ 100.—] im Voraus.
665 3980 866 4031 „ „
142 4009 1456 4087 Im Gegensatze zu anderen Bureaux für Zeitungsausschnitte ist das
32 4062 1474 4126 Abonnement durch keine bestimmte Zeitdauer begrenzt; — auch steht es den
32 4111 1300 4176 Abonnenten frei die aufgegebenen Themen zu ergänzen oder zu ändern.
1708 211 2120 311 box 7/4
2175 413 2592 498 Telefon 12801.
1898 521 2892 598 Unternehmen für Zeitungs-Ausschnitte.
2757 594 2962 676 Ausschnitt
1791 633 2951 768 25 „OBSERVER“ Nn
1672 732 3100 830 I. österr. behördl. conc. Bureau für Zeitungsberichte u. Personalbachrichten
1831 796 2922 901 Wien. IX/1. Türkenstrasse 17.
2065 882 2707 976 Filiale in Budapest: „Figyelé“
1762 948 3010 1056 Vertretungen in Berlin, Chicage, London, Newyork, Paris, Stockholm.
1654 1068 2178 1158 Ausschnitt aus:
2169 1090 2374 1191 P
1645 1185 2053 1299 von 072
2473 1261 3072 1372 EESATE
1807 1473 2997 1576 „Literarische Abende“ im Josefstädter Theater!
1712 1539 2998 1641 Was werden die Stammgäste der Obszöniumslogen dieses
1719 1602 3001 1690 „Musentempels“ dazu sagen? Sie sind am ersten dieser Abende
1740 1644 2992 1765 schon ostentativ ferne geblieben. Allerdings wären die nach
1733 1694 2987 1812 sexuellen Pikanterien lüsternen Habitués beiderlei Geschlechter
1724 1745 2990 1868 nicht ganz um ihre Genüsse gekommen, denn in den beiden an
1724 1794 2979 1912 Dem ersten literarischen Abend zur Darstellung gelangten Stücken,
1727 1835 2976 1961 „Die Frage an das Schicksal“ von Arthur Schnitzler, und
1718 1902 2978 2018 „Die Gläubiger", von August Strindberg, wimmelt es im
1715 1932 2964 2058 Dialoge gleichfalls von freien Aeußerungen über das Geschlechts¬
1713 1987 2967 2106 leben, die, obgleich mehr in philosophisch=ernstem Sinne gebracht,
1711 2032 2967 2145 dieser Gattung von Theaterbesuchern denn doch theilweise jenen
1704 2077 2961 2191 erwünschten kitzelnden Reiz gebracht hätten, um dessenwillen sie
1699 2138 2976 2259 überhaupt nur ihre Billets kaufen. Alles Ander: wird ja von
1699 2180 2962 2303 dieser Sorte von „Kunstbegeisterten“ im Theater ohnedies über¬
1696 2229 2965 2336 hört, da diese Leute aus ihrer Lethargie und Gleichgiltigkeit nur
1692 2279 2954 2396 dann erwachen und sich neugierig von ihren Sitzen erheben,
1688 2327 2963 2456 wenn eine Zote fällt, eine Schauspielerin sich entkleidet um in
1687 2378 2957 2523 das Bett oder in das Bad zu steigen oder ihr Tanzbein derart
1695 2422 2778 2542 himmelhoch schwingt, daß es schon nimmer höher geht.
1773 2479 2949 2601 In der Komödie „Die Frage an das Schicksal“ (die
1634 2535 2995 2662 #wohl ebensogut oder vielleicht noch besser „Die Frage an das;
2938 2572 3017 2629 ve
1670 2573 3004 2693 (Schicksel“ heißen könnte), quält sich der Schnitzlerische „Anatol“ ar
1672 2626 3026 2746 mit dem müssigen Gedanken ab, ob ihm eine Prostituirte — aus¬
1667 2685 2931 2796 mit der er momentan intimen Umgang pflegt — auch treu sei?
1671 2729 3075 2878 Er hypnotisirt sie, um die Wahrheit zu erfahren, scheut sich aber, es den
2910 2763 3072 2827 st das
1654 2770 2923 2904 die Frage, „ob sie ihm treu sei“, an das Schicksal zu stellen,
1658 2831 2919 2955 um sich nicht etwa im Verneinungsfalle um seinen „süßen Traum“
1657 2873 1919 2944 zu bringen.
1748 2931 2912 3046 Man gönnt diesem senderbaren Einfaltspinsel sein zweifel¬
1657 2955 2909 3099 haftes Vergnügen des unbewußten Weiterliebens, dessen augen¬
1645 3022 2917 3151 scheinlich gebrachte weitere Entwicklungsphase den Zusehern nur
1648 3076 2900 3191 durch das Fallen des Vorhanges im kritischen Moment ent¬
1649 3124 1899 3192 zogen wird
1736 3191 2907 3284 Das Schauspiel „Die Gläubiger", welches bekanntlich
1633 3247 2907 3352 aus einer „blonden Bestie“ einem mit Fallsucht behafteten
1631 3270 2896 3392 Maler und dem betrogenen Gemahl der „blonden Bestie“ zu¬
1625 3332 2885 3429 sammengesetzt erscheint, wirkt in der Manier, in welcher Strind¬
1627 3379 2897 3486 berg gleich einem Vivisektor auf der Bühne Herzen, Nerven
1618 3416 2900 3540 und Gehirn seiner Menschen bloßlegt, für jedes feiner geartete
1621 3465 2003 3539 Gemüth abstoßend.
1718 3522 2888 3631 Die Darstellung war vorzüglich. Direktor Jarno bot
1607 3574 2893 3674 prächtige Leistungen. Die Damen Palme und Fehdmer und
1603 3617 2921 3757 die Herren Sachs und Nerz bewiesen gleichfalls achtenswerthe)
1607 3658 1903 3742 Künstlerschaft.
2668 3718 2853 3805 V. P.
1686 3750 2874 3890 Die allseits verdrängte Wiener Posse könnte im Jantsch¬
