3296 4224
1738 185 2137 275 box 7/4
1161 192 1611 264 Schicksal
834 197 1138 272 an das
540 203 640 274 Fr
124 206 1620 306 4.1. Die AGenen enen ereen ene en e e ue
1355 863 1749 923 VERSCHIEDENES.
2225 853 2338 921 301
1665 990 2339 1045 eSitzung amüsant expliziert. So
824 972 1548 1049 Ich glaube, dass ich meinen guten
1641 1034 2337 1085 prüchslos das kleine Ding auftritt, es
754 1037 1543 1089 Freunden keine grössere Freude bereiten
1558 1071 2341 1127 finden sich alle Elemente darin, die das
772 1071 1545 1125 kann, als ihnen ein Buch zu überreichen,
769 1111 1232 1166 das nur Frühling atmet.
1561 1121 2343 1168 moderne Lustspiel verlangt: die starke
823 1147 1545 1205 Genehmigen Sie, lieber Kollege, mit
1567 1151 2341 1208 Spannung bei einfacher Entwicklung, der
760 1199 1537 1240 meinem besten Dank, den Ausdruck meiner
1565 1192 2337 1250 echte, flotte Dialog, in dem eine humo¬
1567 1233 2340 1277 ristisch bedeutsame Erscheinung unsres
773 1232 1218 1291 aufrichtigen Sympathie.
1564 1268 2338 1326 Lebens sich spiegelt vorgetragen mit
1065 1277 1483 1347 Gabriele D’Annunzio.
1573 1296 2342 1358 glühendem Esprit und packendem Witz.
1569 1353 2332 1409 Als dritter Einakter erschien „das Sieges¬
1560 1390 2334 1442 fest“ von Franz Adam Beyerlein. Das
1557 1426 2338 1474 Drama spielt am Sedan-Tage 1895 unter
956 1438 1355 1508 LEIPZIGER MATINEEN.
1567 1459 2332 1514 sozialdemokratischen Arbeitern und be¬
1567 1506 2338 1565 handelt in gewandter Hauptmann’scher
815 1486 1539 1559 Die Litterarische Gesellschaft
765 1545 1550 1596 zu Leipzig, welche im Dezember in drei
1558 1545 2339 1597 Technik die Macht einer grossen Er¬
1559 1582 2330 1643 innerung, die die Helden mit der klein¬
766 1588 1529 1636 Matinéen Flaischlens „Martin Lehnhardt“
776 1624 1535 1668 Weigands „Vater“ und Rosmers „Dämme¬
1560 1621 2345 1671 lichen Partei-Misère der Gegenwart in
771 1663 1545 1720 rung“ aufgeführt hatte, brachte in ihrer
1568 1658 2339 1709 Konflikt bringt. Der so lange vernach¬
1563 1702 2344 1744 lässigte und arg missbrauchte Begriff der
777 1701 1540 1754 Matinée vom 26. Januar drei Einakter,
1565 1743 2338 1803 Königstreue wird neu empfunden und be¬
766 1743 1553 1793 die grundverschieden in Geist, Technik
1572 1779 2342 1836 gründet; die bornierte Schablone der
766 1781 1549 1837 und Wirkung, noch völlig bühnenfremd,
1563 1819 2331 1873 Patrioten sorgfältig vermieden. Besonders
775 1816 1548 1871 doch in der Litteraturgeschichte als Keime
1566 1855 2345 1916 erfreulich berührt das Geschick für starke,
773 1861 1549 1908 dreier ersehnter Richtungen einst ihre
773 1898 1545 1939 Stelle finden dürften: das Stimmungsdrama,
1563 1905 2333 1946 äussere Wirkungen, deren Mangel so viele
1570 1937 2334 1987 unsrer beuten Stücke der Bühne entzicht.
770 1941 1548 1993 die prickelnde Komödie, das nationale
1572 1978 2337 2030 Schlag auf Schlag kommen die Effekte,
772 1985 1537 2032 Schauspiel. Eingeleitet durch einen Prolog
1568 2009 2340 2066 wahrheitstreu, weder aufdringlich noch
775 2014 1551 2061 von Loris, ging zuerst Maeterlinck's
1560 2054 2336 2113 billig, bisweilen oberflächlich motiviert,
766 2050 1546 2107 „L’intruse“ in Szene. Der Tod als un¬
1569 2093 2341 2143 aber dann so mächtig, dass der Hörer die
774 2105 1550 2146 gebetener Gast dringt in den Park eines
1561 2124 2343 2186 Schwäche übersicht. Der wohlverdiente
765 2128 1539 2181 alten Schlosses, steigt zur Terrasse hinan,
1564 2171 2345 2220 Beifall wurde am Schlusse zu einer
769 2179 1547 2223 betritt den Saal und setzt sich an den
1567 2220 2345 2260 stürmischen loyalen Demonstration, die
773 2216 1549 2264 Tisch, mitten unter die Angehörigen der
1563 2258 2344 2302 das Zischen einiger Partei-Fanatiker über¬
767 2255 1543 2303 jungen Frau, die im Nebenzimmer stirbt.
1560 2289 2338 2344 tönte. Am 9. Februar wurde Hartlebens
772 2303 1548 2338 Niemand bemerkt ihn ausser dem blinden
1568 2326 2343 2382 „Hanna Jagert“ aufgeführt. Die Diskussion
776 2338 1542 2385 Grossvater, der mit verfeinerten Nerven
1558 2368 2347 2408 über die Komödie selbst ist geschlossen,
771 2364 1554 2430 jede seiner Bewegungen verfolgt. Um
1567 2408 2337 2460 und ihr bedeutender litterarischer Wert
768 2404 1551 2462 Mitternacht erhebt sich der Tod. Zum
1572 2454 2344 2497 wohl nirgends bestritten. Dies Mal gewann
781 2440 1547 2500 ersten Male vernimmt man das Weinen
771 2492 1541 2537 des Neugeborenen, und die barmherzige
1568 2486 2337 2543 es den Anschein, als ob die Zeit allmäh¬
1568 2525 2340 2577 lich herangekommen sei, in der „Hanna
771 2524 1548 2580 Schwester meldet mit dem Zeichen des
1562 2558 2341 2610 Jagert“ mit neuem, und dauerndem Er¬
777 2563 1544 2611 Kreuzes das Ende. Dies alles hatte die
771 2605 1545 2655 Regie des Dr. Heine mit den raffiniertesten
1565 2601 2346 2651 folge Repertoir-Stück werden soll. Das
1571 2638 2338 2683 Publikum, dem der Individualismus schon
765 2650 1548 2695 Mitteln in Szeue gesetzt und sich dabei
1566 2684 2340 2738 lange nicht mehr so befremdlich ist, war
771 2679 1543 2725 vorzugsweise den stilisierten Geschmack
1563 2733 2338 2773 ganz bei der Sache und begleitete jeden
768 2719 1548 2770 der englischen Prärafaeliten zum Vorbild
1581 2763 2336 2812 Akt mit einer frischen, verständnisinnigen
769 2763 1546 2812 genommen. Die weiche Müdigkeit in
1568 2799 2347 2846 Fröhlichkeit. Der anwesende Dichter
778 2796 1545 2857 Haltung und Ausdruck der trois jennes
1579 2845 2345 2886 wurde mehrmals gerufen. Selbst die Presse,
767 2840 1544 2893 filles war so vollendet dargestellt, dass
1577 2880 2339 2934 die hier noch gern den Zionswächter spielt,
775 2882 1540 2931 man die Rosa triplex des Rossetti leibhaftig
1563 2922 2289 2974 sang einstimmig ihr gönnerhaftes Lob.
771 2920 1541 2967 vor sich zu schen glaubte. Alle Sinne
2205 2955 2294 3007 M.
772 2951 1552 3010 wurden in fortwährender Erregung ge¬
766 2995 1553 3034 halten. Man hörte das Rauschen der
780 3032 1548 3090 Wipfel, das Fallen der Blätter, das
1800 3051 2096 3115 GUSTAVE KAHIN.
768 3071 1547 3130 Knirschen des Kieses, während dünne
1615 3108 2347 3169 Am Freitag, den 14. Februar vereinigte
784 3116 1540 3155 Weihrauch-Wolken von der Bühne wehten
1565 3155 2339 3200 sich zu Paris die litterarische und künst¬
781 3151 1542 3201 und das Parquet erfüllten. Mit einem
1564 3196 2345 3236 lerische Jugend Frankreichs, um einen
780 3189 1542 3242 lautlosen Schweigen wurde das Stück
1570 3229 2348 3290 seiner bedeutendsten Lyriker, Gustave
781 3237 1537 3280 aufgenommen, Man war erschüttert, ver¬
1561 3273 2207 3319 Kahn, in einem Bankett zu feiern.
768 3265 1538 3319 blüfft oder entrüstet, aber man begrifl,
1630 3309 2326 3359 Gustave Kahn, dessen Werke in Deutsch¬
770 3303 1549 3353 dass eine laute Kritik dieser Dichtung
1564 3344 2343 3403 land vielleicht noch nicht nach Verdienst
770 3355 1538 3403 gegenüber nicht am Platze war. Es folgte
1572 3397 2340 3439 gewürdigt sind, war der erste Dichter, der
769 3393 1545 3443 „die Frage an das Schicksal“ aus dem
1567 3429 2341 3482 den vers libre benutzt hat. Durch diese
778 3430 1539 3470 Cyklus „Anatol“ von Arthur Schnitzler,
1568 3467 2329 3517 That in Worten hat er das von Verlaine
767 3463 1546 3515 die Idee von der Liebe, die gern blind
1566 3505 2337 3568 begonnene Werk vollendet und den fran¬
773 3505 1552 3576 bleiben möchte, mit Hilfe einer hypno¬
2505 620 2741 783 C
