3392 4256
118 1149 172 1204 or,
111 1364 193 1417 832
99 2760 191 2816 stens
93 2797 197 2860 itens
102 2848 198 2897 wir
101 2888 183 2945 ens¬
93 2936 179 2987 erten
99 2975 162 3033 Ruf
98 3023 155 3078 ege
113 3064 181 3117 hen
110 3109 160 3166 iese
94 3153 187 3204 lupt
104 3191 201 3252 schen
100 3241 200 3304 hatle
1186 223 1635 299 Schicksal
997 234 1083 306 d
881 238 964 305 an
1464 214 2174 337 — box 7/4
577 233 1351 348 Frage an 4s
155 242 743 344 4.1. Die
2054 813 2471 881 Telefon 12801.
1590 904 2945 991 Alex. Weigl's Unternehmen für Zeitungs-Ansschnitte
2588 967 2812 1047 Ausschaitt
2550 1019 2929 1116 Nr. 16
1918 1031 2550 1134 „OSSERTEK
1530 1108 2977 1178 I. österr. behördl. conc. Bureau für Zeitungsberichte u. Personalnaehrichten
266 1124 1364 1203 Lautenschläger beinahe die Hauptarbeit bei der Dar¬
267 1194 1357 1247 stellung, die aber auch im übrigen recht gut war. Dis
1717 1188 2819 1271 Wien, IX/,, Türkenstrasse 17.
271 1245 1358 1295 Aufnahme war sehr freundlich, der Komponist konnte
270 1285 1364 1350 mehrmals an der Rampe erscheinen. Indessen ist es
1933 1282 2584 1360 Filiale in Budapest: „Figyelö“
273 1322 1219 1403 fraglich, ob der Erfolg sich als nachhaltig erweist.
1535 1353 2984 1428 Vertretungen in Berlin, Chicago, Genf, London Newyork, Paris, Rom, Stockholm.
349 1414 1368 1476 An Theatern wird die Isarstadt vorerst sicherlich
267 1447 1356 1522 keinen Mangel haben. Das neue Schauspielhaus und
1525 1415 2987 1535 Ausschnlt ans Gedetöckagt, Die d
264 1494 1360 1550 das Prinzregententheater werden zum Frühjahr ihre
297 1540 1356 1611 Psorten dem schaulustigen München öffnen können. Un¬
291 1582 1356 1645 sichere Gerüchte von einem kommenden Schiller=Theater
1534 1588 1919 1689 vom-N#.6
288 1635 1356 1682 (nach Berliner Muster) machen seit mehr als einem. Jahr
283 1678 1361 1731 hartnäckig die Runde. In diesem Sommer wurde der
285 1713 1369 1775 far wild Ost plötzlich mu einem kleinen „Neuen Volks¬
288 1759 1374 1821 thealer“ gesegnet. Es fährt in denselben Geleisen der
2571 1749 2936 1855 L
272 1800 1361 1848 Popularität wie das alte ehrliche Volkstheater. (Seit
269 1850 1363 1897 kurzem haben beide auf des seligen Raupach Volks¬
1667 1864 3010 1949 Was sonst allenfalls noch an Erwahnenswertem aus den Theatern befonden.
280 1891 1357 1941 drama „Der Müller und sein Kind“ zurück¬
269 1938 1369 1991 gegriffen, und das Gärtnerplatz=Theater hat, allerdings
1562 1918 3061 2033 hervorzuheben wäre, das ist der mehr als eigentümliche „Oukel Toni“ von C. Karl¬
285 1987 1361 2038 nur in Nachmittags=Vorstellungen, ihr Beispiel befolgt:
1549 1956 3017 2065 weis, der als ernste Sittenkomödie einsetzt, um als chisertiger Schwank ohne alle
334 2028 1369 2066 ein nachdenlsamer Beitrag zum Thema „Unsterblich¬
1561 2017 3016 2110 satirische Kraft zu enden; „Anatol“=Schnitzlers etwas alberne „Frage an das
292 2064 1369 2121 keit“!) Und jetzt ist auch das neue „Stadt=Thealer“, das
1552 2068 3010 2168 Schicksal", und Ibsens unendlich frischer „Bund der Jugend“ — alles abermals
271 2114 1361 2185 von der Stadt erbaute neue Heim des alten Marionetten¬
1548 2096 3010 2224 im „Schauspielhause"; son — ein gar gewichtiger Theater=Neubau! Ja, wirklich ein
274 2155 1174 2209 Theaters nämlich, feierlich eröffnet worden.
1550 2156 3003 2274 solcher und nichts geringeres! Nämtlich: Schmids berühmtes „Münchner Marionetten¬
350 2206 1365 2256 Das Münchner Marionetten=Theater ist von zwiesach
1550 2207 3008 2327 Theater“ — ein Puppentheater voll Humor, Gemüt und Geschmack, so recht nach dem
274 2222 1355 2299 aristokratischer Herkunft. Der General und Schlachten¬
1548 2253 3022 2356 Herzen der Jugend; eine Bühne, welcher Münchner Künstler wie Tragy, Niemeyer ###
284 2282 1370 2336 maler Wilhelm v. Heydeck und andere vornehme
1540 2317 3005 2393 de gekorativen Schmuck verliehen haben und die Kulissen selbsteigen malen — dieses¬
279 2325 1375 2369 Herren, die auch geistig zur Auslese der Gesellschaft
280 2374 1363 2421 zählten, haben es vor einem halben Jahrhundert be¬
1538 2352 2995 2465 beliebte Theater hat mit seinem guten alten, Graf Poccischen „Kasperl Larifari“ in
282 2422 1368 2472 gründet, und lange Zeit ergötzte sich die Tafeirunde des
1550 2398 2994 2504 seinen modernen Neu=Bau an der Biumenstraße den fidelen Einzug jüngst gehalten.
288 2456 1371 2510 Herzogs Max daran. Männer wie Franz v. Kobell
1537 2456 2989 2553 All das aber will genannt und berichtet sein, wenn man Münchens Kunstleben und
283 2503 1362 2546 und namentlich Graf Pocei, der langjährige treueste
1536 2494 2994 2604 Geisteskultur im gunzen Umfange rechtschaffen beschreiben will. — Ganz ausgezeichnet
282 2548 1375 2611 Freund des Spiels, verschmählen es nicht, Stucke eigens
1545 2542 2987 2655 ferner war gelungen und die schönsten Perspektiven für eine gesunde Weiter=Entwicklung
280 2588 1363 2634 für das kleine Gernst, das die Welt bedemen sollte, zu
1534 2588 2990 2697 der „Münchner freien Volksbühne“ eröffnete die Anfangsvorstellung dieses Vereins¬
282 2631 1371 2676 schreiben. Dieser echt künstlerische Zug blieb dem
1526 2648 2972 2747 jahres: Anzengrubers „Kreuz'lschreiber“, wenn auch nur am „Neuen Volkstheater
275 2676 1360 2734 Miniaturtheater bis heute treu. Seit 1858 steht es
1528 2694 2989 2798 in München=Oste Leider hört man von einem starken Rückgang in der Mitgliederzahl
274 2711 1361 2773 unler „Papa Schmidl's“ Leitung in der Oefsentlich¬
280 2759 1372 2812 leit. Generationen hindurch hat es die junge Welt
1529 2731 2992 2855 (da sich gewisse Häuptlinge der Bewegung grollend zurückgezogen haben sollen), was sehr
281 2802 1366 2861 Münchens entzückt. Nun hat ihm endlich die Stadt ein
1528 2788 2995 2888 zu bedauern bliebe. Unser „Akademisch=dramatischer Verein“ ist hingegen mit
276 2853 1357 2900 eigenes Heim geschaffen. Das neue, durch den Banamt¬
1526 2842 2982 2952 einer, seinem Zweck entsprechenden dramatischen Darbietung in dieser Saison noch nicht
280 2892 1363 2950 mann Th. Fischer errichtete Haus oder ehrlicher
1522 2885 2982 2997 an die Offentlichkeit hervorgetreten. Vorträge und Rezitationen hielten dort einstweilen
286 2938 1356 2989 Häuschen steht in den Anlagen der Blumenstraße. Es
1527 2932 2969 3038 Edgar Steiger und Schauspieler Emil Lied, insbesondere aber Dr. M. G. Conrad
287 2984 1367 3041 ist ein schlichter einstöckiger Putzbau im anspruchslosesten
1520 2985 2973 3095 über „Nietzsche“, wobei mir an seinen Ausführungen namentlich die einleuchtende Be¬
292 3025 1369 3087 Biedermayerstül. Auch im Innern ist alles einfach, licht
1519 3027 2972 3130 trachtung des „Zarathustra“ als polyphoner, reich instrumentierter „Partitur“ sympathisch
292 3067 1118 3115 und geschmackvoll zierlich. Mit Freuden
1114 3062 1367 3123 strömt die
1517 3073 2980 3195 und von Interesse war, „aus der man den schrillen Piccolo=Triller „Vergiß die Peitsche
275 3098 1371 3159 Kinderwelt zu „ihrem“ Musentempel. Mag er immerhin
1518 3123 2968 3244 nicht, ohne Rücksicht auf den Gesamtzusammenhang taktlos einzeln herausgegriffen“
286 3152 1363 3201 der winzigste sein, — an reinen Freuden, an Andacht
283 3197 1268 3270 und Harmonie wird er doch wohl der reichste sein.
1515 3167 2972 3286 habe. „Aber N. hat nicht gesagt: „Wenn du zur Mutter deiner Kinder, oder zu deiner
703 3237 893 3309 —
1511 3217 2974 3321 eigenen Mutter, zur Schwester, Freundin oder Kameradin gehst, sondern wenn du zum
1501 3264 2976 3392 Weibe als Serualmensch gehen willst, sollst du die Peitsche mitnehmen'. „N. hat auch
1510 3311 2974 3435 niemals gesagt: schwört unentwegt auf meine Worte! Vielmehr er lehrte: Werde, der
1502 3360 2958 3484 du bist! — und dies ist nun nicht mehr aus dem Leben und aus der Weltgeschichte
1492 3418 2951 3540 auszumerzen“. Überdies sind seine sogenannten „Widersprüche“ lediglich die Widersprüche,
1484 3470 2946 3592 des fluktuierenden Lebens selber, nicht die des Mannes und Philosophen ##eseiner Psuche.
