3392 4256
857 177 1629 255 an das Schicksal
606 196 690 265 Fr
400 192 580 265 Die
149 163 2189 297 4.1. picfrage an dus Sehtensal box 7/4
146 1274 3249 1383 langen hingegen mehr die Entlassung als eineld. h. man lacht nicht über sie, sondern mit liebten, hinweg die „Frage an das
152 1331 3255 1429 Aufnahme in den Spielplan. Diese parodistische ihnen. Ihr Schicksal beugt sie nicht, liefert sie nicht Schicksal“ zu richten. Und so genießt er, ohne
149 1425 3248 1475 Behandlung des Lebens in der Gefindestube ist in dem Spott aus, sie stehen über ihrem Geschick und zu forschen, solange es ihm gefällt. Ist ja doch
152 1445 3251 1525 ihrer öden Spaßhaftigkeit zu arm ## originell und nehmen uns durch ihre lachende, boshafte Betrach= gerade in der Liebe nur „der Irrtum das Leben“.
1188 1473 3244 1561 tung der Welt gefangen. Neben Mödlinger, der Herr Brückner befriedigte auch im modernen
146 1510 1197 1564 neu anmutenden Zügen. Das ist die satirische
1185 1537 3253 1614 sich uns nicht glänzender in Eri##nerung hätte Schauspiel, obwohl er hier noch ein kleines Stück¬
162 1553 1202 1624 Kraft eines Familien-Witzblättchens. Besonders
1177 1589 3248 1659 bringen können, schmeichelte sich Fräulein Ireneschen Toga nachschleppte. Er war ein bißchen zu
158 1611 1194 1678 der Schluß mit der Belohnung der Besten durch die
150 1638 3245 1724 sich der Lotterie bedienenden Vorsicht ist gar zu Fidler verdienten Beifall heraus. Sie strahlt wuchtig für den Salon. Oder vielleicht trug daran
155 1717 3250 1774 naiv. Dennoch war an der Geschichte eines sym= von Heiterkeit; ein weiblicher Kasperl, putzig und weniger er als eine Fehlbesetzung schuld. Er
1182 1735 3246 1799 neckisch. Ihre Pepi Amsel berichtete mit der nöti= sprach für den melancholischen, müden Anatol (der
151 1754 1210 1808 pathisch: man erkannte, wie ernst es die neue
1189 1786 3257 1857 gen übermütigen Genugtuung, die Neider be= Charakter wird freilich erst aus der Kenntnis des
149 1793 1189 1866 Leitung und im besonderen die neue Spielleitung
1189 1833 3256 1900 dauernd „Galgenhumor“ nennen, von ihren Irr= ganzen Zyklus klar) etwas zu lebhaft. Erst in
150 1853 1194 1912 mit der Ausgestaltung selbst harmloser Dinge
1181 1873 3248 1947 fahrten durch das Leben. Daß das Couplet Muffels der überlegung vor dem hypnotisierten Mädchen
161 1900 1193 1966 nehmen will. Der „segensreichen Himmelstochter“,
1183 1924 3246 1999 entfiel, ist nicht sehr zu bedauern. Das Auftritts= fand er den rechten Ton. Herr Kolmar aber
150 1927 1201 2028 der Ordnung, lebenslustige Gegenfüßlerin, die
1186 1975 3246 2055 lied der Pepi Amsel ist dagegen so köstlich, daß gab dem schlagfertigen, überlegenen Lebensprak¬
148 1980 1200 2061 Schlamperei, scheint heuer in unserem Theater auf
1182 2022 3246 2104 man es ungern vermißte. Neben diesen Trägern tiker Max entschiedene Anatol=Züge, er ließ die
158 2050 1197 2112 keinen Unterstand rechnen zu dürfen. Der Kam¬
1187 2054 3255 2141 der Hauptrollen stellte Herr Großmann, der gesunde Frische vermissen. Fräulein Kennedy
153 2078 1211 2150 merdiener August des Herrn Schroth war eine
152 2119 3258 2200 so feine, geschmack= und humorvolle Leistung, daß schon in den „Dienstboten“ sehr verdienstlich ge=war unwienerisch, zu wenig süßes Mädel. Aber sie
2207 2166 3258 2231 war doch von so bestimmter Auffassung, daß man
162 2162 2222 2261 man sie genoß wie ein Delikateßbrötchen, und die wirkt hatte, einen entsprechend thaddädelhaften
2211 2223 3255 2300 die linkische Dilettantin aus dem vorhergehenden
167 2231 2215 2300 Lieblichkeit des Fräuleins Weiser, die Urwüch= Holzhändler bei, während Fräulein Mela Ken¬
2208 2274 2975 2340 Stücke kaum in ihr erkennen konnte.
1201 2274 2225 2337 nedy als Josefine einen bösen Riß in das En¬
158 2287 1206 2362 sigkeit der Damen Schweickhardt und
2264 2293 3257 2384 Mit der ersten Vorstellung im so geschickt
1194 2327 2234 2386 semble machte. Sie zeigte alle Übertreibungen und
159 2328 1195 2403 Rochell=Müller bildeten eine angenehme
2210 2366 3257 2429 herausgeputzten alten Theater wurde — freilich.
1194 2374 2222 2443 die ganze überheizte Lebendigkeit der hilflosen
168 2391 1196 2446 Garnierung zu dieser vor allem in die Augen
2202 2409 3246 2487 unter geringer Personalentfaltung — das Beste,
1192 2422 1468 2499 Dilettantin.
173 2435 1202 2495 fallenden Leistung. Herr Meyfeldt erschien für
1248 2473 3254 2530 Mit Artur Schnitzlers „Frage an das das die Direktion Cavar im letzten Jahre zu
172 2482 1208 2557 das Lustspiel etwas zu steif und schwer, auch war
1193 2514 3256 2591 Schicksal“ aus dem Anatol=Zyklus wurde der bieten hatte, weit überholt. Auch die Wahl des
168 2534 1200 2617 er noch auf Gasbeleuchtung, viel zu intensiv, ge¬
2212 2560 3252 2625 Repertoirs verriet Findigkeit, künstlerische Ab¬
1176 2580 2234 2647 gelungene Abend geschlossen. Anatol, der Zögerer
175 2584 394 2663 schminkt.
1190 2610 3254 2679 und Zauderer, könnte jeden Zweifel nach der sichten und einen lobenswerten Geschmack. Viel¬
221 2611 1203 2697 Nestroys „Frühere Verhältnisse“ mit
1192 2670 3248 2724 Treue oder Untreue seiner Geliebten durch das leicht zeigt uns Direktor Hagin nach dem so hoch¬
167 2664 1214 2751 ihrem sich nicht in seichten Wortspielen aufblähen¬
1187 2699 3251 2776 Bewußtsein der Wahrheit ersetzt sehen, wenn er gepriesenen Kunststück, mit der Operette gute
160 2723 1207 2798 den, sprudelnden Witz übten vor allem durch die
1193 2758 3253 2831 von ihr in der Hypnose Auskunft verlangte. Aber Geschäfte zu machen, das bedeutend größere, auch
154 2770 1209 2844 Meisterleistung des Herrn Mödlinger eine
2220 2809 3259 2868 das Schauspiel zu einer Einnahmsquelle für die
1203 2810 2223 2881 er, der nachdenkliche Genießer, der das kluge Wort
164 2815 1208 2898 zündende Wirkung. Sein Muffel war eine Figur,
1195 2856 3251 2930 geprägt hat, man soll nichts zu Ende genießen Bühnen zu gestalten. Vorgestern wurde jedenfalls
164 2867 1208 2936 an der der Nestroy'sche Übermut nicht nur so als
175 2936 3247 2994 zufälliger Aufputz herabbaumelte. Er bot Charak= wollen, soll die Freuden einer Liebe nicht bis der Beweis erbracht, daß man nicht nur auf Musik
2212 2948 3251 3029 und Gesang angewiesen ist, wenn man das Publi¬
182 2955 2238 3043 terkomik im besten Sinne: Wort und Wesen er=zur Neige auszukosten wünschen, um nicht mit
2223 2994 2867 3084 kum packen und erqnicken will.
181 2991 2233 3085 gänzten sich durchaus. Die Nestroy'schen Figuren Überdruß davon zu scheiden, er verzichtet darauf,
2760 3026 3221 3136 Dr. Alfred Möller.
185 3058 2283 3144 sind eben nicht komische, sondern humorvolle Leute, über die gefesselte Psyche der Ge¬
