3392 4256
912 171 1656 261 an das Schicksal
672 179 755 265 F
438 186 537 267 Di
190 163 2224 263 4.1. uie Frafe## Sealensal box 7/4
739 1110 1780 1221 Der deste unabhängigste Wilte scheut dador zuruck.
1791 1131 2823 1227 Gesinnung und Sachlichteit. Nicht als Derkreter von
2825 1136 3303 1226 Eitter stoldentschen #r
729 1173 1770 1247 Im Gefolge hat diese ohnmächtige Erkenntnis ein
1778 1203 2813 1272 Berufskreisen, sondern als Bürger dieser Stadt hätten
2825 1212 3303 1272 das herausforder
723 1231 1780 1308 ganzes Netz von Unaufrichtigkeiten, die schließlich
1783 1241 2811 1305 die zu Reformen Entschlossenen zusammenzutreten.
2816 1246 3303 1328 blau=roter Fahnen ger
719 1274 1773 1350 nicht anders als verheerend wirken können. Dies
1783 1295 2818 1363 Denn dies ist festzuhalten: Hinter dem Bürgertum
2820 1308 3311 1369 sammenstößen mußte di
727 1318 1774 1408 tritt z. B. in der Provisorienwirtschaft zu Tage,
1791 1337 2823 1396 steht keine außerkommunale Idee, wie hinter den
2820 1356 3305 1425 gen vorgehen. In de
720 1363 2830 1464 wo man nötigen Entscheidungen durch eine sehr schäd¬ Klerikalen (Christlichsozialen) und den Sozialdemo¬
2811 1394 3308 1470 ein Deutscher durch
1778 1492 2816 1577 tag den vergnügten Blicken bot. Schade, daß sich die
2824 1507 3308 1574 Gesindetypen, die höchst
769 1496 1166 1607 Theater
1171 1487 1744 1615 und Musik.
1772 1539 2825 1604 Umgestaltung nicht auch ein wenig auf die Außenseite
2816 1556 3310 1622 bracht werden; in Bezi
1785 1589 2817 1670 des Theaters erstreckte. Aber besser: Außen pfui und
2816 1601 3309 1664 mungen ohne Mark u
734 1477 1736 1705 Theater ind —
1786 1640 2817 1708 innen hui, als umgekehrt! Es wäre bedauerlich ge¬
2818 1655 3296 1716 Namen“ nicht verdienen
1782 1685 2820 1772 wesen, wäre hinter dem hübschen äußeren Eindruck der
2821 1688 3309 1769 einem Lotteriegewinst gi
753 1691 1769 1774 Eröffnungsvorstellung im Theater am
1775 1736 2825 1813 Räumé der Wert der gebotenen ersten Vorstellung
2824 1748 3305 1816 fällen, die man — frei
1066 1748 1455 1838 Franzensplatz.
1776 1784 2808 1857 zurückgeblieben. Das war aber durchaus nicht der Fall.
2814 1792 3305 1865 „kindisch aber nicht gö
776 1807 1770 1888 Das war in brillanter Abend! Der Eintritt in
1770 1837 2808 1897 Wie die Zusammenstellung, zeigte auch die Gestaltung
2821 1846 3295 1909 In dem Stücke konnten
716 1841 1776 1941 den Zuschauerrraum des Theaters am Franzensplatz
1771 1886 2812 1933 des Einzelnen Geschmack, Fleiß und entschiedenes
2824 1897 3302 1962 neue Darsteller in un
728 1920 1772 1981 glich noch vor kurzem dem Eingange in ein Bergwerk.
1776 1932 2817 2000 Können. Da war Lessings „Philotas“. In mar¬
2822 1933 3306 2009 einführen. Davon möch
733 1970 1771 2026 Ein enger Schlurf führte zu einem düster beleuchteten
1774 1980 2815 2036 kiger Prosa geschrieben, verlangt es eine kraftvolle,
2824 1987 3296 2054 Damen Weiser und
723 2006 1770 2070 Hauptraum, in dem man sich von Licht und Luft
1773 2026 2817 2107 nicht nur deklamierende Darstellung. Der poesielose
2815 2035 3300 2102 liches Stubenmädchen un
727 2072 1770 2136 ziemlich abgeschlossen fühlte. Und nun!? Nun haben
1775 2079 2809 2159 Schauspieler wirkt hier soort nüchtern, der nur in
2822 2090 3284 2146 kratzende Kammerkatze)
718 2109 1765 2177 wir ein reizendes Schauspielhaus, das die in diesem
1771 2124 2809 2196 pathetischer Rede Geschulte prallt an dieser hellen
2819 2133 3297 2193 quittieren. Daß wir in
722 2161 1766 2219 Blatte so oft gerühmten glücklichen Raumverhältnisse
1769 2180 2807 2247 Sprache leicht ab, denn nicht durch äußeren Rhyth¬
2814 2187 3302 2249 gebliebenen“ einige Kräf
730 2202 1771 2282 von den hier ebenso oft gerügten bautechnischen Feh¬
1767 2221 2808 2278 mus, sondern von innen her, durch die Leidenschaftlich¬
2819 2227 3294 2299 zu schämen brauchen,
724 2258 1772 2328 lern befreit zeigt und das so den Eindruck eines in¬
1773 2270 2808 2343 keit der geäußerten Gedanken erhält das Wort in diesem
2821 2288 3303 2352 Schroth (ein Kammer
731 2306 1766 2378 timen Theaters der liebenswürdigsten Art hervorruft.
1784 2322 2800 2394 straff komponierten Trauerspiele Schwung und Elasti¬
2814 2331 3299 2396 ganz), Großmann (K
704 2358 1760 2413 Natürlich waren alle Plätze ausverkauft. Ahnungs¬
1768 2365 2806 2447 zität. Man muß Herrn Brückner zugestehen, daß
2814 2377 3305 2448 Schweikhardt (säch
715 2384 1759 2483 vollen Gemütes war man in festlicher Toilette er¬
1769 2409 2820 2494 er ein Liebhaber war, der seine jüngsten Vorgänger
2910 2426 3297 2495 Die Rücksicht auf
723 2459 1767 2518 schienen, ein Luxus, den man sich früher schenken
1771 2466 2805 2535 (das sind alle, die auf de Grachs unvergeßliche Er¬
2809 2476 3302 2540 Johann Nestroy wird
735 2505 1757 2572 konnte, denn man sah damals von Nachbar und
1771 2514 2805 2574 scheinung folgten) weit übertraf. Wie frisch und jugend¬
2813 2519 3306 2592 lung des Spielplanes in
719 2555 1766 2625 Gegenüber oohnehin nichts. Nun hat der Besucher
1773 2572 2805 2634 lich=stürmisch spielte er, um nur eines herauszugreifen,
2816 2570 3310 2644 ken. Zwar braucht man d##
710 2599 1770 2669 des Theaters am Franzensplatz es nicht mehr nötig,
1771 2598 2808 2687 die Szene, da er, der verbitterte Gefangene, sein
2799 2610 3311 2692 ben, zu dem sich Herma#
716 2642 1766 2718 den im Stadttheater weilenden zu beneiden wie ein
1774 2667 2806 2727 Schwert zurück erhält! Die leidenschaftliche Unruhe
2823 2668 3294 2740 einmal verstiegen hat: „
717 2693 1767 2771 in einem Dorfwirtshaus Untergebrachter den, der im
1766 2700 2800 2776 des Jünglings fand in der ungesuchten Würde und
2818 2721 3312 2785 Nestroys für das Gewal
717 2750 1757 2804 Grand Hotel einer Stadt abgestiegen ist. Sogar in
1773 2764 2808 2835 Gemessenheit an Dr. Albertys Fürsten ein sehr
2806 2757 3300 2833 seit den Tagen des Mi
707 2780 1754 2869 den Zwischenpausen wird es künftighin im „oberen“.
1770 2806 2808 2875 wirksames und eindrucksvolles Gegenstück. Auch die
2816 2818 3310 2891 Ich sehe keinen, der sein
714 2849 1755 2907 Theater genau so viel Gelegenheit zum geschäftigen
1769 2859 2807 2923 Herren Pater und Hohlbach zeigten Auffassun¬
2799 2861 3309 2934 könnte und stelle ihn wei
714 2895 1755 2951 Umherwandeln geben, als im Parktheater. Die jetzt
1765 2903 2806 2974 gen, die die Weisungen eines geschickten Regisseurs
2802 2917 3306 2975 mund.“ Wir wagen es
713 2943 1761 3011 freilich etwas frostig aussehenden Redoutensäle, die
1774 2956 2800 3024 und daneben ausreichende Selbständigkeit verrieten.
2809 2962 3313 3039 viel Bestimmtheit vorge
712 2992 1769 3047 man sonst nur im Fasching zu sehen bekam, werden
1811 3005 2801 3072 Roderich Benedix hat uns natürlich nicht mehr
2808 3008 3315 3079 lemisieren, aber wir erken
734 3028 1765 3097 hoffentlich!) während der Theatervorstellungen stets
1769 3051 2800 3115 viel zu sagen. Auch von seinen „Dienstboten.
2805 3054 3315 3123 der uns eine durch ihre
737 3084 1762 3163 eöffnet sein. Jeden Abend wird sich das lebendige,
1767 3088 2795 3170 gilt das naheliegende: „Non bene dixisti, o Benedix!“
2807 3110 3304 3171 schen Bitterkeit und Fröh
747 3144 3308 3246 eundlich-fröhliche Bild entwickeln, das sich am Sams=] Das Lustspiel ist eine etwas flaue Schilderung von  Lebensauffassung zu der
