3392 4256
857 243 1597 327 an das Schicksa
131 240 706 359 4.1. Die Fre
400 234 2170 385 Serage un aus Schlensar box 7/4
1802 1226 2892 1313 Ohstruktion ihrer Abgeordneten. Heute wird wegen
1814 1281 2880 1367 der in Aussicht gestellten Ernennung eines deutschen
1800 1326 2884 1425 „Landesschulinspektors, morgen wegen Anstellung
1800 1381 2880 1471 feines deutschen Gerichtsbeamten, übermorgen wegen
1812 1430 2873 1519 zu geringer Staatssubvention mit. Obstruktion ge¬
1796 1468 2883 1555 droht und so geht es weiter. Allzu scharf macht
77 1479 159 1578 —
731 1564 1810 1643 in der Seele des Sprechenden gleichsam vor unstren
1790 1581 2875 1650 ! Müller als Kammerjungser Antoinette Auch Herr
121 1563 550 1672 und Musik.
739 1615 1801 1703 Augen entstehen und reisen, gemahnt es schon an den
1786 1620 2867 1708 ]Meyfeldt fiel mir als=Reitknecht Philipp durch frisches
187 1629 693 1740 .Graz, 14. September.
737 1662 1803 1737 späteren Lessing, den Dichter von „Emilia Galetti“,
1800 1680 2876 1743 und natürliches Spiel vorteilhaft auf. In der Nestroy¬
731 1712 1811 1787 von „Minna von Barnhelm“. Auch ein Hauch der
74 1693 587 1785 am Franzensplatz.
1801 1718 2878 1794 schen Pesse boten Herr Mödlinger als Hausknechn
730 1759 1806 1834 Zeit weht darin, die kriegerische Luft des siebenjähri¬
88 1768 736 1829 Die Dienstboten“ von Rod Benedix. —
1792 1767 2871 1856 Muffel und Herr Großmann als Holzhändler Schei¬
75 1804 435 1862 Posse von J. Nestroy
413 1804 739 1869 — „Die Frage an
730 1808 1802 1872 gen Krieges, die Hochhaltung militärischer Tugenden.
1798 1825 2877 1910 termann prächtige Gestalten; desgleichen tat sich Frl.
89 1843 731 1918 r Schnitzler. — Eköffnungsvorstellung.
736 1860 1799 1935 Obwohl von Geburt ein Sachse, war Lessing durch län¬
1795 1881 2870 1945 Fidler als Köchin Pevi hervor. Frl. Mela Ken¬
84 1891 733 1973 von Lessings „Philotas“ erin¬
740 1925 1802 1990 geren Aufenthalt in Berlin fast zum Preußen gewor¬
1800 1929 2866 2003 nedy hhatte weder in diesem Stücke noch in dem Ein¬
97 1944 743 2019 meine Jugendzeit und an die
733 1965 1796 2036 den, er spricht von Friedrich dem Goossen als von
1790 1982 2870 2064 akter von Schnätzler viel Gelegenheit hervorzutreten, so
75 2005 727 2068 siums. Das Trauerspiel war näm¬
736 2009 1795 2084 junserm glorreichen König“ und bezeichnend ist eine
1796 2021 2880 2125 daß sich über ihre schauspielerische Veranlagung kein
85 2045 737 2123 an allen Gymnasien eingeführten
736 2068 1799 2132 Außerung von ihm über ein kleines Kriegsepos von
1791 2068 2454 2139 ausreichendes Urteil bilden läßt.
105 2105 739 2170 für die höheren Klassen auf¬
732 2110 1805 2189 Ewald v. Kleist: „Von dem einzigen Tyrtäus könnte der¬
1880 2134 2872 2200 Das interessanteste unter den gebotenen Stücken
93 2156 731 2229 stets in der Schule gelesen. Ich
733 2161 1792 2233 Dichter die hewische Gesinnung, den Geiz nach Gesah¬
1795 2140 2861 2254 war Schnitzlers Einakter Die Frage an das Schicksal“,
79 2195 734 2269 cht mehr, welchen Eindruck es
731 2218 1793 2264 ren, den Stolz, für das Vaterland zu sterben, erlernt
1792 2209 2880 2305 zugleich aber auch dasjenige, das den schwächsten Beifall
102 2255 743 2317 meine Mitschüler hervorgerusen
734 2258 1793 2333 haben, wenn sie einem Preußen nicht eben so natür¬
1786 2266 2862 2364 fand. Es ist leicht erklärlich. Es ist zu fein geschlifsen,
88 2305 740 2368 selbst war nur zu billigen. Es
727 2305 1793 2378 lich wären, als einem Spartaner.“ Ich bin übri¬
1791 2326 2859 2388 um gröbere Bühnenwirkung zu erzielen; auch wurde
75 2346 734 2424 ma für die Jugend durch seine
726 2355 1799 2429 gens nicht der Meinung, daß Lessings Trauerspiel auch
1787 2362 2857 2464 der feinatmige und bei Schnitzler meist etas verschleierte
72 2392 744 2467 igkeit und seinen jugendlichen He¬
737 2413 1789 2475 auf unsere heutige Generation noch viel Wirkung aus¬
1792 2416 2862 2510 Dialog von den Sprechern zu gedimpft wiedergegeben, zu
75 2450 734 2523 keineswegs eine Jugendarbeit des
722 2442 1791 2526 zuüben vermag. Es wurde zwar Beifall geklatscht, aber
1782 2456 2871 2554 gedämpft selbst für die kleinerm Raumverhältisse des
74 2491 740 2573 nere Lust= und Schauspiele und
729 2507 1798 2572 dieser galt mehr der trefflichen Darsteilung des Phi¬
1797 2525 2853 2602 Franzenstheater, so daß manhes davon für die Zu¬
71 2551 736 2616 a „Miß Sara Sampfon“ waren
728 2557 1795 2634 totas durch Herrn Brückner, der sich auch hier
1799 2574 2855 2654 hörer verloren ging. Es ist egentlich kein rechtes Lust¬
73 2596 728 2655 und es ist der erste praktische Ver¬
726 2606 1758 2669 wieder als sympathischer jugendlicher Held hervortat.
1784 2603 2850 2698 spiel, mehr nur eine Szene, ein bloßer Dialog. Anatol
71 2650 736 2714 BBeschäftigung mit Sophokles und
814 2651 1785 2725 Die folgenden Einakter, Benedix' „Dienstboten“ und
1788 2670 2838 2751 (dargestellt von Herrn Brückner) liebt leidenschaftlich
82 2706 730 2763 e Leitsterne waren, unter deren
733 2700 1792 2779 Rrstroys bekannte Posse „Frühere Verhältnisse“, muten
1784 2723 2847 2809 seine Cora, aber es quäla ihn die Zweifel, ob sie
62 2745 734 2830 reise falsche Tragik der Franzosen
737 2754 1796 2829 uns wohl etwas veraltet an, veraltet durch die Art der
1785 2769 2840 2837 ihm auch treu sei. Daß sieihn liebt, glaubt er, daß sie
76 2802 731 2864 mburger Dramaturgie“ schonungs¬
736 2804 1788 2871 Komik, veraltet auch durch die Zeichnung der Charaktere
1779 2817 2839 2913 auch treu ist, bejaht sie. Der er will Gewißheit haben.
63 2861 725 2920 em Streben nach Naturwahrheit,
721 2861 1783 2926 und Schilderung der Lebensverhältnisse. Aber beide sind
1790 2866 2835 2952 Sein Freund rät ihm, si in magnetischen Schlaf zu
71 2901 726 2960 ischen Gange der Handlung erin¬
731 2902 1790 2987 bei guter Darstellung noch immer bühnenwirksam. Und
1787 2913 2846 3000 versenken und sie in der Hpnose zu fragen. Er tut es
77 2950 731 3015 hen, in dem Aufflackern von Hu¬
722 2946 1784 3020 die gute Darstellung fehlte nicht. In den „Dienstboten“.
1782 2971 2837 3033 und sie bejaht die Frag ob sie ihn wirklich liebe.
71 2998 736 3063 zene zwischen Philotas und Par¬
730 3004 1789 3071 sind zunächst Frl. v. Schweikhardt als Köchin Chri¬
1773 3018 2852 3094 Aber vor der zweiten Frie nach ihrer Treue wird ihm,
70 3053 732 3119 tigung mit Shakespeare: Aber in
725 3053 1791 3125 stiane, Herr Großmann als Kutscher Buschmann und
1789 3069 2824 3145 bange.: Er weiß, daß die zugleich eine Frage an das
77 3102 722 3169 Schärfe des Dialogs, in der bo¬
718 3095 1783 3172 Herr Schroth als Kammerdiener AAugust hervorzu¬
1780 3117 2826 3193 Schicksal sei, an sein Sicsal, das ihm Schmerz und
79 3149 1782 3212 er Gedanken und der Schlüsse, die heben, desgleichen unter den neuen Kräften Frl. Weiser
1788 3164 2816 3231 Verzweiflung im Falle ss Geständnisses ihrer Untreue
78 3204 2827 3313 state uns gegeben werden, sondern als Stubenmädchen Hannchen und Frau Eise Rochell= bringen würde. Er wi die Frage wagen, aber im
