3392 4256
925 170 1092 252 Sze
1368 171 1897 277 box 32/10
271 171 1230 297 26.3. Grosse Sane
1139 1064 3118 1172 haben keine Aenßerungen Logregeden, sondernndann könnte auch sein, daß es auf verschiedenen Gedieten
1001 1116 3120 1228 ##wartei. Vorgestern hat uns deswegen die keinen Fortschritt mehr gibt, zum Beispiel auf dem Gebiete
774 1130 3101 1281 „Arbeiter=Zeitung“ die Leviten gelesen. Was wird aber saktisch sozialen Gesetzgebung. Es ist gewiß eine notwendige Sache,
1155 1259 1601 1364 Jeuilleton.
1947 1281 3136 1384 wenn das Publikum Gelegenheit erhält, die Verloge
1963 1319 3140 1427 seelischer Komödienspielerei eines großen Bühnenlieb
1969 1385 3063 1470 aufgedeckt zu sehen, zumal, wenn dies von
780 1373 1952 1501 Oesterreichischer Dichterabend im
1950 1422 3144 1524 so überlegen ironischen Geist, wie es Artur Schnitzler ist, be¬
1958 1466 3140 1571 wird. Ida Stuckering, die Frau des Schauspielers, war rei
943 1465 1800 1574 Deutschen Volkstheater.
1955 1515 3140 1626 und Karl Forest als Theaterdirektor ein Räsoneur, dem man
734 1526 1965 1647 Zum „Tag des Buches": Karl Schönherr, Anton
1960 1566 3122 1676 geistreichen Apercus aus dem Metier glaubte, als obe
938 1599 1802 1695 Wildgans und Arthur Schnitzler.
1961 1620 3141 1727 Eigenbau gewesen wären. Hans Hinrich, der den Schauspe
846 1643 1965 1757 Es war eine hübsche Idee Dr. Rudolf Beers, den „Tag des
1948 1679 3123 1773 Herbot spielte, traf das Komödienpathos im Alltagsleben #
734 1709 1962 1797 Buches“ in Wien mit österreichischen Dichtern zu begehen. Das
1959 1713 3130 1816 gezeichnet, doch fehlte ihm die Anmut des großen und ewe
1961 1752 3127 1860 Kindes im Genie, jene bezaubernde Liebenswürdigkeit, der so
742 1755 2602 1890 dichtgefüllte Haus bezeugte dem Direktor auch schon im voraus die betrogene Frau alles verzeiht.
744 1801 1986 1898 seine Anerkennung und begrüßte ihn dankbar, als er vor Beginn
2962 1837 3138 1916 O. K.
736 1845 1961 1954 der Vorstellung vor den Vorhang trat, um ein paar kluge Worte
739 1916 1954 1985 zur Einleitung des Abends zu sagen, die der Bedeutung des ersten Buch¬
735 1950 1946 2041 tages in Oesterreich und den Büchern überhaupt galten. Er nannte
1953 1931 3134 2061 H. R. Lenormand: „Magische Liebe“
740 1995 1965 2070 sie die Bataillone des Wissens, mit denen die Welt ihre
1998 2022 3137 2144 Das Reinhardt=Ensemble im Carl=Theater.##
731 2045 1968 2144 Kämpfe auf dem Schlachtse.d des Geistes austrage und nahm die
734 2087 1941 2181 Gelegenheit wahr, davor zu warnen, die Muskeln, wie es das
2043 2092 3117 2183 Das Leben hinter den Dingen und Geschehnissen: das
720 2135 1942 2235 Zeitalter des Sports tue, zu überschätzen und den Geist zu kurz
1947 2124 3152 2241 das dichterische Gebiet von Lenormand. Unsichtbare Mäch
725 2176 1951 2268 kommen zu lassen. Direktor Beer schloß mit den Worten, daß
1948 2185 3141 2289 beherrschen unsere Seele. Das Tote ist nicht tot; der Ve
731 2251 1946 2328 ein gutes Buch noch immer gewaltigere Wirkungen ausübe als
1946 2235 3130 2349 storbene wirkt weiter und bestimmt unser Fühlen und Handel
719 2276 1938 2380 alle Weltmeisterschaften der Erde, da die leisen Dinge sich immer
1948 2291 3148 2397 er liebt und straft und wandelt sich. Auch die Landschaft, die un
728 2332 1546 2408 lebendiger erweisen würden, als die lauten.
1941 2329 3120 2426 umgibt, ist wie ein Lebewesen. Der Wind hat seine Sprache, de
1913 2359 3136 2486 Meer mit seinem Brausen und Stürmen. Das sind die unsich
833 2383 1939 2472 Es folgten nun drei Einakter, von denen nur der letzte,
1942 2425 2732 2513 baren Mächte im Drama unseres Lebens.
724 2438 1943 2526 die „Gresse Szene“ von Artur Schnitzler, auf dieser Bühne noch
2030 2476 3146 2583 Lenormand hat mit dem Rationalismus des fra#
724 2490 1924 2571 nicht gespielt worden war: „Karrnerleut'“ von Karl Schönherr
1938 2515 3017 2604 zösischen Dramas gebrochen, mit seiner einfachen
710 2526 1929 2621 und das einaktige Gerichtsstück „In Ewigkeit Amen“ von Anton
3025 2562 3098 2614 un
1937 2571 3130 2667 klaren Psychologie. Er begibt sich mit seinen Stück¬
721 2568 1930 2675 Wildgans, mit dem das Deutsche Volkstheater seine diesjährige
1926 2619 3116 2725 an das andere Ufer des greifbar Realen. Er schaltet aus sein
719 2635 1932 2714 Spielzeit eröffnet hatte, sind als ausgezeichnete szenische und schau¬
1927 2664 3114 2753 Handlungen die Logik des Alltags aus. Maeterlinck=Atmosphe¬
720 2667 3120 2760 spielerische Leistungen dieser Bühne bekannt und übten gestern ist in seiner dichterischen Welt. Das Leben von diesseits und jensen
710 2725 3104 2867 ihre erschütternde Wirkung in vielleicht noch stärkerem Maße wird von einer unerklärlichen Magie beherrscht. Auch der geliebte Tie
716 2774 3099 2905 als sonst. Neben Elisabeth Markus, Eduard Loshner, Hans Homma besitzt diese magische Kraft. Er schleicht sich ins Lebendige, wer
704 2824 3096 2959 und Louis Böhm in „Karrnerleut'“, Otto Schmöle, Maria Gutt= unsichtbar in unserem Heim. Es ist Pantheismus in Lenorman#
705 2859 3093 3021 mann, Hans Olden und Otto Soltau in dem Wildgansschen Ein= Weltbild; eine düster gefärbte Verneinung mit helleren Ausgängs
712 2900 3078 3042 akter soll die Meisterleistung Karl Forests besonders genannt Siegreich bleibt zuletzt das diesseitige Leben. Die Liebe ist stär
716 2966 3074 3105 werden. Die „Große Szene“ von Arthur Schnitzler hätte wohl ein als der Tod. Lenormands Bejahung des Uebersinnlichen ist jes
708 3016 3064 3158 paar Kürzungen vertragen, wirkte aber trotzdem, wie immer, auch von Zweifeln durchsetzt. Er rationalisiert diesen Glauben.]
2567 3395 2714 3495 *
