3344 4256
1093 237 1577 334 box 40/6
143 219 956 349 0. Antisenitien
143 656 982 814 „OBSERVER“
230 777 943 841 I. österr. behördl. konzessioniertes
205 827 977 889 Unternehmen für Zeitungs-Ausschnitte
256 876 890 975 WIEN, I., WOLLZEILE 11
340 942 839 1001 TELEPHON R-23-0-43
157 1077 543 1159 Ausschnitt aus:
514 1106 968 1219 Geobachter, München
521 1224 1006 1354 7 8. FEB. 1933
165 1291 342 1376 vom:
126 1336 844 1563 Ein Abgesang:
190 1554 2728 1810 Auch ein Heinrich, vor dem uns
2709 1610 3297 1827 graut
788 1836 3012 1968 Leben und Taten des Dichterakademie=Präsidenten Mann
148 1939 1911 2039 Dr. S. Was die literarische Physiognomie konnte — ein Autor solchen Schlages war
1903 1940 2776 2055 ein Rovemberling vom Scheitel bis zur Sohle,
2763 1974 3318 2061 einer preußischen Dich
130 2011 1883 2088 des mit Recht so „zurückgetreten wordenen“ nach Ansicht der Novembergewaltigen dazu
1889 2027 2636 2091 ein Paneuropäer parexcellence.
2774 2034 3067 2116 stellt wurde!
135 2058 1900 2136 Dichterakademiepräsidenten Heinrich berufen, die deutsche Geistigkeit zu repräsen¬
1914 2073 2789 2137 Hand in Hand mit dieser widervölkischen
2789 2092 3310 2165 Ein Schriftsteller, welcher
128 2108 1894 2177 Mann anbelangt, so zitieren wir zunächst tieren!!! Dabei muß noch betont werden,
1887 2109 2778 2207 Einstellung ging eine Glorifizierung unseres
2771 2114 3298 2194 der französischen Jug
126 2155 1882 2234 kinmal Adolf Bartels' Geschichte der daß Adolf Bartels, welchem seine Gegner
2771 2172 3320 2233 liche Gesinnung ausdrückti
1898 2171 2557 2247 erbittertsten Feindes Frankreich.
127 2185 785 2270 Deutschen Literatur“ Band II:
2778 2220 3292 2265 womit der deutschen Ju
998 2217 1892 2270 mit eiserner Stirn blinden Haß gegen alle
1906 2211 2775 2287 Vorkriegsfrankreich, das ist das Land, in dem
2783 2257 3319 2332 kriegerische Gesinnung
142 2235 996 2316 „Heinrich begann im Jahre 1897 mit Novel¬
1007 2259 1882 2324 ihm unsympathischen Erscheinungen zu un¬
1883 2265 2783 2334 sittlicher Ernst herrscht, Vorkriegsdeutschland,
2777 2289 2956 2359 sollte?!
138 2297 1007 2357 n und war dann schon ganz er selbst in dem
1891 2307 2785 2370 das ist die Hölle, wo Prahlerei, Anmaßung,
1011 2303 1887 2375 terstellen belieben, in hier vielleicht allzu
133 2332 1005 2387 Roman unter feinen Leuten“ „Im Schlaraffen¬
1892 2347 2783 2405 Lüge, Selbstbetrug, Rassgier und Ungerechtig¬
2795 2327 3319 2409 Allen diesen novembe
1009 2359 1878 2419 wissenschaftlicher Gewissenhaftigkeit noch ver¬
127 2376 996 2429 and“ (1900), der in das Leben der Berliner
1881 2387 2778 2442 keit an der Tagesordnung sind. „Ententegläu¬
2782 2396 3316 2483 setzten dann die wiederh#
125 2416 1001 2475 Börsen= und Journalisten=, also wesentlich
1008 2404 2780 2475 hältnismäßig wohlwollend geurteilt big“, so führt Albert Soergel aus, „beurteilt
135 2453 998 2515 üdischer Kreise einführt und in der Re¬
999 2448 2781 2522 hat. Im Gegensatz nämlich zu dem angeblich Mann das Frankreich der Dreniuszeit nach den
2774 2453 3298 2538 Paris die Krone auf,
140 2485 999 2547 el als groteske Karikatur bezeichnet wird.
1881 2500 2784 2559 menigen, die wider den Strom, beurteilt
1006 2499 1887 2560 parteiischen Bartels hat sich der selbstver¬
2778 2513 3312 2581 jene ungeheuerliche Auher
119 2532 997 2594 Schon in diesem Roman wird der ausgeprägte
1890 2537 2774 2611 er das Deutschland der Kaiserzeit nach den
999 2543 1880 2603 ständlich an „Objektivität“ nicht zu überbie¬
115 2551 1007 2646 Frotismus Heinrich Manns, also die Nei¬
1894 2578 2625 2639 vielen, die im Strome schwammen,
2765 2573 3304 2647 seiner Ansicht nach sei d
998 2590 1896 2668 tende Thomas Mann unvergleichlich
128 2616 994 2671 ung, das ganze Leben auf „Liebe“ zu stellen,
1901 2622 2754 2699 deutet er den Geist von 1914 in Eroberer¬
2746 2620 3317 2702 elendung des deutschen Ve
1009 2639 1890 2706 schärfer über die literarische Produktion sei¬
122 2651 1004 2706 eutlich — vielleicht das Hauptwerk des deut¬
2219 2665 2467 2728 geist um;
125 2686 1006 2742 hen Erotismus gibt er dann in seinem Roman
1007 2687 1891 2771 nes leiblichen Bruders geäußert, indem er
2778 2680 3320 2768 wahnwitzigen Reparation
1870 2687 2783 2767 ententegläubig hält er den Gedanken von Jac¬
115 2731 971 2782 Wie Göttinnen oder die drei Romane der Her
996 2727 1390 2800 dessen Werke als
2770 2741 3093 2813 zuführen
1871 2740 2781 2806 ques Rivière, die Ruhrbesetzung sei eine etwas
131 2761 1002 2821 gin von Assy“ (1902/3), die die angeblich Wi¬
1881 2792 2787 2834 grobe, aber ganz deutliche Einladung an Deutsch¬
131 2807 1009 2869 ngerblut in sich tragende Heldin als Diana,
1037 2779 1865 2856 „Romane von aphrodisischer Pennäler¬
1885 2791 3311 2876 land, mit Frankreich zusammenzuarbeiten für] Wer über eine so schöne
123 2842 1008 2897 Ninerva und Venus erlebt. Mit der „Jagd
1035 2848 1863 2916 phantasie, Kataloge des Lasters, in
1885 2860 3293 2917 überraschend und doch vielleicht nicht paradox'..“alle Welt mit Ausnahm
117 2871 1018 2944 ach Liebe“ einem Münchner Roman (1903•4),
2763 2891 3284 2948 Iinalen Deutschlands, an
1041 2892 1857 2961 denen keine Nummer vergessen war“
121 2924 1002 2971 mmt Mann wieder zu dem wüsten Stil des
1917 2911 3313 2991 Bestimmt paradox aber war es, daß Galt es, einen Aufruf der R#
996 2941 1878 3018 bezeichnete. Und Albert Soergel, ein
118 2955 1003 3012 Schlaraffenlandes“ zurück. Es folgten dann die
1882 2947 3306 3045 der Mann dieser Meinungen an die Spitze zeichnen, so verschloß sich Hei
126 2987 999 3057 Schulgeschichte Professor Unrat“ (1905) das in
1003 2996 1794 3063 Literarhistoriker, dessen „Objektivität“
1773 3008 1888 3065 be¬
126 3037 1879 3115 talien spielende Zwischen den Rassen“ (1907) kanntlich schon an Urteilslosigkeit grenzt, hat
122 3077 1000 3130 nd „Die kleine Stadt“ (1909), und darauf gab
1886 3024 3320 3170 Dienst am kommunistischen Untern
124 3104 1887 3176 Rann den sogenannten Arbeiterroman Die geäußert, in Heinrich Manns „Jagd nach
124 3142 1350 3214 rmen“ (1917), der ein außerordentlich grelles Liebe“ erschiene
125 3187 1006 3250 nd auch aufzeizendes Bild des Lebens in
1875 3172 3224 3253 selbstverständlich nicht. Wurde ein jüdischerszu gut begriffen
1304 3200 1565 3294 die Welt
124 3229 999 3274 nem isolierten Industrieorte bietet —„der Ex¬
1880 3235 3310 3295 Landesverräter wie Hatvani wegen Beschimp= Der Demokratismus samt sei
991 3254 1102 3336 in
122 3262 994 3325 ressionismus macht sich's bequem', schrieb ich
1877 3274 3313 3334 fung Ungarns zu sieben Jahren Zuchthaus ver= Ergänzung ist geistig längst
124 3309 1003 3360 kgendwo über ihn, „er nimmt vom Naturalis¬
1872 3308 3293 3372 urteilt, so erhob er gemeinsam mit den Juden langweilig, sich mit ihm
1181 3304 1709 3395 ein einziges Bordell
128 3332 1003 3407 aus, was er brauchen kann, erkennt aber keine
1868 3353 2590 3401 Einstein, Theodor Wolff, Ludwig Juld
2901 3334 3315 3416 n nicht genehme
123 3373 1002 3439 Verantwortlichkeit an'. Ich muß ge¬
1912 3381 2069 3437 Schnitzler,
2586 3355 2776 3448 HRRR
2095 3385 2443 3442 Hoffmannsthal
2761 3359 3301 3445 benten nunmehr auc
996 3385 2771 3480 verwandelt“. Unumstößlich steht jedenfalls Fekix Satten, Franz Wersel und Max Rein¬
129 3419 998 3477 ehen, daß ich Mann nie habe ernst neh¬
2770 3431 3304 3486 perlich“ an die Luft
988 3432 1876 3504 fest, daß die immer bedenkliche, meist
135 3457 988 3517 en können, bis dann seine letzten Werke,
1873 3462 2773 3515 harde sofort im Berliner Tageblatt“,
2768 3458 3296 3521 den. Sorgen braucht sich
996 3486 1871 3552 sogar wüste Lebensdarstellung Heinrich
125 3470 988 3557 Der Untertan“ (1918), der angeblich das Zeit¬
1883 3492 2764 3554 in der „Vossischen Zeitung", in der
2775 3501 3311 3578 deswegen ja nicht zu machen
126 3535 992 3596 ter Wilhelms II. darstellt, aber weiter nichts
1881 3530 2768 3595 „Frankfurter“ ein markerschütterndes Wut¬
986 3527 1883 3595 Manns vom Standpunkt des deutschen
2763 3541 3086 3614 weiterhin noch
1876 3569 2047 3643 geheul!
125 3570 1878 3649 s eine freche Karikatur deutschen Le= Volkstums aus von Anfang an scharf ab¬
2955 3573 3313 3660 Vorträge in Sy#
121 3617 986 3670 ns ist, „In einer Familie“ (192 , und Der
999 3618 1900 3702 gelehnt werden mußte. Auch das gestalterische
2770 3613 3313 3695 halten, womit er ja unlän
1960 3617 2697 3714 Schutz den Landesverrätern !!
123 3642 986 3705 opf“ (1925), meinen Zorn wachriefen. Nun
2762 3682 3314 3737 Vielleicht setzt sich auch Leo
987 3676 1893 3732 Können dieses „Dichters“ ist immer gering
119 3671 998 3750 ht mir Mann neben Heine als Verfasser von
1896 3697 2649 3779 Wurde ein Komitee gebilde, um den
2774 3714 3314 3769 ihn ein, worauf man nach
126 3715 995 3784 Deutschland, ein Wintermärchen“. Mann hat
1004 3728 1898 3785 gewesen, wenn auch ein gewisses Geschick und
2769 3756 3309 3812 Zeitungsanzeige schließen kön
120 3745 995 3840 ich Novellen und einige Dramen veröffent¬
990 3771 1897 3852 später eine gerissene Routine nur ästhetisch
2082 3767 2579 3858 Mordbrenner Hölz
124 3790 247 3853 cht.“
2841 3803 3302 3867 „Der Dichter Heinrich
990 3819 1877 3886 Urteilenden die Erkenntnis dieser Tatsache
2790 3831 3311 3904 Montag, den 20. Oktober
1875 3834 2766 3900 aus dem Zuchthaus zu befreien so figurierte
130 3851 993 3918 Diese äußerst treffende und dabei sehr
986 3862 1889 3931 erschwert haben mögen. Klarsichtigen indessen
2786 3888 3298 3945 saal des „Pfalzbaues' Lu##
1869 3882 2766 3949 Heinrich selbstverständlich neben Einstein, Georg
114 3896 998 3956 rückhaltende Charakteristik des literarischen
992 3912 1883 3989 öffnete schon die „Unrat“=Dichtung die
2786 3911 3310 3976 über Literatur im Jahre 14
1869 3927 2769 3986 Bernhard, Dr. Feilchenfeld, Dr. Goldschmitt,
119 3946 997 4021 chaffens von Heinrich Mann dürfte jeden
2789 3953 3310 4019 tritt gegen einen Gutschei
1878 3964 2775 4027 Dr. Lion Feuchtwanger, Dr. Sally Friedlän¬
990 3962 1877 4027 Augen, dieses breitgewalzte, jeden (deut¬
2799 3997 3279 4056 Gutscheine werden bis
114 3996 999 4059 ufmerksamen Leser über den Expräsidenten
1873 4004 2782 4049 der, Dr. Gumbel, Dr. Kerr Dr. Lasker Emil
988 4002 1878 4068 schen!) Humors entratende, haßstrotzende
2810 4031 3280 4098 1930 heim Einkauf von
1873 4041 2767 4101 Ludwig Cohn, Paul Schlesinger, Dr. Wolsen¬
114 4041 999 4105 er Dichterakademie schon hinreichend unter¬
981 4067 2771 4155 Zerrbild, das weiter nichts als einen ab= stein, Arnold Zweig, Toller und Tucholski im
2792 4073 3313 4135 Wert in Zahlung genom
119 4087 2091 4151 chtet haben. Ein Autor also, dessen Phan reagierten Komplex darstellt. So wenig wir! Vorstand
2822 4104 3312 4162 Gutscheine an unserer Kat
