3344 4256
665 708 1219 900 gute
153 719 464 904 ns
475 727 669 897 1r
133 927 651 1051 lenten Mann
133 1065 402 1159 is zur Sohle,
413 1069 1303 1154 einer preußischen Dichter=Akademie ge¬
134 1136 270 1198 c.
414 1132 701 1206 stellt wurde!
136 1178 426 1244 idervölkischen
454 1186 1308 1244 Ein Schriftsteller, welcher es fertig brachte,
418 1217 1299 1275 der französischen Jugend ihre fried¬
139 1232 417 1302 rung unseres
413 1268 1307 1331 [liche Gesinnung ausdrücklich zu bescheinigen,
431 1313 1298 1360 womit der deutschen Jugend indirekt wohl
150 1312 412 1387 Land, in dem
421 1352 1304 1406 kriegerische Gesinnung unterstellt werden
150 1375 424 1436 egsdeutschland,
431 1390 594 1446 sollte?!
168 1417 419 1468 Anmaßung,
459 1432 1304 1503 Allen diesen novemberlichen Großtaten
157 1450 433 1506 dUngerechtig¬
150 1492 417 1548 „Ententegläu¬
431 1494 1325 1566 setzten dann die wiederholten Reisen nach
144 1525 422 1588 us, „beurteilt
427 1552 1306 1621 Paris die Krone auf, gelegentlich deren
144 1566 419 1620 szeit nach den
140 1602 416 1661 rom, beurteilt
426 1607 1311 1676 jene ungeheuerliche Außerung Manns fiel,
143 1633 421 1714 eit nach den
413 1679 1308 1747 seiner Ansicht nach sei die Not und Ver¬
144 1688 276 1742 hmen,
145 1724 400 1797 n Eroberer¬
404 1731 1306 1799 elendung des deutschen Volkes nicht auf die
422 1782 1312 1860 wahnwitzigen Reparationszahlungen zurück¬
141 1801 422 1872 nken von Jac¬
423 1840 712 1912 zuführen
142 1854 429 1913 ssei „eine etwas
139 1901 436 1950 ng an Deutsch¬
466 1903 1324 1970 Wer über eine so schöne Seele verfügt, drückt
132 1930 440 1993 uarbeiten für
145 1941 1338 2035 cht paradox..“ alle Welt, mit Ausnahme nur des natio¬
407 1994 1328 2047 #nalen Deutschlands, an sein liebendes Herz.
141 2021 1337 2087 war es, daß Galt es, einen Aufruf der Roten Hilfe zu unter¬
140 2068 1202 2145 an die Spitze zeichnen, so verschloß sich Heinrich diesem
151 2099 1346 2278 munistischen Untermenschen
444 2277 1339 2351 zu gut begriffen hat! Heute heißt es:
157 2290 426 2354 ein jüdischer
152 2337 1338 2398 gen Beschinip= Der Demokratismus samt seiner philosemitischen
140 2371 1334 2428 Zuchthaus ver= Ergänzung ist geistig längst erledigt, es wird
147 2418 1330 2466 mit den Juden langweilig, sich mit ihm abzugeben! Wes¬
567 2456 1330 2503 n nicht genehme Dichterpräsi¬
442 2460 499 2508 m
245 2454 428 2514 #. Esthue.
434 2465 1335 2548 denken nunmehr auch „plump kör¬
150 2482 426 2550 ephann6= Iweig
429 2533 1326 2583 perlich“ an die Luft befördert wer¬
129 2535 432 2585 d Max Rein¬
443 2566 1326 2627 den. Sorgen braucht sich der gute Heinrich
138 2568 434 2627 Tageblatt“
259 2596 424 2662 in der
136 2639 424 2714 ütterndes Wut¬
442 2640 734 2710 weiterhin noch
636 2674 1128 2755 Vorträge in Synagogen
425 2729 1331 2798 halten, womit er ja unlängst begonnen hat.
128 2740 364 2811 kräteen!!
435 2774 1341 2821 Vielleicht setzt sich auch Leonhard Tietz für
436 2818 770 2871 ihn ein, worauf
767 2816 1336 2873 man na#, folgender schöner
134 2797 331 2889 um den
441 2861 1084 2917 Zeitungsanzeige schließen könnte:
129 2878 235 2961 5/3
500 2900 1338 2958 „Der Dichter Heinrich Mann spricht am
463 2952 1333 2991 Montag, den 20. Oktober 1930, im Konzert¬
230 2951 439 3018 figurierte
473 2990 1338 3041 saal des „Pfalzbaues', Ludwigshafen a. Rh.,
137 2974 442 3061 Einstein, Georg
468 3021 1345 3084 über Literatur im Jahre 1929/30. Freien Ein¬
190 3038 437 3092 Goldschmitt,
463 3061 1342 3123 tritt gegen einen Gutschein von 1 M. Diese
125 3074 444 3133 Sally Friedlän¬
485 3100 1335 3147 Gutscheine werden bis zum 15. November
149 3115 443 3165 Lasker, Emil
482 3143 1333 3186 1930 beim Einkauf von Waren zum vollen
181 3153 442 3206 Dr. Wolsen¬
475 3183 1327 3229 Wert in Zahlung genommen, Verkauf der
148 3174 449 3261 d Tucholski im
480 3214 1329 3266 Gutscheine an unserer Kasse 2, Kleiderstoff¬
493 3254 1334 3323 Abteilung, Erdgeschoß, Leonhard Tietz, Akt.=
143 3254 448 3335 seine im „Ber¬
483 3296 589 3350 Ges.“
148 3317 442 3369 lußerung, nun¬
479 3320 1346 3398 Wie sinnig symbolisierte hier der jüdische
144 3349 437 3419 ätten die Wag¬
433 3366 1347 3441 Verehrer Heinrich Manns die enge Verwandt¬
438 3433 1211 3481 schaft von Literatur und Maßkonfektion.
135 3424 445 3485 ie abzutanzen“,
133 3470 443 3538 uropäisch=pazifi¬
664 3492 1098 3575 Das tollste Stück
143 3519 268 3576 an!
447 3550 1362 3633 aber dürfte gewesen sein, daß sich Mann auch .
139 3553 429 3633 rangegangenen
484 3621 1297 3674 für die Errichtung eines Heine=Denkmals
150 3616 440 3679 Freunde ken¬
452 3662 1333 3715 in Düsseldorf begeistert einsetzte. Für den un¬
136 3666 439 3739 es nicht mehr,
444 3694 1348 3760 heilvollsten Gesellen, „der im 19. Jahrhundert
434 3743 1349 3816 nicht bloß durch die deutsche Literatur, sondern
448 3779 1343 3835 auch durch das deutsche Leben hindurchgegan¬
139 3769 449 3860 losemitismus
440 3816 1344 3869 gen ist, durchaus als Seelenverwüster und =ver¬
154 3846 436 3918 der zionistisch
454 3852 1338 3912 gifter als Vater der Dekadenz auf literarischem,
454 3898 1073 3967 politischem und sozialem Gebiet,
266 3903 436 3960 Prag
510 3952 1282 4009 für einen Denunzianten und Revolver¬
123 3937 454 4022 klassischen Sätze:
753 3994 1040 4057 journalisten,
129 4005 459 4076 at Herkunft und
457 4022 1352 4098 wie den Juden Heine wollte er also Ruhmes¬
127 4052 437 4106 llschaft nicht be¬
448 4078 1339 4132 hallen errichten! Den besten Vorschlag hat hier
132 4084 444 4143 eln? Der Natio¬
454 4122 1333 4170 immer noch Liszt gemacht, der, wenn es denn
134 4131 444 4180 isemitischen Er¬
1275 542 3105 621 Kultusminister Grimme u. a. folgende wegs die Geistesfreiheit knebeln will, es
2172 592 3103 663 sei denn, daß es sich um Frei¬
1289 603 1894 668 „Kernsätze" zum besten gab:
1335 654 3102 706 „Als ich mir überlegte, was ich vom Staatsheit für jenen gott= und volks¬
1287 673 3105 740 her Heinrich Mann zum 60. Geburtstag würde feindlichen Geist handelte, der
1304 738 2192 784 sagen können, da hat der Zufall mir das Wort
2197 742 3101 793 da stets verneint, hatte der wackere
1301 769 2195 818 von Heinrich Mann in Erinnerung gerufen,
2205 782 3102 846 Heinrich noch vor 2 Jahren nicht mehr und
1309 814 2184 877 daß aus dem Menschen im ganzen genommen.
2200 835 3108 898 nicht weniger vor, als das deutsche Geistes¬
1305 854 2193 897 noch einmal etwas werden kann.“ Im gan¬
1298 891 2192 952 [zen genommen, gewiß; es gibt aber
2211 880 3115 945 leben unter seine unmaßgebliche Zensur
1962 925 2120 975 er F.
1297 923 1932 979 auch Ausnahmen, wie
2205 927 2434 1007 zu stellen.
1290 958 2185 1023 Heinrich Mann zeigt... Doch weiter:
1302 997 2201 1047 „Kühner als alle Altersgenossen unter den
2226 994 3093 1069 Schrieb er doch in der „Vossischen Zeitung“:
1296 1043 2197 1084 Dichtern sind Sie, Heinrich Mann, mitgegan¬
2202 1054 3106 1104 „Unsere Entschlußkraft könnte eines Lages so
1306 1079 2192 1133 gen, hinein in eine neue Zeit, und wa¬
2196 1082 3111 1159 weit gehen, daß wir die Schulbücher von
1304 1117 2054 1178 ren schon vorher deshalb für sie ...“
2204 1124 3112 1181 allem reinigen, was der Jugend schadet:
1340 1152 2199 1213 Der regierende Marxismus bestätigte also
2200 1158 3113 1226 Veraltete Geschichtsauffassungen,
2198 1206 3106 1261 Irrtümer über andere Völker und
1312 1205 2192 1257 einem von uns wohl schon hinreichend ge¬
2204 1238 3090 1299 über die Erlebnisse des unseren.“
1311 1245 2204 1308 kennzeichneten Novemberliteraten, daß er
2203 1286 3114 1343 Was das bedeutet hätte, ist bei Manns Denk¬
1317 1300 2189 1355 als Wegbereiter und Verkünder ihrer Ab¬
2197 1327 2570 1386 weise klar genug!
1318 1340 2208 1407 sichten zu gelten habe. Nach unseren Aus¬
2242 1372 3107 1433 Gott sei Dank hat die erwähnte, damals
1316 1401 2206 1465 führungen dürfte sich jeder Kommentar er¬
2203 1420 3108 1485 doch wohl schon vor ihrer eigenen Courage
1322 1446 1528 1513 übrigen.
2211 1476 3115 1543 zitternde Entschlußkraft, wie nicht anders zu
1354 1478 2197 1545 Und ein Mann mit solch einem Sünden¬
2202 1520 3124 1590 erwarten, versagt. Die Entschlußkraft eines
1322 1532 2198 1600 register erdreistete sich in diesen Tagen, Pro¬
1323 1572 3117 1644 testversammlungen wegen angeblich „bedroh= neuen Deutschlands aber hat für etwas an¬
1326 1611 3118 1686 ter Geistesfreiheit“ einzuberufen! Gerade er deres gesorgt, was schon längst hätte geschehen
1323 1672 3121 1736 ist der letzte, der sich in solchen lächerlichen müssen: Für die Ausschaltung von Literaten
1323 1713 3116 1784 Attitüden gefallen dürfte; denn anders als wie Heinrich Mann aus dem offiziellen
1317 1767 2508 1835 das deutschere Deutschland, welches keines= Geistesleben!
