3344 4320
859 299 906 346 m
129 275 927 376 0. Antisen1t1—
1087 282 1537 364 box 40/6
2846 128 2927 192 1
2065 180 2711 283 Oesterreichs.
1887 253 2017 362 7
2031 286 2765 362 Zur heutigen Sondernummer
2102 345 2677 420 der Kritischen Gänge.
1919 412 2933 482 Die Deutschen in Oesterreich kämpfen einen erbitterten
1856 471 2938 533 Kampf um ihr Deutschtum: Gegen ein von Herrn Dollfuß
1857 518 2933 582 konstruiertes Oesterreichertum, gegen das Wiener Literatur¬
1856 552 2932 624 Judentum, gegen den Austromarrismus, gegen vielgestaltige
1850 599 2940 677 ausländische Einflüsse, die sich dieses Bollwerk im Südosten
1860 660 2934 713 für ihre Machtsphäre sichern wollen. Alles, was nicht in
1848 707 2918 768 diesem Entscheidungskampf auf Seiten des deutschen Frei¬
1850 758 2939 807 heitskampfes steht, kämpft für die Feinde des deutschen
1864 803 2926 867 Volles. Es geht heute darum, ob dieses deutsche Volk in
1860 844 2941 900 Oestemeich sich zu seinem Deutschtum und der deutschen
1865 894 2936 975 Schicksalsgemeinschaft bekennen darf und sich zu bekennen
1852 943 2940 999 vermag, oder ob es der längst abgestorbenen französischen
1866 989 2951 1042 Staatsidee verfallen und im Dienst der Vormachtstellung
1858 1033 2939 1111 Frankreichs in Europa stehen soll. Es liegt hier also nicht
1866 1090 2941 1152 derselbe historische Prozeß wie bei der Schweiz und bei den
1856 1119 2938 1191 Niederlanden vor. Dort splitterten beim Zerfall des Reiches
1858 1191 2942 1244 Teile des deutschen Volkes ab, die sich kämpfend ihre Un¬
1866 1241 2943 1306 abhängigkeit von fremden Einflüssen sicherten, nun aber
1863 1274 2936 1344 schon längst zu geschichtslosen Neutralen erstarrt
1860 1326 2945 1372 und also dem Schicksalskampf des gefamideutschen
1863 1374 2947 1444 Volkes verloren gegangen sind. In Wien aber stehen
1866 1425 2944 1488 Deut#, die sich Oesterreicher nennen, im Dienste fremder
1862 1471 2571 1537 Machtpolitik gegen das deutsche Volk.
1934 1516 2945 1600 Der Oesterreicher, der zur Tarnung 'dieser Politik
1859 1577 2949 1645 dienen muß, existiert gar nicht. Er wird von einigen
1858 1629 2941 1678 Legitimisten erträumt, die immer noch im Schatten des
1858 1680 2949 1750 alten Habsburgerreiches leben. Außerdem bemüht sich das
1872 1725 2942 1798 Zivilisationsliteratentum, das heute in Wien schlimmer und
1864 1764 2940 1841 rücksichtsloser und — blinder haust als es je in Berlin ge¬
1872 1817 2944 1879 haust hat, besonders kräftig darum, aus Legitimismus,
1867 1870 2944 1935 Zivilisationsliteratentum und frankreichhörigen Ge,
1873 1921 2943 1969 sinnungslumpen ein Oesterreichertum zu konstruieren,
1863 1967 2947 2023 dessen Ahnherr — Schnitzler ist. So weit reicht die Tradition
1857 2007 2948 2072 dieses Oesterreichertums. Manche bemühen sich, die alten
1867 2060 2936 2130 deutschen Dichter Oesterreichs für dieses abstratte literarische
1856 2119 2938 2176 Oesterreichertum zu reklamieren. Aber alle diese Versuche
1868 2156 2941 2214 sind Spiegelfechtereien. Sie machen sich selbst was vor. Die
1864 2210 2937 2268 alten Dichter Oesterreichs waren deutsche Dichter und die
1846 2258 2938 2299 jungen sind es erst recht. Die Jungen tragen das Gesetz
1854 2303 2931 2356 von Blut und Boden, aus dem das ganze deutsche Volk mit
1848 2349 2924 2400 der Gewalt einer Naturkraft wiederersteht, schon lange in
1844 2398 2927 2469 sich. Sie haben seit Jahren aus der Kraft dieses Gesetzes
1854 2459 2931 2509 geschaffen. Wir kennen sie und lieben sie, und sie sind auch
1859 2499 2934 2557 schon seit Jahren ein Teil von uns. Und es wird sich kein
1853 2544 2926 2597 Oesterreichertum zwischen sie und uns stellen können. Wir
1847 2591 2918 2642 sind gewiß, daß der Tag nicht mehr fern ist, an dem das
1848 2640 2923 2693 deutsche Volk in Oesterreich diese sich Oesterreicher nennen¬
1858 2688 2927 2737 den, aber in und von Oestererich nur schmarotzenden Zivili¬
1848 2739 2927 2798 sationsliteraten aus den Wiener Kaffeehäusern ein für
1851 2785 2926 2843 allemal vertreiben wird. Aber wahrscheinlich werden sie
1853 2843 2925 2895 mit Hilfe der ihnen eigenen Witterung schon vorher ge¬
1849 2881 2918 2935 flohen sein. Sie stellen sich nie. Sie sitzen in allen Län¬
1839 2925 2917 2989 dern in sicheren Löchern und hetzen und wühlen, bis sie
1844 2976 2920 3029 ausgeräuchert werden. Ein eigenes Schicksal, ein eigener
1842 3024 2926 3091 Staat, ein eigenes Volkstum ist ihnen viel zu mühsam und
1844 3071 2119 3139 zu gefährlich.
1916 3095 2921 3187 Die heutige Nummer der „Kritischen Gänge“ soll für
1849 3168 2911 3231 den deutschen Charakter des österreichischen Schrifttums
1852 3211 2920 3270 zeugen und gleichzeitig die gofährliche politische Situation
1849 3269 2926 3327 dieses deutschen Schrifttums in dem Oesterreich des Herrn
1846 3358 2911 3418 aufzeigen. Es soll den Deutschen in Oesterreich bezeugen,
1844 3408 2914 3465 daß wir sie und ihren bewundernswert heroischen Kampf
1848 3458 2922 3516 nicht vergessen haben und den Deutschen im Reich aus Herz
1847 3512 2918 3566 legen, daß sie diesen Kampf unterstützen müssen:
1852 3553 2927 3602 Indem sie die deutschen Dichter Oesterreichs lesen. In
1844 3598 2909 3657 unserem Artikel sind nur die jüngeren genannt, die das
1845 3645 2916 3707 Gesicht des kommenden Deutsch=Oesterreichs gestalten und
1850 3699 2916 3745 gestalten werden. Man muß natürlich auch die älteren
1840 3747 2918 3793 lesen, sofern sie zu dem deutschen Kampf von heute stehen,
1844 3794 2921 3844 wenn sie auch noch das Bild des alten Oesterreich in sich
1849 3839 2921 3896 tragen. Die Deutschen im Reich haben hier eine
1845 3888 2909 3945 schöne und dankbare Aufgabe. Im Dollfuß=Oester¬
1844 3947 2920 3992 reich sind diese deutschen Dichter zum größten Teil
1832 3982 2916 4028 verfomt. Darum müssen wir fest zu ihnen stehen. Ihr
1836 4025 2782 4074 Kampf ist unser Kampf. Ihr Sieg ist unser Sieg.
2303 4083 2853 4163 Wilhelm Westecker.
