3392 4320
1090 251 1540 348 box 40/6
160 251 929 363 0. Antisenitien
667 535 867 717 GR.
306 686 1143 809 „OBSERVER
387 772 1081 854 I. österr. behördl. konzessioniertes
347 827 1116 904 Unternehmen für Zeitungs-Ausschnitte
411 879 1041 967 WIEN, I., WOLLZEILE 11
486 941 968 1012 TELEPHON R-23-0-43
294 1057 662 1152 Ausschnitt aus:
290 1270 434 1349 vom:
833 1690 898 1757 4#
860 1678 1509 1792 ### Igerneine Zeitung, Wien
2053 1766 2287 1869 Wiener
421 1807 932 1891 Mittwoch, 11. Oktober
1752 1810 2548 1972 Allgemeine Zeitung
2189 1963 3157 2071 schmerzlose Strich, den Sami Fischer unter#
2207 2030 3097 2115 seine ganze Vergangenheit gemacht hat.
2205 2093 3095 2163 Man sieht wun, die ganze Literatur von
882 2105 1630 2201 FEALA
2196 2140 3099 2212 Richard Dehmel bis Georg Kaiser war nur
2194 2193 3098 2256 ein Gelegenheitsgeschäft. Sami Fischer
2197 2240 3098 2304 wirft sie über Bord und behält auf der
2200 2282 3099 2354 Arche Noah dieser Gesinnungsflucht vor¬
701 2228 1900 2356 Der Hazi Sami Fischer
2199 2334 3098 2408 läufig nur einen alten, gleich ihm geistes¬
2212 2365 3098 2456 gegenwärtig Getreuen zurück: Gerhart
2198 2434 3101 2506 Hauptmann, der mit dem gleichaltrigen
1300 2436 2181 2523 nicht mehr der alte, gütig skeptische Sami
469 2445 1284 2552 Man muß fie die Verbreitung dieser
2202 2488 3094 2552 Sami in der Unwürde des Alters und des
1301 2515 2191 2580 Fischer, der seine privat geistvollen Zweifel
383 2525 1298 2596 sensationellen Tatsache sorgen: Sami
2201 2539 2639 2614 Ruhmes wetteifert.
1303 2571 2195 2644 durch mitunter leichtfertig freigebige Vor¬
396 2572 1292 2642 Fischer, der weltbekannte Verleger Hof¬
2271 2571 3093 2673 Es war also ein Irrtum. Der ganze
1311 2621 1841 2684 schüsse wieder wettmachte.
389 2635 1292 2685 mannsthals, Schnitzlers, Altenbergs, Ger¬
2202 2651 3098 2706 Sami Fischer war ein Irrtum Es war gar
1391 2655 2185 2723 Mag sein, daß der alte, nicht ganz un¬
387 2659 1301 2740 hart Hauptnlänins, Thomas Manns, hat sich
2197 2703 3097 2768 nicht der gütige, brave, alte Konjunktur¬
1304 2705 2187 2786 freiwillig zum Patrizier seines Berufes
385 2732 1286 2794 beeilt, dem Hakenkreuz seine Reverenz zu er¬
2200 2745 3097 2806 ritter der Dichtung, über den wir so lange
1763 2759 2195 2821 er hatte eine kleine
1308 2767 1673 2827 gewordene Sami
397 2776 1285 2830 weisen. Sami Fischer ist heute ein sehr alter
2195 2811 3098 2862 wohlwollend belustigt Anekdötchen tausch¬
1311 2812 2194 2871 wirtschaftliche Fachzeitschrift herausgegeben,
384 2826 1296 2892 Herr und die Geschäfte seines Verlages wer¬
2203 2836 3100 2903 ten. Es war gar kein Großkaufmann des
1308 2861 2185 2918 bevor er beinahe aus Uebermut sich mit
387 2875 1295 2938 den von einem nahen Verwandten geleitet.
2208 2891 3104 2964 Geistes, sondern ein gerissener Krämer sei¬
1300 2914 2198 2975 Dichtern einzulassen begann — die jünge¬
382 2925 1296 2989 Diese Leitung hat sich auch in den letzten
2203 2936 3095 3009 ner Notwendigkeiten. Das ist die Wahrheit.
1305 2957 2196 3017 ren Geschlechter seiner Autoren nicht mehr
382 2975 1296 3031 Jahren des angeblich noch demokratischen
2205 2985 3099 3051 das muß die Wahrheit sein. — Im ande¬
1312 3003 2189 3069 ganz verstand. Er hatte mit großen Gei¬
394 3032 1284 3089 Deutschland durch energischen Ton und un¬
2205 3030 3114 3109 ren Falle, der ja heute leider in das Gebiet
1309 3051 2197 3120 stern Umgang gehabt, die seinen Instinkt
395 3075 1298 3135 höfliche Manieren, so unliebsam sie nur
2196 3073 3119 3146 uninformiertester Phantasie gehört, hätte¬
1312 3094 2185 3176 und seine im übrigen spekulativ ausgezeich¬
396 3124 1285 3181 konnte, bemerkbar gemacht. In den Um¬
2210 3130 3107 3199 der alte Sami Fischer seinen Verlagsladen
1303 3147 2197 3214 net beschlagene Treue gerne würdigten. Der
386 3176 1286 3242 gangsformen des S. Fischer=Verlages dürfte
2206 3179 3097 3247 gesperrt und dem Andenken seiner großen
1308 3198 2191 3263 Tod hat manche dieser Beziehungen und
393 3231 1289 3281 durch die Gleichschaltung keine Aenderung
2201 3231 3101 3296 Dichter wenigstens die Treue des Schwei¬
1310 3254 2200 3323 Verpflichtungen gelöst und die meisten
394 3280 1289 3337 eingetreten sein. Aber diese Umgangsformen
1303 3280 3070 3369 übrigen löst nun der rasche und offenbar gens gehalten. Ludwig Ullmann.
383 3329 1292 3394 sind natürlich andere gegenüber abhängigen
2021 3359 2125 3440 S
2241 3339 2533 3451 esceeselsce ene
386 3384 1302 3439 und noch nicht arrivierten Autoren oder ge¬
379 3429 1295 3508 genüber jenen Männern, die jetzt auch in den
386 3472 1295 3541 erfahrenen und konjunkturstcheren Aügen
391 3520 1301 3590 Sami Fischers Deutschlands Erretter aus
385 3564 1298 3633 tiefer intellektueller Schmach sind. Die Zei¬
392 3621 1299 3680 ten jenes schandbar und weichlich literari¬
394 3662 1306 3735 schen Deutschland haben freilich Sami
388 3720 1297 3789 Fischers großes Vermögen erbracht und die
396 3772 1299 3835 Massenauflagen seiner Bücher wurden von
384 3811 1302 3885 einem Publikum gekauft und gelesen, dem
392 3868 1299 3931 jetzt der Entdecker Schnitzlers und Alten¬
391 3931 1307 3984 bergs selbst einen beneidenswert ungenier¬
394 3970 846 4038 ten Fußtritt versetzt.
485 4009 1299 4090 Es ist nämlich in der Tat geschehen und
391 4076 1303 4137 es muß die Herren Goering und Goebbels
723 4131 1048 4194 W arspfe
