3344 4224
589 66 1464 135 Oeffentlichkeit nicht zugänglich
1521 76 2388 140 Die Liste der neuen Werke
407 122 1446 200 Berlin, 27. April (Eigenbericht). Die Sjube¬
1454 132 2650 214 Max Adler gänzlich, von S. Aufhäuser „Weltkrieg
2015 188 2068 222 77
370 173 1456 241 rung der Berliner Stadt= und Volksbüchereien von
1466 195 2647 259 und Angestelltenbewegung", von L. Bauer „Morgen
362 220 1459 289 marxistischen Schriften und solchen Werken, deren
1471 223 2638 273 wieder Krieg" und Die öffentliche Meinung" von
364 263 1455 342 Lektüre amtlicherseits nicht gefordert werden kann, ist
1465 257 2649 329 August Bebel „Die Frau und der Sozialismus“ von
1467 305 2645 371 Eduard Bernstein die „Geschichte der Berliner Ar¬
369 313 635 378 im Gange.
1477 353 2641 432 beiterbewegung“ die „Geschichte der deutschen Arbeiter¬
357 345 1478 414 Der Ausschuß hat den Bezirken und ihren Büchereien
1486 395 2644 462 bewegung", „Lassalle und der Sozialismus“ und „Die
313 413 1474 462 eine Anzahl von sogenannten Schwarzen Listen
1481 438 2645 507 Voraussetzungen des Sozialismus“ von N. Bucharin
311 457 1480 510 zugehen lassen, in denen die volksfremde und marxistische
1475 482 2642 553 „Das Programm der Kommunisten“ von F. W. Foer¬
313 502 1480 559 Literatur aufgezeigt ist, auf deren Ausmerzung es in
1472 526 2641 598 ster alles, von E. J. Gumbel „Verräter verfallen der
321 536 1479 588 erster Linie ankommt. Weiter wurden Listen über die
1471 566 2635 633 Feme“, von R. Hilfferding „Das Finanzkapital“,
316 578 1477 630 wichtigsten Bücher fertiggestellt, die für die Auf¬
1471 617 2647 661 von Kautsky alles außer „Der Bolschewismus in der
323 628 1472 683 füllung der entstandenen Lücken am ge¬
1478 652 2650 715 Sackgasse“ von Helen Keller „Wie ich Sozialistin
322 673 1474 723 eignetsten erscheinen. Ebenso liegen Listen der
1479 695 2637 755 wurde“ von Lassalle alles, außer „Assisenreden" und
316 720 1474 789 für die städtischen Lesesäle empfehlenswerten Zeitschriften
1472 739 2642 808 „Ueber den besonderen Zusammenhang der gegen¬
320 761 762 825 und Zeitungen vor.
1464 781 2628 829 wärtigen Geschichtsperiode mit der Idee des Arbeiter¬
358 791 1473 863 Im einzelnen stehen auf der Schwarzen Liste folgende
1461 816 2642 885 standes", von Lenin alles, außer „Der Nadikalismus,
331 841 983 919 Autoren, bzw. folgende Werke:
1460 869 2638 910 die Kinderkrankheit des Kommunismus“ und „Die Re¬
1451 909 2635 979 volution von 1917“ von Karl Liebknecht „Klassen¬
387 911 1424 977 Heinrich Mann und Stefan Iweig
1462 954 2637 1026 kampf gegen den Krieg", „Reden und Aufsätze“, „Milita¬
349 971 1467 1050 Schalom Asch, Henry Barbusse, Bertolt Brecht,
1461 994 2634 1066 rismus und Antimilitarismus“, „Studien über die Be¬
316 1027 1465 1085 Max Brod (ausgenommen sein Werk „Tycho Brahe"),
1467 1031 2640 1086 wegungsgesetze der gesellschaftlichen Entwicklung" von
319 1075 1463 1135 Alfred Doeblin (ausgenommen „Wallenstein“), Ilja
1467 1072 2622 1148 Lunatscharski „Kulturaufgaben der Arbeiterklasse“.
2440 1130 2484 1161 100
308 1109 1457 1168 Ehrenburg, Albert Ehrenstein, Arthur Eloes¬
1470 1120 2634 1186 von Thomas Mann „Von deutscher Republik 1923“ und
315 1163 1456 1215 ser, Lion Feuchtwanger, Iwan Goll, Jaroslav
1473 1168 2643 1234 „Deutsche Ansprachen 1930“ von Karl Marx alles, von
312 1207 1461 1262 Hasek, Walter Hasenclever, Arthur Holitscher,
1474 1218 2641 1271 Hugo Preuß „Deutschlands republikanische Reichsver¬
313 1250 1465 1305 Heinrich Eduard Jacob, Josef Kallinikow, Gina
1464 1244 2313 1317 fassung", „Staat, Recht und Freiheit“
2300 1255 2642 1321 „Verfassungs¬
312 1294 1464 1343 Kaus, Egon Erwin Kisch, Heinz Liepmann, Hein¬
1468 1303 2637 1374 politische Entwicklungen", von Walter Rathenau
319 1337 1465 1393 rich Mann (außer „Flöten und Dolche"), Klaus Mann,
1458 1342 1863 1414 „Der neue Staat“.
301 1365 1468 1443 Robert Neumann, Ernst Ottwald, Kurt Pin¬
306 1418 1475 1479 thus, Theodor Plivier, Erich Maria Remarque,
1606 1409 2488 1510 Okto Bauer und F. Mehring
296 1459 1484 1532 Ludwig Renn (aber nur sein Werk „Nachkrieg"), Alfred
1499 1495 2640 1564 Generell sollen aus der Abteilung Geschichte des Welt¬
309 1514 1459 1561 Schirokauer, Arthur Schnitzler, Richard Beer¬
1461 1538 2637 1603 krieges sämtliche pazifistischen und defaiti¬
304 1558 1460 1618 Hofmann, Ernst Toller, Kurt Tucholsky, Amold
1462 1577 2637 1646 stischen Schriften entfernt werden, aus der Abteilung
314 1606 1455 1661 Zweig, Stephan Zweig und von Adrienne Thonas
1457 1625 2615 1684 Geschichte Rußlands sämtliche probolschewistische
296 1655 1007 1710 das Buch „Katrin wird Soldat“.
1459 1665 2626 1744 Literatur. Im übrigen sollen u. a. ausgemerzt
1453 1707 1664 1762 werden:
505 1710 1279 1786 August Bebel und Lenin
1485 1727 2631 1802 Von Otto Bauer „Die österreichische Revolution“, von
345 1785 2107 1831 Hiebei sollen die nicht= und vormarxistischen deutschen Karl Tschuppik „Ludendorff“
2502 1805 2621 1857 der
2101 1786 2508 1858 „Wehrlos hinter
299 1819 2626 1902 Schriften der Abteilung Sozialismus von der Sperrung Front“, „Wie würde ein neuer Krieg aussehen?“ von
305 1871 2644 1945 ausgenommen werden. Im übrigen sollen verschwinden: Oskar Blum „Russische Köpfe", von Fischer=Baling
1407 2009 2586 2098 „Volksgericht" und „Die deutsche Revolution von 1918“
1408 2075 2584 2130 von Paul Hahn „Erinnerungen aus der Revolution in
1403 2106 2575 2181 Württemberg“ von K. Kersten „Bismarck und seine
1406 2148 2582 2226 Zeit“, von F. Mehring „Zur deutschen Geschichte" und
1405 2202 2580 2269 „Zur preußischen Geschichte“, von Müller=Franken „Die
1411 2244 1905 2318 November=Revolution“.
1495 2304 2509 2386 Ernst Glaeser und Alfred Polgar
1453 2356 2585 2423 Hier sollen verschwinden: von E. Elaeser „Fazit“,
1407 2419 2591 2479 von P. Panter „Pyrenäenbuch“ von A. Polgar „An
1417 2448 2587 2538 den Nand geschrieben“ „Hinterland", „Ich bin Zeuge",
1410 2491 2189 2569 von U. Sinclaire „Der Sündenlohn“
1448 2527 2598 2589 Wenn bei dieser Säuberung auch Werke von Bebel,
1416 2589 2583 2649 Marx und Lassalle betroffen werden, so bedeutet das na¬
1411 2614 2589 2696 türlich nicht, daß diese Bücher überhaupt
1410 2675 2591 2730 nicht mehr der Oeffentlichkeit zugänglich
1405 2716 2589 2770 sind. Wer ihre Lektüre aus Studiengründen betreiben
1412 2768 2581 2826 muß, dem stehen die staatlichen Büchereien zur Verfügung.
1408 2814 2586 2874 In Volksbüchereien jedenfalls haben sie kaum etwas zu
1415 2840 1583 2926 suchen.
1637 2894 2348 2981 Billinger und Salomon
1442 2945 2588 3026 Die Liste derjenigen Werke, die anzuschaffen sind, ist
1400 2997 2593 3072 sehr groß. Es zeigt sich hiebei, daß sehr bekannte deutsche
1419 3058 2588 3119 Autoren und hervorragende Werke von ihnen überhaupt
1410 3099 2579 3168 in den Volksbüchereien der Stadt gefehlt haben. Im ein¬
1407 3139 2305 3202 zelnen werden zur Anschaffung empfohlen:
1460 3193 2583 3239 Von Alverdes „Pfeiferstube“ und „Reinhold oder
1408 3226 2586 3281 die Verwandelten“ von Beste „Das heidnische Dorf“, von
1418 3276 2591 3346 Billinger „Asche des Fegefeuers", von Bergengrün
1409 3316 2599 3383 „Der goldene Griffel“ „Das Buch Rodenstein“, „Das
1414 3344 2586 3417 Brauthemd" u. a., von Blank „Preußische Anek¬
1407 3388 2585 3470 dote", von Bohlmann „Die silberne Jungfrau“ von
1412 3426 2584 3493 Brehm „Apis und Este“ und „Das war das Ende“, von
1417 3485 2589 3556 Brues „Jupp Brand“ und „Der Walfisch am Rhein“, von
1414 3514 2595 3585 Euringer „Fliegerschule IV“, von Fechter „Das war¬
1414 3576 2586 3631 tende Land“, von Gilbert „Laternenpfähle warten“, von
1419 3619 2598 3673 Emelin „Kaiserreich in Trümmern“, „Angesicht des Kai¬
1412 3665 2588 3720 sers“ „Das neue Reich“ von Haensel „Der Kampf
1410 3700 2586 3786 ums Matterhorn“, „Das war Münchhausen“ von Haken
1423 3733 2584 3811 „Fall Bunthund“, „Angeklagter Schleppegrell“ von Hart¬
1412 3774 2593 3845 mann „Fäuste, Hirne, Herzen!“ von Friedrich Wilhelm
1424 3830 2583 3898 Heinz „Sprengstoff“, „Die Nation greift an“, „Kame¬
1419 3883 2588 3933 raden der Arbeit“ von Heyk „Armin der Cherusker“ von
1410 3913 2583 3977 Max Mohr „Die Heidin“ und „Freundschaft von Ladiz“,
1412 3968 2585 4029 von Ernst v. Salomon „Die Geächteten“ und „Die
1418 4016 2605 4082 Stadt“ von Franz Seldte „M. G. K.“ u. a., von
1412 4056 2272 4117 Steguweit „Der Jüngling im Feuerofen“.
