3344 4320
365 417 1338 490 Mitteilungen des Freiheltsbundes Wien
370 546 1511 621 stehen, daß das deutsche Volk durch den Ein¬
367 608 1513 682 fluß des Judentums einen ungeheuren Schaden
363 660 1514 753 erlitten hat. Da wir die Ueberzeugung hegen,
366 738 1504 789 die Quellen dieses zersetzenden Einflusses
360 775 1501 851 lägen in der geistigen Hallung sehr vieler heu¬
363 830 1499 900 tiger Juden, soweit sie sich von jeglicher Bin¬
364 886 1514 959 dung gelöst haben, begründet, darum glauben
370 942 1501 1009 wir auch, es müsse zunächst mit einer zahlen¬
370 1004 1513 1072 mäßigen Zurückdrängung und Verweisung der
366 1061 1506 1133 Juden aus einflußreichen und verantwortungs¬
369 1131 1512 1180 vollen Stellen begonnen werden. Nicht Rassen¬
375 1168 1513 1243 haß und nicht persönliche Feindschaft treibt uns
370 1243 1503 1301 zu dieser Forderung an, sondern das Bewußt¬
366 1284 1514 1354 sein von einer sittlichen Verpflichtung zur
370 1336 1508 1427 Pflege und zum Schutz christlich-deutscher
380 1406 1518 1473 Kultur und Traditien. Auf jeden Fall halten wir
387 1452 1512 1527 Christen die Annahme für berechtigt, daß ein
374 1515 1521 1580 gläubiger oder doch traditionsgebundener
380 1570 1514 1654 Christ gegebenenfalls eine höhere Gewähr bie¬
385 1640 1519 1705 tet für die Verwirklichung christlicher Ideen im
389 1688 1173 1772 öffentlichen Leben als ein Jude.
475 1768 1523 1831 Ob die Ordnung in der Judenfrage in
392 1826 1520 1890 Oesterreich in dem im Vorausgehenden ge¬
386 1881 1531 1944 kennzeichneten Sinn auf gesetzlichem Weg.
395 1935 1523 2007 etwa durch ein Minderheitengesetz oder durch
392 1999 1529 2072 die praktische Au ützung der im Rahmen der
380 2069 1522 2121 bestehenden Verfassung gegebenen Möglich¬
388 2123 1521 2173 keiten erfolgen soll, das zu entscheiden be¬
400 2162 1524 2230 trachte ich nicht als meine Aufgabe. Das wirk¬
391 2215 1526 2282 samste und von meinem Standpunkt aus wün¬
401 2277 1531 2339 schenswerteste Mittel, weil es jede Demütigung
396 2330 1537 2392 ausschließt, wäre eine bewußte Zurückhaltung
409 2391 1080 2470 von Seite der Juden selbst.
487 2478 1531 2545 Am Donnerstag, den 19. März l. I., wehrte sich der
408 2540 1543 2600 Wiener Vizebürgermeister und Gewerbeführer Dr. Josef
400 2583 1531 2642 Kresse in einer vom Oesterreichischen Gewerbebund ver¬
408 2627 1538 2681 anstalteten Versammlung gegen die Angriffe eines über¬
406 2681 1224 2744 mütig gewordenen Judentums und sprach:
490 2762 1547 2822 In letzter Zeit haben sich die gegen mich
418 2806 1542 2868 von jüdischer Seite erhobenen Vor¬
405 2858 1549 2938 würie und Verdächtigungen in auf¬
400 2915 1550 2979 fälliger Weise gehäuft. Man legt mir zur Last,
404 2997 1556 3039 daß ich angeblich in der freien Organisation
413 3040 1558 3110 des Wiener Gewerbes bei der Aufnahme von
406 3102 1546 3150 Mitgliedern partelisch oder gur nach rassen¬
416 3147 1551 3224 politischen Grundsätzen vorgehe und ich hätte
423 3216 1549 3274 mich dadurch angeblich in Widerspruch zur
413 3269 1164 3334 geltenden Verfassung gesetzt.
507 3350 1558 3399 Dieser Auffassung möchte ich zwei Dinge
420 3399 833 3474 entgegensetzen:
599 3476 1474 3553 Zum ersten die Feststellung, daß
509 3538 1479 3614 der Oesterreichische Gewerbebund eine
514 3603 1478 3670 freie Organisation ist, daß also kein
517 3655 1480 3728 Funktionür verpflichtet ist, wahllos Mit¬
516 3707 1496 3783 glieder aufzunehmen. Zum zweiten
1610 524 2584 602 möchte ich hier vor aller Oeffentlich¬
1618 598 2573 661 keit darauf verweisen, daß ich bei Mit¬
1615 644 2575 716 gliederaufnahmen niemals nach den
1624 701 2567 769 Gesichtspunkten des Rassenantisemitis¬
1622 760 2191 822 mus vorgegangen bin.
1619 831 2660 904 Ich stehe aber auch nicht ab, zu erklären,
1539 888 2657 953 daß wir uns sehr wohl daran erinnern, wie sich
1537 945 2674 1026 die Wiener Judenschaft und im be¬
1538 1022 2666 1070 sonderen die jüdischen Gewerbe¬
1548 1073 2676 1133 treibenden in den jahren der
1539 1114 2679 1185 marzistischen Vorherrschaft in
1548 1166 2692 1243 Wien benommen haben. Ich darf
1534 1236 2665 1303 Sie daran erinnern, daß die radi¬
1535 1279 2682 1358 kulsten Sozialdemokraten, die
1535 1352 2677 1419 schon halb und halb im kommuni¬
1541 1410 2670 1462 stischen Lager gestanden waren,
1549 1456 2676 1537 zumeist Juden waren und ich er¬
1538 1503 2675 1595 innere Sie auch daran, wieviel
1553 1571 2685 1637 Unheil durch gewisse eben erst
1548 1630 2680 1697 zugewanderte juden angerichtet
1555 1682 2679 1747 wurde, mit weichen Mitteln viele
1543 1733 2676 1824 von ihnen das bodenständige Ge¬
1540 1779 2682 1857 werbe konkurrenzierten und wie
2544 1840 2682 1911 z u¬
1541 1850 2530 1924 diese Elemente alte Firmen
1553 1904 2519 1984 grundezurichten versuchten.
1627 1964 2690 2060 Es ist daher durchaus mein
1549 2043 2682 2118 gutes Recht, wenn ich vom Oester¬
1556 2090 2691 2168 reichischen Gewerbebund die
1551 2135 2694 2217 Leute fernhalle, die sich in der
1555 2194 2691 2269 roten Aerdals die lautesten Rufer
1554 2243 2686 2340 im Kampf gegen das bodenstän¬
1568 2299 2702 2382 dige Bürgertum erwiesen und sich
1565 2365 2697 2449 durch ihre Geschüftspraktiken
1570 2414 2697 2514 schon von vornherein außerhalb
1556 2469 2709 2546 des Kreises des reellen Wiener
1569 2541 2695 2608 Handels- und Gewerbestandes ge¬
1555 2595 2705 2666 stellt haben. Ich stelle auch ausdrücklich
1565 2642 2702 2728 fest, daß nachträgliche Loyalitätserklärungen
1574 2705 2706 2773 und Beteuerungen auf mich so lunge keinen
1571 2764 2704 2834 Eindruck machen können, als ich nicht dafür
1569 2815 2702 2893 die Gewähr habe, daß die aufnahmeheischen¬
1572 2889 2693 2946 den Juden sich auch wirklich innerlich umge¬
1572 2952 1900 3023 stellt haben.
1649 3001 2705 3085 Ich begrüße es von ganzem
1571 3064 2713 3134 Herzen, daß Pater Bichlmair in
1576 3129 2706 3190 seinem kürzlich gehaltenen Vor¬
1582 3167 2718 3239 trag mit aller Offenheit zur Frage
1586 3228 2719 3314 des Judentums Stellung genom¬
1583 3279 2717 3360 men hat. Ich habe den Ausführun¬
1585 3338 2715 3414 gen Pater Bichlmairs nichts hinzu¬
1582 3400 2722 3464 zufügen und gebe hier öfientlich
1589 3450 2730 3526 die Erklärung ab, daß ich die
1595 3505 2720 3580 Stellungnahme des Paters Bichl¬
1595 3564 2725 3639 mair voll und ganz ais Richt¬
1593 3623 2740 3701 schnur für mein Tun und Lassen
1595 3701 1975 3767 anerkenne.
