3204 4352
1062 275 1538 381 box 40/6
117 278 912 392 0. Antisenitisn
522 845 2778 930 Die jüdischen Vespers sind nicht neu in der Geschichte. Die Juden¬
542 942 2736 1059 emancipationen beschäftigen seit Jahren alle Länder, selbst die
549 1086 2738 1180 wo Albions siegreiches Banner weht, was Vunder, dass schon eine
538 1144 2732 1278 Masse Pamphletsund Verteidigungen derselben in den paar Stunden
543 1308 2700 1404 entstanden, die zwischen der Nacht der Despotie und dem Morgen
552 1404 2610 1512 der neuen Freiheit lagen. Nenn die Juden mit ihrer Bitte um
543 1521 2863 1612 Gleichstellung der Cofession nicht durchdringen, so haben sie diess
556 1606 2756 1702 zuvörderst einen alten ÜUbel, dem der Voreiligke it zu verdanken.
542 1733 2649 1841 Die Bitte kann der Grabstein ihrer Nünsche werden, wer um ein
543 1837 2760 1951 Recht bittet verdächtiget dasselbe, sie hätten die Emancipetien,
552 1931 2782 2036 als ein lang zurückgehaltenes Gut empfangen, nicht in den Kaffee¬
548 2050 2701 2164 häusern darum suppliren sollen, sie hätten den guten Eindruck,
538 2149 2895 2280 den ihr Muth, ihr Geneinsinn erregt hat, nicht durch eine kriechende
546 2268 2833 2378 Bitte verwischen sollen. Noch mehr als die Juden sich selbst, noch
549 2382 2670 2466 mehr, als die kleingeisterische Schaar der Hepp Hepp Schreyer
544 2489 2851 2596 schadet ihrer Sache die grossherzigen Unterstützer der Emancipatia#)
544 2608 2872 2709 mit ihren Flugblättern und Zeitungsaufsätzen. Ver mich vertheidiget
546 2716 2711 2821 der Beleidiget mich, die gute, die gerechte Sache bedarf keines
545 2825 2739 2898 Anwaltes, sie spricht für sich, und wer es mit den Juden, wer es
550 2930 2805 3023 mit ihren unveräusserlichen Rechte gut meint, der schweige,so wie
551 3040 2902 3126 sie selber schweigen sollen, sie mögen sich ihr Heil von den nächsten
550 3147 2808 3267 Jahren erwarten die Zeit liegt in schweren Nöthen, vas sie gebärt
551 3277 2795 3355 weiss Niemand, aber die unzeitigen Geburtshelfer werden Mutter und
543 3371 1009 3487 Kind tödten.
537 3476 2766 3616 Die Judenfrage ist dennoch keine solche des Rechtes, sie ist ein
539 3622 2710 3706 Gegenstand der Neigung, der Jude ist dem dem grossen Theile des
560 3699 2740 3772 Volkes ein Gegenstard der Antipathie. Niemand sagt, der Jude hat
546 3812 2796 3916 kein Recht ein Jurist, ein Beamter, ein Professor u.s.w. zu sein,
