3344 4352
187 239 1591 348 0. Antisemitism box 40/6
708 687 1172 796 BBBERWER‘
652 760 1252 855 ien, I., W#zee5 1
710 832 1203 922 Teisfon R-22-0-43
828 1031 1244 1136 Der Kikerish, Wien.
670 1114 1163 1220 27. N0V. 132
716 1252 1124 1325 Casanova-Ersatz.
508 1315 1227 1387 Der Casanova kehrt aus Brüx
515 1373 1328 1448 heim nach Denedig, das schad't nix,
512 1418 1142 1487 Er mag nun ruhen dorten.
499 1461 1325 1541 Ihm müssen nicht nachtrauern wir,
500 1515 1170 1583 Wir haben ja die Reste hier
500 1563 1304 1636 Don — Schnitzler und Kohnsorten!
473 2270 1335 2374 „OBSERVER
575 2354 1280 2414 I. österr. behördl. konzessioniertes
544 2404 1308 2471 Unternehmen für Zeitungs-Ausschnitte
619 2463 1233 2536 WIEN, I., WOLLZEILE 11
685 2520 1164 2583 TELEPHON R-23-0-43
501 2655 854 2735 Ausschnitt aus
830 2662 1399 2761 Dies Tagenzerlung Hies
1018 2762 1204 2847 FEB.
693 2828 915 2922 Kae
511 2874 672 2950 vom:
1404 2883 1569 2974 JIm
1576 2919 2789 2977 he außerordentlich wichtig, da sie zur Stärkung des Deutsch¬
1572 2949 2780 3020 t# tums an gefährdeten Stellen dienen können. Hier wäre
414 2965 1554 3041 „Wissen der Zeit“ gab am Sonntag Dr. Franz Hancar
1631 2997 2785 3055 es von Wert, durch geeignete Vortragende eine Reihe
1581 3010 1631 3067 E
415 3008 1562 3069 eine Zusammenfassung über „Neue Forschungen auf dem
1635 3049 2777 3096 sprechen zu lassen, das wäre eine kulturelle deutsche Tat,
413 3031 1576 3121 Gebiete der Urgeschichte“. Dieser Vortrag war ein Bericht
1571 3069 2784 3143 ? die den Volksgenossen in der Fremde zeigen könnte, daß
420 3092 1575 3160 vom Londoner urgeschichtlichen Kongreß, bei dem auch die
1626 3124 2792 3182 sie auch bei uns nicht ganz vergessen sind. Es wird aber
419 3117 1598 3194 Arbeiten österreichischer Gelehrter, vor allem Professor
1625 3166 2786 3220 auch für Österreichs Rundfunk ein Tag kommen, er ist
422 3175 1571 3244 Menghins, Aufsehen erregten. Um gleichen Tage sprach
1638 3207 2782 3272 nicht mehr fern, der Ahnliches bringen wird wie der
424 3202 1581 3292 Dr. Erwin Barta, Obmannstellvertreter des Deutschen
1651 3255 2788 3307 0. Jänner dem deutschen Rundfunk. Wer das große Glück
426 3253 1598 3325 Schulvereines Südmark, über das Thema „Am Fuße der
1656 3298 2784 3342 htte, an diesem Tage den auf alle deutschen Sender über¬
425 3304 1579 3383 Beskiden“. Es ist außerordentlich wichtig, auch im Rund¬
1664 3337 2780 3402 sagenen Bericht vom Fackelzug der S. A. in Berlin zu
425 3338 1585 3424 funk über Fragen des Auslanddeutschtums etwas zu hören.
1663 3382 2785 3439 hren Hindenburgs mitzuerleben, der bekam einen Be¬
431 3385 1580 3461 Leider kann man von unserem Sender nicht behaupten,
1658 3421 2793 3493 riff von der wahren Sendung eines deutschen Rund¬
418 3432 1583 3505 daß er für diese volklich so bedeutenden Angelegenheiten viel
1665 3464 2782 3529 inks. Fast schien es, als ob den Berichterstattern die
434 3479 1576 3551 übrig hat. Hie und da, gnadenhalber und zusammenhanglos
1673 3514 2782 3571 orte fehlten, das Gesehene und Gefühlte auszudrücken.
426 3517 1594 3598 eingestreut, werden solche Vorträge bewilligt. Wie dieser eine
1672 3561 2791 3617 ir aber müssen noch volksfremden, jüdischen Geist, er¬
437 3559 1592 3623 Vortrag zeigte, sind aber Berichte über solche Fragen
1682 3592 2793 3643 lden, Dr. Ruth Weiß in einer aktuellen Stunde, Dok¬
1703 3635 2800 3690 Hans Ewald Heller über Musik, Dr. Born über
1679 3669 2793 3733 nst plaudern hören, und Dr. Kleinberg einen Hof¬
1683 3729 2795 3786 unsthal, Freud und Schnitzler verherrlichen lassen. Aber
1695 3761 2794 3836 bei uns werden die erlösenden Worte durch die Ather¬
1702 3803 2791 3874 en durch das ganze Land, bis in den letzten Winkel,
1713 3853 2609 3933 igen werden — Deutschland erwache!
2578 3877 2753 3970 H. W.
