3392 4320
1681 181 2990 297 —.—
1117 226 1596 350 box 40/6
169 238 967 355 0. Antisenitisn
899 658 2056 767 GEISTLTCHE und JUDEN
1050 822 1404 952 Ein Nort 2
1480 827 1917 936 seiner Zeit.
1354 909 1511 1006 Von
1106 980 2015 1121 Moritz Markbreiter. (1848)
592 1287 2881 1396 Zwei Klassen der Bevölkerung einander entgegengesetzt im Glauben,
610 1382 2964 1506 in der Stellung, in ihren Wirken, ihrem Streben, ihrem Handeln, ihrem
610 1527 2831 1605 Schaffen, sind es, die in unsrer so stürnischen Zeit, als Blitz¬
611 1616 2903 1728 ableiter bestimmt zu sein scheinen, in velche die unheilschwvangeren
620 1723 2843 1838 Wolken, mit denen unser politischer Horizont überdeckt ist, sich
620 1830 1222 1954 entladen sollen.-
613 1944 2877 2059 Die Priesterkaste, mit ihren tausendjährigen Vorrechten, mit ihren
619 2058 2976 2161 Privilegien, mit der Unantastbarkeit ihres Gewandes,bisher geschützt
617 2152 3002 2260 durch des Volkes eigenen Glauben, durch den mächtigen Glanz der Tiara,
613 2258 2976 2386 durch die Mächtigen, die auf den Thronen Europas sitzen,sie sind die
620 2381 3126 2489 einen, gegen welche Vogen des entfesselten Cceans zu überfluthen drohen,
612 2509 3062 2602 ihnen gegenüber stehen die Parias alter Nelt. Der Eris Apfel der Meinun¬
616 2602 2920 2718 gen, der Fangball der Nationen, die Kinder Jacobs und Israels, die
624 2717 2888 2803 unzerstörbaren, vereinzelt dastehenden und in ihrer Schwäche noch
617 2828 2788 2926 immer mächtigen Juden. Und sonderbar, während sich nun für die
621 2949 2965 3053 letzteren Stimmen erheben, um ihre Rechte aufrecht zu erhalten, oder
630 3067 2919 3162 vielnehr um ihnen zu jenen zu verhelfen, auf die jeder lensch schon
624 3145 3000 3270 durch seine deburt Anspruch hat,stehen die andern jetzt beinahe hilf¬
614 3273 2999 3363 1os, schutzlos da. Preisgegeben den Anschuldigungen einer zahlreichen
622 3376 3097 3479 Volksmasse unterstützt durch das Furfgeschütz, der freigenachten Presse,
622 3502 3084 3583 der Grund dieser sonderbaren Erscheinuig ist nicht schwer zu enträtseln.
618 3594 3130 3690 Die Verfolgung eines Theiles der Priesterkaste ist neu, wo man auf keinen
610 3704 2961 3808 Angriff rechnet ist auch die Gegenwehre nicht so schne11 fertig, bei
616 3827 2297 3944 den Juden ist sie so alt, wie die Nation selbst.
2106 3975 2359 4164 S
2304 4076 2448 4169 S
