3344 4320
1095 277 1556 381 box 40//6
141 284 947 399 0. Antisenitien
1409 762 3306 872 seine Ausführungen. So schreibt Dr. Pistiner: „Den Judentum und seine geistigen Werk
330 799 1394 883 Wir spielten mit den heiligsten Gütern des deutschen Vol¬
2554 832 3309 903 großen Menschheitstaten der Geschich
1413 847 2540 923 Juden daraus einen Strick zu drehen, daß sie in dieser
282 859 1390 918 kes und trieben zuweilen auch noch Spott mit all dem, was
2548 883 3312 950 Christus, Spinoza, Marx werden
280 893 1404 950 der Nation heilig ist. Wir spielten uns als die Sittenrichter
1408 891 2549 973 (deutschen) Kultur ein= und aufgingen“ — das ist Czer¬
2998 930 3041 968 7
2550 934 3052 1001 Menschheit genannt...
284 935 1397 999 des deutschen Volkes auf und gossen aus vollen Schalen
1409 946 2545 1013 nowitzer Deutsch! — „dazu gehört eben jener unver¬
286 972 1394 1027 Satiren über das Haupt des deutschen Michel. Wir machten
2597 955 3319 1051 Dieser Haß, diese maßlose Überhel
1416 975 2563 1062 frorene pöbelhafte Nationalwahn, wie er sich jetzt in
623 1013 1408 1075 Marx, Lassalle, Bernstein, Luxemburg,
292 1023 564 1079 Revolutionen
2553 1025 3296 1094 gerade, deren das deutsche Volk siche
1413 1053 2554 1110 Deutschland austobt". Oder — Dr. Teich im „Czerno¬
282 1047 1395 1096 Eisner. Und dagegen lehnte sich die deutsche Nation auf,
2554 1071 3299 1145 lich von sich abschütteln will. Zur R
291 1080 1406 1147 revoltierte. Sie wollte ihr Schicksal selbst schmieden. Und das
1395 1086 2547 1185 witzer Morgenblatt": „Denn der „Geist“ der vom Drit¬
2552 1120 3309 1182 Abwehr bedarf es zwar nicht erst jüd
283 1137 930 1209 durfte ihr nicht verargt werden.“
1418 1136 2540 1205 ten Reich kommt, ist Rückfall in die Zeit, da wilde Hor¬
2570 1168 3314 1231 nisse, wie Dr. Reifer sie seinem Vo
294 1175 1395 1252 Der Antisemitismus als die Abwehr
1413 1185 2544 1250 den Met tranken, um Weiber und Tiere würfelten und
2557 1224 3309 1284 solche Selbsterkenntnis zeigt den We
245 1234 1402 1302 des Antigermanismus — das ist der Sinn der
1419 1242 2562 1301 lächelnd Menschen gemordet haben. Wir werden unsere
2562 1269 3312 1333 des jüdischen Problems über die i
252 1277 1407 1356 Darlegungen Dr. Reifers. Haben wir Juden selbst es
1413 1277 2570 1355 Fahne hoch halten, bis uns und der ganzen
1410 1313 3221 1394 [Menschheit Gerechtigkeit widerfahren wird... Das wendigkeiten des Tages hinaus.
260 1331 1404 1395 denn anders gemacht, fragt er weiter? Haben die Mak¬
260 1371 1410 1449 kabäer nicht auch Kampf geführt gegen fremde, unjüdische
251 1421 1417 1483 Art? Haben wir nicht die Samariter aus unserer Ge¬
249 1468 1426 1524 meinschaft ausgeschlossen? „Wir müssen lernen, den Gang
260 1522 1434 1590 der Geschichte zu verstehen, wenn dieser Weg auch mit
258 1569 1437 1651 jüdischem Blut bespritzt ist.“ Dr. Reifer geht aber noch
249 1609 1428 1672 weiter: Das Schicksal, das die Assimilanten über die
257 1666 1427 1735 Juden Deutschlands heraufbeschworen haben, das kün¬
265 1731 1434 1793 digt er heute schon auch den Juden Rußlands an;
264 1754 1435 1821 denn an den Verbrechen des kommunistischen Systems
269 1802 1440 1889 seien Juden führend beteiligt, zugleich vollziehe sich ein
258 1854 1445 1919 ungeheurer Assimilationsprozeß, der böse Folgen haben
269 1892 1444 1973 werde. Etwaige Einwände, daß die Lage der Juden in
268 1935 1445 2015 Italien, Frankreich, England seine Auffassung wider¬
279 1995 1450 2070 lege, weist Dr. Reifer von vornherein ab: In Italien
272 2035 1451 2123 zum Beispiel gäbe es weniger Juden als
266 2081 1443 2170 in Czernowitz allein, aber auch dort und ebenso
270 2132 1450 2209 in den anderen Staaten seien Anfänge einer antijüdischen
285 2200 871 2272 Bewegung zu verzeichnen.
332 2243 1451 2312 Was Dr. Reifer als Lösung des Judenproblems vor¬
282 2284 1451 2369 schlägt, kann nicht zweifelhaft sein; er will einen Modus;
275 2339 1446 2413 vivendi zwischen Mehrheits= und Minderheitsnation her¬
283 2384 1461 2469 stellen. Wenn auch Palästina heute noch nicht eine be¬
288 2435 1458 2509 friedigende Antwort auf die Judennot geben könne, und
289 2495 1460 2560 zwar, wie er ausdrücklich hervorhebt, weil die Juden
287 2519 1458 2626 selbst es nicht wollten und die Zeit verpaßten, so müsse
288 2586 1459 2654 es doch ausgebaut werden als Heimat des Judentums.
292 2623 1464 2695 Sei es auch nur als ideelle Heimat der außerhalb Palä¬
285 2669 1461 2751 stinas verbleibenden jüdischen Volksgruppen, die erst
292 2708 1461 2787 dann wieder einen Rückhalt bekämen. „Und dann wird:
285 2763 1466 2846 sich auch die Lage der Juden in der übrigen Welt ver¬
289 2813 1470 2897 bessern. Man wird sie achten, schätzen als Zweige einer;
300 2868 1246 2956 großen jüdischen Gemeinschaft in Palästina.“
340 2928 1483 3000 Man kann sich leicht vorstellen, daß dieser Aufsatz wie
301 2970 1482 3055 eine Bombe eingeschlagen hat. Die Judenschaft von
303 3017 1481 3097 Czernowitz tobt, denn sie weiß, daß jetzt „das große Auf¬
298 3060 1474 3159 bauwerk der Verteidigungsstellung zertrümmert ist". Da¬
304 3109 1485 3190 her die groben Beschimpfungen Dr. Reifers. „Konjunk¬
296 3169 1486 3237 turbeflissen beschmutt er das eigene Nest“, schreibt ein
299 3226 1484 3295 Dr. Pistiner; seine „zynische, gottverlassene schwarze¬
314 3258 1475 3348 Vision“ wird ein „fluchwürdiges Attentat“ ein „unge¬
310 3298 1488 3396 heuerliches Dokument samoser Unwissenheit, Sklaven¬
305 3344 1492 3438 moral und nationaler Persidie“ genannt. Man verhöhnt?
317 3403 1491 3477 den Autor; er habe wohl „mit Hermannt dem Chernsker;
317 3466 1486 3535 im Teutoburgen Wald Eicheln gegessen“, und man ver¬
312 3503 1490 3594 dächtigt ihn in ganz typisch jüdischer Weise: weil Doktor
310 3554 1493 3634 Reifer den Aufsatz in Franzensbad geschrieben hat, sucht
321 3610 1403 3683 man ihn als Produkt einer Krankheit hinzustellen.
359 3659 1493 3727 Aber diese wilden Aufschreie zeigen doch nur, wie tief
326 3702 1498 3786 und fest der Pfeil sitzt. Ja, gerade die gehässigsten An¬
332 3758 1500 3842 griffe gegen Dr. Reifer sind die besten Beweismittel für
367 3865 1527 3966 Mittwoch, 4. Oktober, 20 Ul
374 3930 1518 4037 Großer Konzerthaussaa
363 4019 1522 4106 Mitwirkende: Das „Wiener Richard Wagner=Orchesten
