3344 4320
1070 229 1520 321 box 40/6
129 240 905 344 0. Anfisenitien
557 810 1436 890 CASINOS IN OSTERREICH
657 883 1341 951 Baden Salzburg Semmering
559 930 1431 986 Roulette — Baccara — Chemin de fer
566 973 1434 1062 Österreichische Casino A. G.
558 1050 1440 1098 Wien III, Schwarzenbergplatz 5a
545 1142 1052 1231 „OBSERVER“
812 1217 1426 1277 I. österr. behördlich konzessioniertes
791 1267 1427 1316 Unternehmen für Zeitungs-Ausschnitte
792 1304 1425 1350 Wien I. Wollzeile 11, Telephon R-23-0-43
550 1445 941 1524 Ausschnitt aus:
985 1518 1343 1633 (Die Sinadig. winr
549 1645 1311 1754 vom: —7. MAl 1935
769 1894 1927 2019 Das verfolgte Buch
507 2016 2247 2076 Mit der zunehmenden Verschärfung des Entschädigung, keine Rückgabe, keinen
468 2060 2235 2120 Kurses im Dritten Reich geht die Verfol-Rechtsschutz. Um nur Beispiele anzuführen:
483 2119 1364 2177 gung österreichischer, wenn auch freilich
1370 2116 2242 2174 Teils durch Verbot, teils durch Beschlag¬
477 2159 1347 2205 nicht nur österreichischer Autoren, und der
1360 2153 2255 2213 nahme sind dem Buchhandel des Dritten
478 2198 1354 2251 Krieg gegen ihre Verleger Hand in Hand.
1362 2202 2252 2246 Reiches entzogen die Werke von Stefan
475 2238 1349 2295 Es genügt mitunter, daß ein Buch aus Öster¬
1362 2245 2244 2299 Zweig, von Werfel, Schnitzler,
1355 2291 2248 2345 Roda Roda, Salten, ja sogar von
470 2288 1360 2354 reich kommt, um es verdächtig scheinen zu
1369 2332 2255 2394 Hofmannsthal; ebenso alle Werke von
481 2327 1349 2380 lassen. Ausgenommen sind lediglich
1366 2371 2247 2442 Freud und alle Bücher des Internationalen
477 2373 1360 2431 die Jelusich, Reinalter, Spunda, Urbanitzky
1362 2417 2239 2472 Psychoanalytischen Verlages. Romain Rol¬
472 2401 1351 2475 und andere, die zur Partei gehören oder ihr
1357 2459 2245 2516 land darf nicht verkauft werden, sei es
476 2457 1348 2506 nahestehen — ihnen wird sogar der öster¬
1366 2503 2247 2562 um des Autors willen, sei es wegen der nicht
477 2501 1347 2549 reichische Verleger, den es für derlei noch
1360 2544 2095 2604 genehmen Ubersetzer. Ebenso steht
472 2544 1346 2607 immer gibt, nachgesehen — ohne daß aber
481 2588 1367 2653 solche Verleger davor geschützt wären, an¬
1467 2599 2145 2657 Shaw auf der schwarzen Liste,
479 2621 1357 2682 dere, auch vollkommen harmlose Erzeug¬
1366 2640 2232 2711 den Siegfried Trebitsch übersetzt hat. Eben¬
476 2670 1349 2738 nisse ihres Unternehmens gleichfalls ver¬
1361 2690 2242 2739 so Galsworthy, übersetzt von Schalit.
477 2718 1356 2772 boten zu sehen. Wäre in alledem etwas
1365 2735 2244 2812 Verboten ist auch Gide, verboten Jack
490 2761 1360 2811 weniger Zufall und etwas mehr System, so
1368 2776 1607 2847 London!
476 2798 1361 2855 könnte man von einem systematischen Feld¬
1396 2812 2246 2897 Man kann sich denken, daß diese Verbote
471 2848 1364 2902 zug gegen die österreichischen Verleger
1365 2877 2253 2938 und Beschlagnahmen eine Katastrophe vor
493 2881 1357 2952 mehr noch als gegen die österreichischen
1365 2930 2248 2978 allem für den Buchhandel in Deutschland
500 2940 874 2996 Autoren sprechen.
1364 2973 2241 3029 bedeuten, zu dessen täglichem Brot diese
525 2973 1348 3028 Schlimmer aber als die offiziellen Verbote
1370 3011 2260 3078 Autoren gehört haben. Selbst ausgesprochen
480 3026 979 3085 sind die viel häufigeren
1359 3064 2233 3110 nationalsozialistische Büchereien und Buch¬
618 3058 1238 3135 Beschlagnahmen von Büchern
1368 3100 2240 3147 handlungen haben sie geführt. Eine andero
491 3130 1359 3188 durch die Gestapo. Das Buch, das getroffen
1368 3144 2249 3199 Frage ist es, ob für den Schutz der Autoren
485 3166 1358 3222 werden soll, wird nicht verboten, sondern
1371 3173 2250 3237 und der österreichischen Verleger nichts
478 3212 1364 3272 es wird einfach dem Kommissionär in Leip¬
480 3228 2248 3301 zig untersagt, es auszuliefern und die vor. (geschehen kann. Proteste fruchten wenig.
1371 3267 2243 3342 Hiesigen Sachverständigen scheint das ein¬
487 3301 1366 3350 handenen Vorräte werden beim Kommissio¬
1368 3320 2079 3379 zige, allerdings radikale Mittel ein
484 3340 1362 3408 när und bei den Buchhändlern beschlag¬
1416 3357 2198 3417 Verbot der Einfuhr deutscher Bücher
706 3372 1372 3441 Hunderttausende von
486 3375 714 3444 nahmt.
1375 3405 2245 3473 nach Österreich, so wie ja bei uns auch die
476 3431 1362 3484 Büchern ausländischer Verleger ver¬
480 3452 2271 3538 schwinden auf diese Art, es gibt keineIIdeutschen Zeitungen verboten sind, leiderk
1348 3572 2249 3623 allerdings nicht die zahlreichen Zeitschriften,
1352 3622 2249 3692 die sämtlich, meist auch die reinen, Fach¬
1354 3666 2016 3720 blätter, Propaganda betreiben.
1390 3703 2244 3771 Wie wir erfahren, wird sich bereits in den
1344 3747 1796 3812 nächsten Tagen eine
1406 3791 2185 3867 Tagung der österreichischen Verleger
1342 3859 2239 3916 mit den Schritten befassen, die unternommen
1355 3903 2233 3954 werden könnten, um der Rechtlosigkeit in
1347 3936 2239 4002 Deutschland, soweit es eie angcht, ent¬
1339 3978 2234 4047 gegenzutreten. Es soll eine dringende Ein¬
1347 4024 2237 4098 gabe an das Bundeskanzleramt beschlossen
1351 4072 1537 4136 werden.
2059 138 2145 217 —
