3392 4352
2142 167 2271 243 —
223 177 567 361 bserver
377 341 1062 449 Wien I. Wollzeile 11
364 422 1052 511 Telephon R—23—0 43
1468 547 1900 628 Das Kleine Blaft
2300 552 2676 643 28. April 1933
2746 564 2982 649 Nr. 116
682 488 841 678 3.70
2192 607 2478 701 ETN
2565 620 2919 711 DT O DL
1232 674 3028 774 [Schnitzler, Stephan Zweig, Richard winden, das trauen sich die braunen Helden
361 691 3025 807 Die Kultur auf dem Beer=Hofmann. Von Franzosen Bar=freilich nicht zu — viel einfacher ist es, seine
1230 776 3020 860 lbusse, der Kämpfer gegen Krieg und wissenschaftlichen Erzeugnisse auf den
455 784 3028 934 Scheiterhäufen. Kapital; von den Tschechen Jaroflav Hasek Scheiterhaufen zu werfen. Sie vergessen,
1316 878 2842 942 sein braver Soldat Schwejk geht den daß Ideen nicht brennbar sind...
430 880 1272 957 Die Reihe der Volksvergnügungen im
1240 913 2145 998 braven SA.=Soldaten halt auf die Nerven!
366 922 1257 997 Dritten Reich nimmt ihren Fortgang. Erst
2182 933 3019 1012 Man hat das deutsche Volk das Volk der
1255 971 2130 1037 Daß ein erklärter Sozialist wie Ernst
367 984 1258 1057 wurden Marxisten gefoltert und Arbeiter¬
2128 982 3023 1051 Denker und Dichter genannt. Seine Gelehr¬
1243 1019 2131 1097 [Toller von diesen Auch=, Sozialisten“
357 1028 1248 1083 heime geplündert, dann Juden gehetzt —
2126 1029 3025 1100 samkeit, seine hohe Allgemeinbildung, seine
1257 1071 3020 1154 nicht geduldet wird, nimmt nicht Wunder. Achtung vor Wissenschaft und Buch haben
366 1084 1254 1153 jetzt werden Bücher verbrannt! Nur keine
1295 1118 3016 1191 Wüten die brannen Horden schon sosihm seinen hohen Rang unter den Kultur¬
368 1126 1253 1191 Atempause, nur weiter geschürt und getrom¬
1247 1164 3017 1254 gegen die Dichter, die sie im Verdacht frei=völkern verschafft. Das war einmal! Heute
362 1171 1260 1253 melt, damit das Volk aus seinem Rausch
1247 1213 3017 1290 heitlicher, pazifistischer oder gar prole=ist er zum Raub branner Barbaren ge¬
362 1228 1254 1288 nicht erwache — nicht erwache in dem schreck¬
1251 1258 3018 1345 tarischer Gesinnung haben, wie erst gegen worden, denen sein Kulturerbe gut genug
367 1270 1255 1320 lichen saschistischen Alltag des Hungers und
1248 1306 3017 1384 den wissenschaftlichen Sozialismus! Karl ist für rohe Flammengankelspiele, um das
365 1319 1250 1384 der Knechtung, der Arbeitslosigkeit und des
1247 1352 3024 1436 [Marx, dessen Geisteswerk Geschichte ge= Volk zu betören. Indem sie vom „Kampf
365 1368 1249 1428 Lohndruckes! Da die Leiber darben müssen,
1247 1381 2139 1470 macht hat, wird selbstverständlich aus allen
355 1416 1243 1476 sollen vorläufig wenigstens die Seelen an
2121 1419 3020 1481 gegen undeutschen Geist“ reden, zerstören sie
1243 1447 3013 1530 deutschen Büchereien verbannt, desgleichen den wahren deutschen Geist, vernichten sie
351 1468 1252 1531 den lustigen Flammen erwärmen, in denen
1250 1499 3019 1568 Lassalle, desgleichen natürlich Lenin,auf ihren mittelalterlichen Scheiterhausen
354 1515 1256 1596 die Kultur eines großen Volkes zu Asche
1239 1538 3018 1612 [Liebknecht, Bebel, Karl Kautsky, nicht, wie sie vermeinen, „jüdische“ oder
350 1550 768 1642 gebrannt wird...
1235 1580 3035 1698 Franz Mehring, Otto Bauer, Max' „marxistische“ Bücher, sondern die deutsche
425 1610 1261 1706 Die schwarzen Listen werden schon zu¬
1242 1643 2312 1720 [Adler! Den Marxismus geistig zu über= Kultur!
362 1661 1263 1739 sammengestelli. Sind sie fertig, dann be¬
2132 1702 2311 1795 Sneene
359 1718 1270 1796 kommt die Se. wiede zu tun: sie holt die
355 1761 1269 1850 verfehmten Bücher aus den Buchhandlungen
357 1816 1275 1893 und Bibliotheken, aus den Volksbüchereien
355 1869 1273 1933 und Universitäten, und schüttet sie auf
359 1916 1263 1972 öffentlichen Plätzen zu großen Haufen. Und
347 1953 1261 2029 dann kommt das große Schauspiel, das die
359 2010 1267 2074 Menschheit seit den Tagen der Heiligen
355 2067 1263 2117 Inquisition entbehren mußte: die Bücher¬
355 2107 1270 2173 scheiterhaufen werden feierlich angezündet.
352 2151 1277 2228 So glauben die Toren, indem sie Berge von
362 2208 1273 2289 Papier verbrennen, den Geist auszu¬
347 2245 584 2327 rotten
414 2297 1260 2372 Aber lehrreich ist's immerhin, auf wel¬
341 2362 1262 2435 chen Geist sie es abgesehen haben. Der best¬
351 2420 1262 2492 gehaßte deutsche Schriftsteller im Haken¬
355 2462 1260 2531 krenz=Deutschland ist der Frontkämpfer
354 2515 1265 2581 Remarque; er hat ja das Verbrechen
352 2544 1267 2619 begangen, das wahre Bild des Krieges in
344 2594 1262 2676 die breiten Massen zu tragen; das können
350 2656 1261 2725 ihm diejenigen nicht verzeihen, die den
348 2701 1259 2764 Massen, die sie wieder an die Schlacht¬
352 2752 1266 2811 bank führen wollen, ein heroisches¬
350 2794 1248 2870 Trugbild vom Krieg vorspiegeln müs¬
349 2844 1244 2906 sen! Auch sonst haben sie's daher auf
351 2893 1252 2949 die Verfasser ungeschminkter Kriegsbücher
347 2941 1245 2997 scharf: Arnold Zweig, der Antor des
344 2988 1256 3067 „Sergeanten Grischa". und Ludwig Renn,
338 3042 1256 3107 der Verfasser von „Krieg“, müssen dran¬
344 3097 1262 3147 glauben. Aber die Wahrheit können sie über¬
343 3129 1260 3195 haupt nicht vertragen, und so verfällt auch
344 3186 1255 3252 ein Heinrich Mann der Feme, der in seinen
338 3223 1256 3289 großen Zeitromanen den deutschen „Unter¬
345 3328 1256 3397 Dünkel mit unerbittlicher Schärfe durch¬
334 3371 1248 3433 leuchtet, zugleich aber durch die hohe Kunst¬
341 3418 1255 3483 form seiner Werke dem modernen deutschen
346 3458 1250 3527 Schrifttum wie wenige andere Weltgeltung
341 3515 1245 3571 verschafft hat. Mit ihm zugleich werden der
342 3567 1243 3627 tapfere Bert Brecht, als Verfasser der
341 3616 1249 3678 „Dreigroschenoper“ in weitesten Kreisen be¬
338 3661 1239 3720 kannt, und Alfred Döblin, dessen be¬
342 3700 1250 3772 kannter Roman „Berlin=Alexanderplatz“ eine
335 3735 1236 3819 ganz neuartige Darstellungsform begrün¬
330 3802 1255 3868 dete. auf den Scheiterhausen geworsen. In
329 3845 1253 3907 ihrem Haß erweisen die braunen Kultur¬
338 3897 1246 3956 schänder wenigstens einen sicheren Instinkt
341 3942 1256 4007 für das Wertbeständige und Bedentsame im
333 3991 1254 4071 deutschen Schrifttum! Auch Österreicher
340 4034 1255 4123 finden sich auf der Ehrentafel dieser
332 4079 1256 4164 Schwarzen Liste: der tote Artur
