3392 4320
1147 258 1601 339 box 40//6
198 234 983 348 0. Antisemitism
785 466 1671 559 CASINOS IN OSTERREICH
896 553 1577 608 BadenSalzburg Semmering
785 607 1654 642 Roulette — Baccara — Chemin de fer
798 657 1660 712 Österreichische Casino A. G.
793 713 1664 760 Wien III, Schwarzenbergplatz 5a
792 818 1268 897 „OBSERVER“
1017 885 1649 941 I. österr. behördlich konzessioniertes
1027 932 1641 972 Unternehmen für Zeitungs-Ausschnitte
1028 969 1654 1008 Wien I, Wollzeile 11, Telephon R-23-0-43
779 1121 1158 1187 Ausschnitt aus:
804 1194 1622 1278 Oesterr, Zeitg. an Abend,
1041 1261 1397 1353 13.4.1935
774 1337 941 1399 vom:
2002 1496 2086 1554 e
1066 1496 1968 1621 „Morgenrot
1611 1649 2459 1703 den arischen Führertyp nur einmal gedacht
740 1637 1568 1714 Der Herr Reichspropaganda¬
1624 1694 2460 1731 hatte seit annähernd 14.000 Jahren. und
684 1703 1568 1749 minister, Diktator über Leben und Tod
1618 1724 2466 1775 dem (!) sie im Gothen seine höchste Voll¬
692 1747 1522 1809 der Presse im Dritten Reich, hat kürzlich
1626 1770 2081 1818 endung erreichen ließ...
1677 1793 2472 1851 Und da fühlte er mit zwingender innerer
728 1798 1572 1861 gleich fünf Wochenschriften mit einem
1620 1840 2460 1896 Gewalt, selbst ein solcher Mensch=Geist=Führer
853 1851 1448 1922 einzigen Schlag den Garaus
1624 1880 2465 1927 zu werden. Kein Wunder, de in die Grenz¬
1614 1907 2467 1969 deutschen standen ja von jeher auf gefähr¬
689 1898 1580 1970 gemacht. Begründung: sie haben ihm nicht
1620 1937 2471 1992 testen (!) Posten. Grenze bedeutet Leben oder
685 1964 1573 2021 mehr gefallen. Es gibt Leute, denen sie nie¬
1609 1992 2468 2040 Tod. Ein Drittel aller Deutschen aber mit (!)
685 2014 1561 2065 mals gefielen. Es waren Tratschblätter, die
1617 2030 2468 2075 34 Millionen, leben außerhalb unserer deut¬
697 2041 1580 2110 seitenlang darüber berichteten, wer bei dem
1620 2065 2334 2118 schen Grenzen, wie die Karte zeigt...
694 2105 1572 2153 Reichsminister N. N. gestern gefrühstückt hat
1671 2096 2463 2141 Heute in einer Jahrtausendwende können
1618 2136 2465 2181 wir erklären, daß wenn Herzog Widukind im
689 2147 1573 2189 und wem man beim Gesandten von X. zum
1618 2180 2464 2232 8. Jahrhundert unterlag, er im 20. Jahr¬
690 2198 1572 2249 Tee sehen konnte. Man las darin, wer wen
1621 2215 2462 2264 hundert in Adolf Hitler auferstand. Der Früh¬
698 2244 1572 2293 heiraten wird und daß die Schauspielerin Z.
1616 2251 2460 2292 ling ist erwacht. Deutschland ist erwacht. Und
1622 2289 2472 2357 wir sind vom Geschick berufen, Germanien zu
693 2288 1582 2350 bei der Konkurrenz der Rassehundebesitzer
1620 2332 1806 2382 vollenden.
690 2331 1570 2393 den ersten Preis gewann. Erstaunlich, daß
1679 2350 2477 2416 Adolf Hitlers Werk hat den Bauern wieder
693 2377 1581 2440 man sich so stark für derartige Dinge inter¬
1627 2403 2476 2450 Herr werden lassen auf eigener Scholle. Und
686 2430 1574 2469 essierte. Wie dem auch immer sei, auf ein¬
1628 2438 2474 2496 seine politischen Soldaten wirken aufklärend,
1623 2479 2462 2529 um das ewige Deutschland vollenden zu helfen.
693 2478 1569 2533 mal gefielen die Blätter Dr. Göbbels nicht
1622 2520 1717 2563 Er,
1720 2525 2463 2565 mit dem Wendekreuz am Anfang und
701 2521 824 2582 mehr.
1626 2536 2469 2602 Ende seines Namens, in der Mitte die Thor¬
1618 2599 2464 2648 Glaubensrune (1), so wird er die Wende im
774 2590 1481 2652 Das neueste Presseerzeugnis
1606 2630 2170 2686 Glauben an die Rasse bringen.
742 2659 1570 2716 Man durfte also einigermaßen gespannt
1653 2678 2461 2743 Und so fort mit Grazie. Ein Absatz geist¬
699 2703 1573 2763 sein, als man von der bevorstehenden Grün¬
1588 2732 2465 2787 reicher und inhaltsschwerer als der andere.
692 2750 1568 2801 dung einer neuen Wochenschrift hörte. Am
1583 2790 2461 2831 Endlich bin ich durch. Da fällt mein Blick
697 2801 1562 2853 1. April, ein fatales Datum, ist denn auch
1591 2804 2469 2887 noch auf die letzte Seite. Zunächst ein Zitat
686 2851 1553 2906 die erste Nummer im Straßenhandel auf¬
1589 2847 2471 2946 aus Hitlers „Kampf“: „In wenigen Jahren
686 2892 871 2969 getaucht.
1592 2920 2467 2969 schuf ich mir die Grundlagen eines Wissens,
787 2942 1563 3002 „Morgenrot“ nennt sich das neueste Er¬
1591 2966 2466 3023 von denen ich auch heute noch zehre. Und
723 2994 1559 3057 zeugnis der gleichgeschalteten Rotations¬
1594 3010 2472 3073 unter diesem Zitat des Führers und Reichs¬
722 3063 934 3120 maschine.
1592 3060 2466 3110 kanzlers Anzeigen von „Büchern, die für
1591 3109 2472 3169 das tägliche Leben unentbehrlich sind", und
751 3117 1565 3162 Ein schöner Titel, besonders, wenn diesem
1591 3160 1729 3220 zwar:
691 3172 1566 3224 noch die verheißungsvolle Erklärung nach¬
1632 3188 2070 3265 Schreibe richtig Deutsch.
695 3215 1568 3265 folgt: „Zeitschrift für Welt=, Kultur= Reli¬
1628 3250 1926 3298 Der Festredner.
699 3265 1573 3320 gions=, Menschheits= und völkerpolitische und
1624 3292 2278 3340 Wie entferne ich Flecken aller Art?
699 3307 1065 3360 Jugendprobleme.“
1628 3317 2324 3371 Handbuch für Kreuzworträtselfreunde.
738 3349 1577 3407 Zwanzig Pfennig ist man gern bereit
1615 3362 2327 3410 Was jeder von der Presse wissen muß.
1619 3407 2460 3460 Über das Gesetz zur Verhütung erbkranken
700 3406 1570 3459 zu opfern, um festzustellen, was für eine
1701 3434 1954 3489 Nachwuchses.
699 3447 1578 3501 Bewandtnis es mit diesem von allerhöchster
1631 3479 2147 3517 Wie leite ich einen Verein?
694 3492 1577 3547 Stelle gebilligten Geistesprodukt hat. Es
1630 3515 2228 3565 Bauernrecht und Bauernbelange.
692 3540 1572 3601 hat sich wirklich gelohnt. Gleich der erste
1619 3552 2078 3603 Leitfaden für Erfinder.
1632 3588 1869 3648 Ich heirate!
686 3591 1302 3653 Artikel ist ein wahrer Genuß.
1652 3632 2472 3701 Schnitzlers Werke, die Romane von
784 3649 1569 3708 Poldi Hubers Schreibweise und Gram¬
1578 3688 2470 3748 Thomas und Heinrich Mann alles ver¬
727 3704 1351 3774 matik feiern fröhliche Urständ.
1595 3720 2470 3791 brannte man auf dem Scheiterhaufen. Aber
751 3764 1560 3831 Verfasser ist ein Dr. Sellnick in Dres¬
1587 3761 2471 3847 mit einem Worte Hitlers macht man Re¬
692 3820 1469 3894 den. Nachstehend eine kleine Kostprobe:
1582 3834 2468 3889 klame für solche Erzeugnisse in der neuen,
1591 3876 2462 3925 vom Reichspropagandaministerium wohl¬
812 3887 1488 3942 Hitler als Retter der Bauernkultur.
1589 3921 2468 3989 wollend geförderten Zeitschrift „Morgenrot“.
786 3942 1568 4000 Mit dem magischen Blick der Natursichtig¬
1769 3987 2218 4045 Morgenrot, Morgenrot,
718 3986 1574 4036 keit, die einen naturbegnadeten Führer stets
1757 4028 2085 4089 leuchtest mir...
2269 4019 2437 4094 R. H.
718 4023 1589 4087 auszeichnet, erkannte Hitler, daß die Natur
1489 4105 2425 4159 KmzAAAAAAAAAATTA
