3204 4352
753 172 1016 233 ——.—
1454 177 2598 264 ——
1113 215 1579 350 box 40/6
159 224 1003 356 0. Antisenitien
616 789 2788 946 Ernst und gebietherisch r’ckt die Zeit, rückt das Schicksal an
626 945 2809 1052 uns heran, wir haben das unsre gethan, es herauf zu beschwören.
634 1044 2910 1174 Heil uns! - Die Sonne des Glücks, der Wohlfahrt wird uns strahlen,
630 1159 2772 1299 in ihrer vollen Majestät, aber es warten unser noch trübe
637 1277 2901 1413 Stunden, von aussen drängt der Feind, unsre tapferen Armeen werden
635 1385 3007 1509 ihm stehen. Die Stütze des neuen Staates sind wir, lasset uns stehen
641 1506 2891 1627 vie ein Mann, entrollen wir die Fahnen der Ordnung und Ruhe, keine
646 1612 2815 1740 Gewaltthätigkeiten, keine eigenmächtige Justiz,kein Hass gegen
648 1730 2913 1824 Persönlichkeiten wie gegen Corperationen, so werden wir den Nahmen
645 1816 3058 1950 Österreich hoch stellen, auf den Gipfel des Vohlstandes, auf der Sonnen¬
641 1904 2910 2069 höhe des Ruhmes deren Strahlen auch auf uns f#l1en verden, und nie
651 2034 2978 2136 erlöschen, wenn auch die Sonne am Firmament, Jahrhunderte über unsre
660 2190 1951 2307 Grabhügel auf- und iederregangen ist.
