3344 4320
873 228 939 310 m
1090 241 1564 342 box 40/6
159 224 933 357 0. Antisemitism
583 768 1485 870 CASINOS IN OSTERREICH
691 860 1372 924 Baden Salzburg Semmering
577 895 1465 961 Roulette — Baccara — Cherin de fer
588 951 1468 1037 Österreichische Casino A. G.
581 1015 1466 1070 Wien III, Schwarzenbergplatz 5a
571 1116 1103 1223 „OBSERVER“
857 1205 1465 1255 österr. behördlich konzessioniertes
818 1234 1468 1294 Unternehmen für Zeitungs-Ausschnitte
827 1282 1457 1354 Wien I, Wollzelle 11, Telephon N-23-0-43
713 1499 788 1562 □
533 1491 1637 1601 Aus: Ler Augarten Nim.Nr 8.—
538 1578 739 1637 Aus:
542 1597 951 1706 Karl Nache
646 1655 2570 1756 Von der Schuldigkeit des kunstrichters und Forschers bei
1114 1733 1901 1799 Celegenheit des Verkes
688 1743 2592 1881 Deutsche Dichturg in Oesterreich“ von Adalbert Schmidt.
652 1891 2760 1970 . Schmidt hat auch eine grosse Zahl von Juden unterdrückt, die
545 1940 2648 2017 im Viener Literaturbetriebe keinemege m überschen sind, z.B.
549 2005 2649 2061 Raoul Auernheiner, Frnst Decsey, Georg Eieler-Verramare, mnst
549 2090 2691 2141 Lothar-Müller, Inil Lucka, Leo Peruts, Karl Rosner, Otto Soyka.
548 2122 2796 2190 Otto Stoess1, Paul Zifferer, um nur die nichtigsten Nanen zu nermen.
551 2173 2724 2251 Hat dies Schmidt etna aus völkischen Gründen getan, in der Erwä¬
548 2213 2810 2293 gung, dass Jüdisches Schrif ttum nicht in eine deutsche Schrifttuns¬
548 2275 2813 2360 geschichte gehöre Keinennegs! Denn Schmidt würdigt sogar die Verke
556 2354 2816 2402 des Zionisten Richard Beer-Hofnann, verbreitet sich ausführlich und
557 2386 2696 2463 Tebevoll über Seiter ädhits, hugo von Hofmannsthal, Artur Schnit
2716 2375 2883 2471 1er
552 2435 2792 2522 Franz Verfel, ja en sind gerade diese Schriftsteller, denen Sölmidt
562 2487 2788 2586 sein besondere Aufmerksankoit widnet: Hofmannsthal, dessen Jüdi¬
561 2550 2779 2626 sches Blut sich nit deutschen und ronantschem erbteile glücklichst
551 2600 2797 2688 gemischt hat“, wie Schmidt sagt, ist auf neun Seiten angeführt und
553 2672 2762 2745 nimmt in dem gunzen Buche etna 1.5 v. H. des Raunes ein, Vergleicht
560 2744 2733 2800 man jedoch demgegenüber vieviel Beiton etwa V. O. Kolbenheyer, dem
560 2778 2781 2849 m.#. grössten und tiefaten Dichter der österreichischen und gesamt¬
561 2839 2809 2902 deutschen Dichtung, eingerüumt sind, co muss man mit Bedauern fest¬
570 2893 2715 2971 stellen, dass Kolbenheyer nur stebenmal aufgeführt und kaum mehr
564 2930 2748 3015 über ihn gesagt ist, als über Hlofmannsthal, Hermann Oraedener ist
564 2988 2695 3058 beim Drama mit zwei Zeilen abgetan, beim Romane bekommt er eine
560 3046 2716 3140 schache Beite. Dafür erhült Josef Teinheber ganze seche Seiten
557 3121 1745 3214 oder fast 4.v.H. des Gesantraunes!
734 3137 2795 3245 Schmidt ist eifrig genug, um auch Dichter, von denen noch gar
553 3228 2767 3298 keine Buchausgabe vorllegt zu behandeln- Krainhöfner verdient es
570 3301 2774 3360 gans gewiss doch hat dann Schmidt doppelte Pflicht, venn er etnas
570 3337 2827 3414 derart Ungevölmnliches tut, um so mehr auf alle Dichter gurdokaukom¬
568 3387 1916 3477 men, die in gedruckten ferken vorltegen
744 3419 2681 3519 Als das Urgebnis der dichterischen Oesamtentwicklung gibt
564 3499 2745 3581 Schmidt folgende Rechnunglegung: der Wiener Dichtung der Verfel,
576 3582 2760 3636 Salten Sassmann stoht die der Länder mit Billinger Crogger Hell
570 3612 2793 3685 Nangeri gegenüber. Dem nationalen schaffen der Kolbenheyer, Strobl
562 3688 2769 3749 Holo, Hohlbaun, Hum, satslik Salburg, Craedener, Bienenstein, Kraft
561 3724 2753 3809 usw.wird keine gelstesgeschichtliche Bedeutung beigenessen. ähre
584 3779 2302 3864 Sendung ist an Solmidt spurlos vorübergegangen.
