3248 4320
1827 183 2401 270 —
1244 201 1327 262 —
1449 253 1894 363 box 36/4
221 265 1288 378 Pamphlets Offorints
1156 1004 1853 1098 PAUL H. GRUMMANN
2249 1004 2367 1094 29
663 1122 2360 1186 and Paul de Kock in the portrayal of sensuousness. Yet it must be ad¬
666 1180 2364 1261 mitted that this book, especially when it is read in connection with the other
659 1245 2356 1297 works of this period, is of peculiar value. It divests the erotic relations of
654 1273 2355 1367 all glamor that might attach to them per sc. The prostitute, the soldier,
652 1340 2352 1427 the chambermaid, the young man, the young wife, the husband, the’sweet
646 1399 2359 1462 girlie, the poet, the actress, and the count reveal their psychic reactions
656 1458 2355 1535 in all their crudeness and banality. The book is a proper reminder that
660 1496 2351 1583 these characters differ radically from those described in the other dramas
658 1552 947 1622 and novels.
748 1622 2346 1690 In bold contrast with this work The Legacy' (°98) portrays a relation,
658 1666 2346 1747 which to conventional society is sinful, but is pure from a broadly human
647 1726 2345 1813 point of view. Adolf Losatti, professor and national representative, has
656 1778 2345 1860 been a prominent liberal for years. This has involved little danger and
651 1832 2344 1901 sacrifice, for he has always been punctilious in honoring the conventions.
658 1873 2347 1952 Wherever the conventions have not interfered, he has felt free to yield to
646 1957 2344 2025 moral laxness. His wife, originally a woman of some spontaneity, has
644 2019 2340 2081 gradually learned to suppress her impulses in accordance with his wishes.
647 2057 2347 2139 His son, Hugo, a man of charming personality, becomes infatuated with
642 2104 2346 2165 Toni Weber, who falls in love with him so completely that she leaves her
640 2155 2342 2251 narrow father in order to live with him. A child is born to them, and Hugo
635 2222 2348 2306 assumes full responsibility for it Hy supporting the two and visiting them
643 2268 2338 2336 secretly. He is brought home mortally injured by a fall during a horseback
639 2330 2332 2412 ride. He now reveals his secret to his parents and demands that his child
640 2385 2336 2469 and its mother be taken into the family. This legacy' is accepted at first,
634 2433 2328 2518 but when the child dies, Toni is turned out with the result that she com¬
634 2505 2333 2559 mits suicide. Hugo’s sister, Franziska, shows a deep sympathy for Toni.
631 2541 2324 2618 She is engaged to a young physician, who has all of the petty virtues of the
630 2611 2330 2686 self-made philistine. Since he has played an important part in making
633 2657 2331 2741 this home impossible for Toni, Franziska breaks her engagement with him.
634 2701 2326 2780 Without the slightest preachment, this drama establishes the validity
625 2765 2333 2832 of genuine morality in conflict with conventional standards. Losatti, the
627 2815 2322 2910 illiteral liberal is not at all shocked that his son should have a mistress, but
633 2882 2324 2964 he is dumbfounded that he should remain true to her. It pains him that his
635 2934 2326 3011 son could think of rearing this illegitimate child in the very neighborhood
627 2980 2327 3074 where his family lives. Each act closes with a death scene. This has
630 3031 2326 3121 been criticized as conventional and weak, but the scenes are so varied and
628 3093 2322 3189 the climax in the third act is built up so skilfully, that the criticism loses
630 3144 927 3218 its validity.
747 3201 2332 3273 The Wife of the Wise Man' (°98) is a series of five novelettes which
620 3252 2323 3342 describe episodes in which a man is deceived by his wife, whom he forgives
630 3312 2327 3413 for her lapses. With rare skill Schnitzler has avoided all dangerof having
2804 3990 2919 4068 4
2848 4128 3074 4210 e
2935 1040 3004 1129 100
2921 1130 3003 1218 800
3068 1023 3132 1139 5
3080 4138 3135 4212 1
