3392 4320
1849 156 2401 243 —
1449 225 1924 316 box 36/4
180 231 1299 346 Pamphlets offorints
2266 1036 2369 1131 37
1161 1035 1866 1132 PAUL H. GRUMMANN
671 1152 2387 1241 he betrayed. Schnitzler averts all suspicion from Marie for the death of
665 1219 2379 1278 her father, but she undergoes nameless torments. Not only the guilt
674 1270 2371 1330 but her rescue from its natural consequences is a source of continual re¬
674 1332 2380 1385 morse. Schnitzler finally reassures her that what she has experienced and
668 1403 2368 1462 what has lured her has not been life —the highest significance of her
671 1441 2373 1520 existence. He adds: Who knows but later — far later — from a day of
673 1514 2378 1573 disaster like the present one, the call of life will ring into your life far deeper
676 1555 2369 1623 and purer than on that onc on which you have experienced things that bear
677 1600 2374 1668 such terrible names as murder and death.' The complexity of the plot of
667 1666 2371 1730 this drama and the nature of the action might suggest the melodramatic,
675 1718 2378 1775 if the author had not ennobled the play throughout by characterizations
669 1776 1248 1845 of the utmost keenness.
784 1826 2364 1894 The burlesque spirit of the Punch and Judy playe pervades the three
667 1883 2375 1929 one-act dramas published as Puppet Plays’ (’06). In the first, The
671 1936 2370 1998 Puppet Player,' George Merklin, induces Anna to pretend that she is in
662 1992 2370 2062 love with Eduard Jagisch, a timid oboe player. Anna enters into this
669 2064 2362 2121 plot in order to arouse the jealousy of George, whom she loves. Years
663 2102 2373 2170 pass, and George becomes a self-satisfied speculative vagabond. Eduard
670 2165 2376 2230 meets him by chance and takes him to his home, where George learns that
668 2215 2370 2292 the old puppet play has had serious consequences. Eduard is married to
674 2269 1577 2332 Anna, and is the happy fatherof a son.
773 2327 2362 2392 The characters of the sccond play, Brave Cassian,' are of a coarse
672 2379 2363 2430 type. Martin believes that he has found à certain way of winning at dice.
658 2419 2371 2509 He is so conceited about his success that he resolves to go into the world
670 2488 2356 2569 and win for himself one of the stars of the demi-monde. His old mistress,
665 2545 2362 2604 Sophie, comes to take her farewell, and the two are interrupted by Cassian,
669 2591 2366 2654 Martin’s cousin, who immediately takes an interest in Sophie. Cassian
658 2650 2355 2699 hears Martin's account of his mysterious cleverness at dice. The two play
655 2720 2360 2777 and Cassian loses all of his money. When Cassian fully realizes the superb
670 2759 2372 2826 qualities of Sophie, he makes unmistakable advances to her, at which Martin
667 2818 2366 2873 becomes angry, in spite of the fact that he is about to desert her. The
658 2870 2356 2933 ensuing quarrel leads to a rcopening of the game, with the result that
665 2935 2363 3002 Martin loses all — his money, his clothes, his mistress, and finally his life.
766 2982 2366 3044 The technique of The Green Cockatoo' reappears in The Great
659 3040 2358 3102 Puppet Show.' It is a play within a play. The director, poet, and audi¬
663 3088 2364 3154 ence are here scen as they witness a puppet play of the stock type. Mem¬
654 3149 2366 3214 bers of the audience begin to comment, and these comments are blended
665 3211 2362 3247 with the puppet show in such a manner that no one can any longer distin¬
658 3265 2372 3322 guish the text from the by-play. The grotesque exaggeration and the rol¬
654 3315 1943 3377 licking fun do not rob these plays of a deeper significance.
766 3379 2379 3454 Five stories, Twilight Hours’ (°07), depict characters under various
