3344 4320
1851 187 2309 251 —.—
1455 242 1915 342 box 36/4
246 251 1317 365 Pamphlets offorints
1331 1009 1985 1099 ARTHUR SCHNITZLER
810 1020 916 1102 34
804 1141 2516 1209 not only untrue to her, but reveals chapters of her inner life shamelessly in
804 1192 2517 1251 his dramas. She becomes infatuated with Lconhart but wants to escape
804 1251 2508 1294 the dangers of temptation, and therefore confesses her infatuation to her
807 1301 2502 1370 husband, who decides to take her away. Before their departure Pauline
804 1369 2505 1426 meets Leonhart in a picture gallery, before the painting The Lady and
804 1413 2514 1473 the Dagger.' After gazing at this picture she falls asleep and dreams the
804 1480 2514 1534 following story into which she puts parts of her own experience: — Paola is
817 1520 2508 1591 married to Remigio, the painter, who has a pupil Lionardo. During the
815 1576 2505 1646 absence of the master, Lionardo wins the love of Paola. On the morning
808 1633 2513 1692 after their adventure Paola implores Lionardo to depart, but he tarries in
812 1694 2501 1755 the studio until Remigio returns. Lionardo is willing to pay the penalty
813 1739 2519 1798 for his deed — yes, implores Remigio to kill him. When the master refuses
812 1797 2497 1856 to do so, and Lionardo reviles and threatens him, Paola seizes a dagger and
820 1853 2503 1935 kills her lover. Remigio promptly grasps the artistic possibilities of the
814 1905 2507 1955 event and forces Paola to pose for the picture that has inspired this dream.
823 1953 2512 2031 When Pauline awakes from her dream she fully understands the sordidness
813 2019 1929 2072 of her husband and follows Leonhart, her lover.
918 2055 2497 2133 In The Last Masks' the reader is introduced to a bit of life in a
823 2124 2508 2180 Vienna hospital. Florian, an invalid comedian, has been utilizing his time
806 2183 2508 2238 by studying the comical possibilities of this place which witnesses so many
807 2258 2507 2311 tragedies. Among the doomed men of the ward is Rademacher, a news¬
814 2288 2509 2356 paper man, who expresses a desire to see Weingast, a literary man, who has
820 2349 2505 2413 been his professional rival. Rademacher explains to Florian how he will
817 2394 2504 2446 take delight in excoriating this man in the impending interview. With
826 2462 2509 2528 supreme satisfaction he rolls under his tongue the many sarcastic things
812 2512 2508 2578 that he will say, when Weingast actually appears. Rademacher, however,
805 2565 2506 2622 now fails to say a single bitter word. He has been relieved by his tirade
816 2634 2513 2696 to Florian, and in the shadow of death all of these matters shrink into
814 2674 1350 2744 insignificance to him.
930 2722 2511 2792 Literature' portrays Margarethe, a poetess, who has a love affair
818 2784 2500 2842 with Gilbert, a novelist, whom she eventually deserts for Clemens, a sports¬
804 2855 2501 2901 man. Clemens is by no means a man of high moral principles, but he de¬
819 2891 2510 2949 spises the men and women with whom Margarethe has associated. It is
806 2953 2501 3019 incomprehensible to him that she can put her feelings and personal ex¬
804 3005 2516 3071 periences into poems that are published. He is unspeakably exasperated
806 3057 2519 3106 when he learns that she intends to publish a novel. Gilbert tries to win
813 3112 2513 3177 Margarethe back. He brings her his novel — fresh from the press — and
811 3168 2506 3231 it comes to light that both novels contain their love letters. Both finally
818 3233 2518 3293 confess that they had originally written these letters with the expectation
813 3285 2515 3345 of utilizing them in this manner. Clemens returns with the news that he
817 3338 2516 3413 has had the publisher destroy the whole edition of Margarethe’s novel,
2494 4149 2717 4195 „duns##
