<?xml version="1.0" encoding="UTF-8" standalone="yes"?>
<PcGts xmlns="http://schema.primaresearch.org/PAGE/gts/pagecontent/2013-07-15" xmlns:xsi="http://www.w3.org/2001/XMLSchema-instance" xsi:schemaLocation="http://schema.primaresearch.org/PAGE/gts/pagecontent/2013-07-15 http://schema.primaresearch.org/PAGE/gts/pagecontent/2013-07-15/pagecontent.xsd">
    <Metadata>
        <Creator>prov=University of Rostock/Institute of Mathematics/CITlab/Gundram Leifert/gundram.leifert@uni-rostock.de:name=ONB_Newseye_GT_M1+(htr_id=10810)::::v=2.4.2
prov=University of Rostock/Institute of Mathematics/CITlab/Tobias Gruening/tobias.gruening@uni-rostock.de:name=de.uros.citlab.module.baseline2polygon.B2PSeamMultiOriented:v=2.4.2
prov=University of Rostock/Institute of Mathematics/CITlab/Tobias Gruening/tobias.gruening@uni-rostock.de:name=/mnt/transkribus/LA/DEA/URO/LA_news_onb_att.pb:de.uros.citlab.segmentation.CITlab_LA_ML:v=2.4.2
Transkribus</Creator>
        <Created>2019-10-07T15:14:37.799+02:00</Created>
        <LastChange>2019-10-09T04:03:45.103+02:00</LastChange>
        <TranskribusMetadata docId="224197" pageId="9514746" pageNr="1" tsid="16620619" status="IN_PROGRESS" userId="40391" imgUrl="https://files.transkribus.eu/Get?id=BESTJBJHYRJBBDOMJABQAVJM&amp;fileType=view" xmlUrl="https://files.transkribus.eu/Get?id=FGFENFOASMRWIRSQDQMBFTNX" imageId="6202980"/>
    </Metadata>
    <Page imageFilename="224197_0001.jpeg" imageWidth="3344" imageHeight="4320">
        <ReadingOrder>
            <OrderedGroup id="ro_1711443784445" caption="Regions reading order">
                <RegionRefIndexed index="0" regionRef="r1"/>
            </OrderedGroup>
        </ReadingOrder>
        <TextRegion orientation="0.0" id="r1" custom="readingOrder {index:0;}">
            <Coords points="206,164 206,3369 2517,3369 2517,164"/>
            <TextLine id="r1l1" custom="readingOrder {index:0;}">
                <Coords points="1921,219 2012,206 2062,239 2102,228 2119,240 2185,230 2206,213 2257,229 2332,225 2331,174 2288,162 2146,180 2103,168 2071,184 1920,172"/>
                <Baseline points="1931,201 1957,202 1983,202 2009,203 2035,202 2061,202 2087,201 2113,201 2139,200 2165,199 2191,198 2217,198 2243,197 2269,196 2295,196 2321,195"/>
                <TextEquiv>
                    <Unicode>———</Unicode>
                </TextEquiv>
            </TextLine>
            <TextLine id="r1l2" custom="readingOrder {index:1;}">
                <Coords points="1409,291 1433,287 1500,324 1535,305 1560,319 1626,300 1752,311 1782,292 1824,310 1871,293 1872,249 1846,255 1791,228 1755,251 1719,227 1610,266 1568,242 1533,252 1410,231"/>
                <Baseline points="1419,292 1444,292 1470,292 1496,292 1522,293 1548,294 1574,295 1600,295 1626,296 1652,297 1678,297 1704,298 1730,298 1756,298 1782,298 1808,297 1834,296 1860,295"/>
                <TextEquiv>
                    <Unicode>box 36//4</Unicode>
                </TextEquiv>
            </TextLine>
            <TextLine id="r1l3" custom="readingOrder {index:2;}">
                <Coords points="195,323 353,356 406,328 721,354 1160,324 1217,354 1277,322 1276,273 1166,241 872,232 732,290 572,244 195,267"/>
                <Baseline points="206,320 261,320 317,319 373,319 428,318 484,318 540,318 596,317 651,317 707,317 763,317 819,316 874,316 930,316 986,316 1042,316 1097,315 1153,315 1209,315 1265,315"/>
                <TextEquiv>
                    <Unicode>Panphlets offorints</Unicode>
                </TextEquiv>
            </TextLine>
            <TextLine id="r1l4" custom="readingOrder {index:3;}">
                <Coords points="1242,939 1292,954 1328,923 1400,973 1523,944 1552,967 1742,1003 1847,993 1851,886 1543,918 1456,856 1328,874 1293,849 1245,853"/>
                <Baseline points="1252,950 1281,944 1310,940 1339,938 1369,937 1398,937 1427,939 1456,940 1486,943 1515,947 1544,950 1573,953 1603,956 1632,959 1661,961 1690,962 1720,963 1749,961 1778,959 1807,954 1837,949"/>
                <TextEquiv>
                    <Unicode>0·07 217-</Unicode>
                </TextEquiv>
            </TextLine>
            <TextLine id="r1l5" custom="readingOrder {index:4;}">
                <Coords points="2053,948 2141,963 2222,944 2267,961 2330,954 2395,990 2482,992 2496,850 2437,860 2400,839 2304,843 2274,819 2240,820 2187,766 2158,780 2069,766"/>
                <Baseline points="2065,930 2090,935 2116,940 2141,943 2167,947 2192,950 2218,952 2243,954 2269,956 2294,958 2320,960 2345,962 2371,964 2396,965 2422,967 2447,970 2473,972"/>
                <TextEquiv>
                    <Unicode>7</Unicode>
                </TextEquiv>
            </TextLine>
            <TextLine id="r1l6" custom="readingOrder {index:5;}">
                <Coords points="2148,1125 2192,1114 2240,1132 2250,1123 2274,1128 2290,1116 2354,1140 2347,1036 2325,1046 2278,1049 2247,1064 2213,1042 2184,1053 2164,1073 2145,1076"/>
                <Baseline points="2158,1123 2184,1119 2210,1114 2236,1110 2263,1108 2289,1107 2315,1110 2342,1115"/>
                <TextEquiv>
                    <Unicode>4—</Unicode>
                </TextEquiv>
            </TextLine>
            <TextLine id="r1l7" custom="readingOrder {index:6;}">
                <Coords points="2414,1099 2444,1103 2473,1137 2480,1138 2509,1118 2515,1125 2527,1126 2531,1064 2519,1061 2476,1091 2454,1072 2416,1074"/>
                <Baseline points="2423,1114 2454,1113 2485,1120 2517,1116"/>
                <TextEquiv>
                    <Unicode></Unicode>
                </TextEquiv>
            </TextLine>
            <TextLine id="r1l8" custom="readingOrder {index:7;}">
                <Coords points="659,1108 1865,1159 2008,1129 2009,1090 1920,1045 1551,1036 659,1080"/>
                <Baseline points="669,1109 735,1111 801,1113 868,1115 934,1116 1001,1118 1067,1119 1133,1119 1200,1120 1266,1121 1333,1121 1399,1122 1465,1122 1532,1123 1598,1123 1665,1124 1731,1124 1797,1124 1864,1125 1930,1125 1997,1126"/>
                <TextEquiv>
                    <Unicode>— ARTHUR SCHNITZLER</Unicode>
                </TextEquiv>
            </TextLine>
            <TextLine id="r1l9" custom="readingOrder {index:8;}">
                <Coords points="2413,1161 2431,1155 2442,1158 2454,1149 2459,1153 2469,1151 2461,1099 2448,1101 2441,1095 2435,1101 2424,1100 2403,1104"/>
                <Baseline points="2418,1127 2454,1121"/>
                <TextEquiv>
                    <Unicode></Unicode>
                </TextEquiv>
            </TextLine>
            <TextLine id="r1l10" custom="readingOrder {index:9;}">
                <Coords points="1135,1297 1304,1325 1426,1299 1603,1301 1760,1336 1811,1317 1812,1264 1719,1244 1565,1254 1463,1223 1135,1245"/>
                <Baseline points="1146,1287 1178,1287 1211,1287 1244,1287 1276,1288 1309,1289 1342,1289 1374,1290 1407,1291 1440,1291 1473,1292 1505,1292 1538,1293 1571,1293 1603,1294 1636,1294 1669,1295 1701,1295 1734,1295 1767,1295 1800,1294"/>
                <TextEquiv>
                    <Unicode>By Paur H. GRUMMANN</Unicode>
                </TextEquiv>
            </TextLine>
            <TextLine id="r1l11" custom="readingOrder {index:10;}">
                <Coords points="908,1408 2261,1430 2307,1365 1804,1342 1721,1384 908,1333"/>
                <Baseline points="918,1394 986,1396 1055,1398 1124,1400 1193,1401 1262,1401 1331,1401 1400,1402 1469,1402 1538,1402 1607,1401 1675,1402 1744,1402 1813,1402 1882,1403 1951,1404 2020,1405 2089,1407 2158,1410 2227,1414 2296,1417"/>
                <TextEquiv>
                    <Unicode>IENNA, with its peculiar traditions, accepted German natural¬</Unicode>
                </TextEquiv>
            </TextLine>
            <TextLine id="r1l12" custom="readingOrder {index:11;}">
                <Coords points="915,1443 2314,1470 2172,1419 916,1405"/>
                <Baseline points="926,1449 994,1451 1063,1453 1132,1454 1201,1455 1270,1456 1339,1456 1407,1457 1476,1457 1545,1457 1614,1458 1683,1458 1752,1459 1821,1460 1889,1461 1958,1462 2027,1463 2096,1466 2165,1468 2234,1471 2303,1474"/>
                <TextEquiv>
                    <Unicode>ism only with modifications. Hermann Bahr, notable as a</Unicode>
                </TextEquiv>
            </TextLine>
            <TextLine id="r1l13" custom="readingOrder {index:12;}">
                <Coords points="923,1519 2322,1531 2261,1475 924,1470"/>
                <Baseline points="933,1504 1005,1506 1078,1507 1150,1509 1223,1510 1295,1511 1368,1511 1441,1512 1513,1512 1586,1513 1658,1513 1731,1514 1803,1514 1876,1515 1949,1516 2021,1518 2094,1520 2166,1522 2239,1525 2312,1528"/>
                <TextEquiv>
                    <Unicode>critic, produced a number of naturalistic dramas without,</Unicode>
                </TextEquiv>
            </TextLine>
            <TextLine id="r1l14" custom="readingOrder {index:13;}">
                <Coords points="920,1558 2314,1586 2164,1528 920,1522"/>
                <Baseline points="930,1559 998,1560 1067,1561 1136,1562 1204,1563 1273,1564 1342,1565 1410,1565 1479,1566 1548,1567 1617,1567 1685,1568 1754,1569 1823,1570 1891,1571 1960,1572 2029,1573 2097,1575 2166,1576 2235,1578 2304,1580"/>
                <TextEquiv>
                    <Unicode>however, making a profound impression. Indeed, Vienna</Unicode>
                </TextEquiv>
            </TextLine>
            <TextLine id="r1l15" custom="readingOrder {index:14;}">
                <Coords points="921,1648 1256,1611 2281,1655 2316,1592 922,1590"/>
                <Baseline points="932,1612 1000,1614 1069,1615 1137,1616 1206,1617 1275,1618 1343,1619 1412,1619 1480,1620 1549,1621 1618,1621 1686,1622 1755,1623 1823,1624 1892,1625 1961,1627 2029,1629 2098,1631 2166,1633 2235,1636 2304,1639"/>
                <TextEquiv>
                    <Unicode>seemed to be turning away from naturalism to an artificial,</Unicode>
                </TextEquiv>
            </TextLine>
            <TextLine id="r1l16" custom="readingOrder {index:15;}">
                <Coords points="930,1674 2316,1693 2219,1640 931,1636"/>
                <Baseline points="941,1668 1009,1669 1077,1670 1145,1671 1213,1672 1282,1673 1350,1674 1418,1674 1486,1675 1554,1676 1623,1677 1691,1678 1759,1680 1827,1681 1895,1682 1964,1683 2032,1685 2100,1687 2168,1688 2236,1690 2305,1692"/>
                <TextEquiv>
                    <Unicode>snobbish romanticism, when Arthur Schnitzler sounded a</Unicode>
                </TextEquiv>
            </TextLine>
            <TextLine id="r1l17" custom="readingOrder {index:16;}">
                <Coords points="609,1732 2197,1763 2310,1750 2311,1697 610,1685"/>
                <Baseline points="620,1723 708,1724 796,1725 885,1726 973,1726 1061,1727 1150,1728 1238,1728 1326,1729 1415,1730 1503,1730 1592,1731 1680,1732 1768,1734 1857,1735 1945,1737 2033,1739 2122,1741 2210,1743 2299,1746"/>
                <TextEquiv>
                    <Unicode>new note in a series of dramatic dialogues published under the title of</Unicode>
                </TextEquiv>
            </TextLine>
            <TextLine id="r1l18" custom="readingOrder {index:17;}">
                <Coords points="619,1796 2309,1817 2282,1748 619,1734"/>
                <Baseline points="630,1777 713,1778 796,1779 880,1780 963,1781 1047,1782 1130,1783 1213,1784 1297,1785 1380,1786 1464,1787 1547,1788 1630,1789 1714,1790 1797,1791 1881,1792 1964,1793 2047,1794 2131,1796 2214,1797 2298,1798"/>
                <TextEquiv>
                    <Unicode>Anatol. Schnitzler had been born in Vienna in 1862, where he devoted</Unicode>
                </TextEquiv>
            </TextLine>
            <TextLine id="r1l19" custom="readingOrder {index:18;}">
                <Coords points="620,1853 2253,1867 2313,1814 621,1795"/>
                <Baseline points="630,1832 713,1833 797,1834 880,1835 964,1836 1048,1837 1131,1838 1215,1839 1298,1839 1382,1840 1466,1841 1549,1842 1633,1842 1716,1843 1800,1844 1884,1845 1967,1847 2051,1848 2134,1849 2218,1851 2302,1853"/>
                <TextEquiv>
                    <Unicode>himself to the study and practice of medicine, serving for a time as assistant</Unicode>
                </TextEquiv>
            </TextLine>
            <TextLine id="r1l20" custom="readingOrder {index:19;}">
                <Coords points="608,1901 2296,1909 2218,1859 608,1850"/>
                <Baseline points="618,1889 701,1889 784,1890 868,1891 951,1891 1035,1892 1118,1893 1201,1893 1285,1894 1368,1895 1452,1896 1535,1897 1618,1898 1702,1899 1785,1900 1869,1901 1952,1902 2035,1903 2119,1904 2202,1905 2286,1907"/>
                <TextEquiv>
                    <Unicode>in the larger hospitals. Keen and philosophical by nature, the psycho¬</Unicode>
                </TextEquiv>
            </TextLine>
            <TextLine id="r1l21" custom="readingOrder {index:20;}">
                <Coords points="613,1950 2267,1982 2317,1923 614,1897"/>
                <Baseline points="624,1943 708,1944 792,1946 876,1947 960,1948 1044,1949 1128,1950 1212,1951 1296,1952 1380,1952 1464,1953 1548,1954 1632,1955 1716,1956 1800,1958 1884,1959 1968,1961 2052,1963 2136,1965 2220,1967 2305,1970"/>
                <TextEquiv>
                    <Unicode>logical problems presented in his practice became so interesting to him</Unicode>
                </TextEquiv>
            </TextLine>
            <TextLine id="r1l22" custom="readingOrder {index:21;}">
                <Coords points="619,2014 2322,2044 2323,1989 620,1950"/>
                <Baseline points="630,1997 714,1999 798,2000 882,2001 966,2002 1050,2003 1134,2004 1218,2005 1302,2006 1386,2007 1471,2008 1555,2009 1639,2010 1723,2011 1807,2012 1891,2014 1975,2015 2059,2017 2143,2019 2227,2021 2312,2023"/>
                <TextEquiv>
                    <Unicode>that he turned from his profession to his old pastime of poetry for a</Unicode>
                </TextEquiv>
            </TextLine>
            <TextLine id="r1l23" custom="readingOrder {index:22;}">
                <Coords points="620,2060 646,2069 667,2060 693,2060 714,2073 735,2061 778,2068 789,2057 799,2057 800,2021 785,2021 772,2008 753,2023 740,2014 710,2022 674,2007 666,2013 646,2007 621,2015"/>
                <Baseline points="632,2049 658,2050 684,2050 710,2050 736,2050 762,2050 789,2052"/>
                <TextEquiv>
                    <Unicode>career.</Unicode>
                </TextEquiv>
            </TextLine>
            <TextLine id="r1l24" custom="readingOrder {index:23;}">
                <Coords points="720,2110 2157,2146 2280,2139 2309,2090 721,2061"/>
                <Baseline points="730,2107 808,2109 886,2110 965,2111 1043,2113 1122,2114 1200,2116 1278,2117 1357,2118 1435,2120 1514,2121 1592,2122 1670,2123 1749,2123 1827,2124 1906,2125 1984,2125 2062,2126 2141,2126 2219,2126 2298,2126"/>
                <TextEquiv>
                    <Unicode>At first sight it might seem that Schnitzler’s attitude toward his work</Unicode>
                </TextEquiv>
            </TextLine>
            <TextLine id="r1l25" custom="readingOrder {index:24;}">
                <Coords points="624,2166 2218,2206 2306,2150 624,2126"/>
                <Baseline points="635,2163 722,2163 809,2164 896,2164 984,2165 1071,2166 1158,2166 1246,2167 1333,2168 1420,2169 1508,2170 1595,2171 1682,2172 1770,2174 1857,2175 1944,2176 2032,2178 2119,2179 2206,2181 2294,2182"/>
                <TextEquiv>
                    <Unicode>would be identical with Hauptmann’s. Hauptmann, however, approaches</Unicode>
                </TextEquiv>
            </TextLine>
            <TextLine id="r1l26" custom="readingOrder {index:25;}">
                <Coords points="609,2214 2310,2238 1953,2181 609,2167"/>
                <Baseline points="620,2218 703,2219 787,2220 871,2221 955,2222 1039,2223 1123,2223 1207,2224 1291,2225 1375,2226 1459,2226 1542,2227 1626,2228 1710,2229 1794,2230 1878,2231 1962,2232 2046,2233 2130,2234 2214,2236 2298,2237"/>
                <TextEquiv>
                    <Unicode>his work in the spirit of the professional psychologist. He presents charac¬</Unicode>
                </TextEquiv>
            </TextLine>
            <TextLine id="r1l27" custom="readingOrder {index:26;}">
                <Coords points="613,2277 2305,2314 2306,2259 2144,2240 614,2232"/>
                <Baseline points="623,2274 706,2275 790,2275 873,2276 957,2277 1040,2277 1124,2278 1207,2278 1291,2279 1374,2279 1458,2280 1542,2281 1625,2282 1709,2283 1792,2284 1876,2286 1959,2287 2043,2289 2126,2292 2210,2295 2294,2297"/>
                <TextEquiv>
                    <Unicode>ters that illustrate various psychological principles. This is done so cieverly,</Unicode>
                </TextEquiv>
            </TextLine>
            <TextLine id="r1l28" custom="readingOrder {index:27;}">
                <Coords points="619,2329 2322,2348 2101,2295 620,2297"/>
                <Baseline points="629,2329 713,2330 797,2331 881,2332 965,2332 1049,2333 1133,2333 1218,2334 1302,2334 1386,2335 1470,2335 1554,2336 1638,2337 1722,2337 1807,2338 1891,2340 1975,2341 2059,2343 2143,2345 2227,2347 2312,2350"/>
                <TextEquiv>
                    <Unicode>to be sure, that the process is not to be discerned in the finished drama. In</Unicode>
                </TextEquiv>
            </TextLine>
            <TextLine id="r1l29" custom="readingOrder {index:28;}">
                <Coords points="606,2401 2277,2425 2301,2369 606,2331"/>
                <Baseline points="617,2385 700,2385 784,2386 867,2386 951,2386 1035,2387 1118,2387 1202,2388 1286,2388 1369,2389 1453,2390 1537,2391 1620,2392 1704,2393 1788,2394 1871,2395 1955,2396 2039,2398 2122,2399 2206,2401 2290,2402"/>
                <TextEquiv>
                    <Unicode>Schnitzler we have a keen, scientifically trained man, who turns his ability</Unicode>
                </TextEquiv>
            </TextLine>
            <TextLine id="r1l30" custom="readingOrder {index:29;}">
                <Coords points="609,2450 2316,2470 2316,2430 1936,2398 609,2410"/>
                <Baseline points="620,2437 704,2438 788,2439 872,2440 957,2441 1041,2441 1125,2442 1210,2443 1294,2443 1378,2444 1463,2444 1547,2445 1631,2446 1715,2447 1800,2448 1884,2449 1968,2450 2053,2452 2137,2453 2221,2455 2306,2458"/>
                <TextEquiv>
                    <Unicode>as a diagnostician loose upon his environment, and records what he sees.</Unicode>
                </TextEquiv>
            </TextLine>
            <TextLine id="r1l31" custom="readingOrder {index:30;}">
                <Coords points="616,2497 2234,2532 2303,2481 617,2448"/>
                <Baseline points="628,2493 711,2494 794,2495 877,2495 960,2496 1044,2496 1127,2497 1210,2498 1293,2498 1376,2499 1460,2500 1543,2500 1626,2501 1709,2502 1792,2503 1876,2504 1959,2505 2042,2506 2125,2508 2208,2509 2292,2511"/>
                <TextEquiv>
                    <Unicode>Since Vienna is his environment, and since he is interested in moral prob¬</Unicode>
                </TextEquiv>
            </TextLine>
            <TextLine id="r1l32" custom="readingOrder {index:31;}">
                <Coords points="609,2544 2318,2578 2251,2519 609,2493"/>
                <Baseline points="620,2548 704,2548 788,2549 873,2549 957,2549 1042,2550 1126,2551 1210,2551 1295,2552 1379,2553 1464,2554 1548,2555 1632,2556 1717,2557 1801,2558 1886,2559 1970,2560 2054,2562 2139,2563 2223,2565 2308,2566"/>
                <TextEquiv>
                    <Unicode>lems, the erotic element occupies a large place in his works. His attitude</Unicode>
                </TextEquiv>
            </TextLine>
            <TextLine id="r1l33" custom="readingOrder {index:32;}">
                <Coords points="614,2622 2313,2622 2184,2570 615,2551"/>
                <Baseline points="625,2606 708,2606 792,2606 876,2607 960,2607 1044,2607 1128,2607 1212,2608 1296,2608 1380,2609 1464,2610 1547,2611 1631,2612 1715,2613 1799,2614 1883,2616 1967,2618 2051,2620 2135,2622 2219,2625 2303,2628"/>
                <TextEquiv>
                    <Unicode>has been termed cynical — an opinion which is scarcely correct. He is</Unicode>
                </TextEquiv>
            </TextLine>
            <TextLine id="r1l34" custom="readingOrder {index:33;}">
                <Coords points="610,2681 1856,2686 1928,2680 1929,2634 611,2624"/>
                <Baseline points="622,2655 686,2656 751,2657 816,2657 881,2658 946,2658 1010,2659 1075,2659 1140,2659 1205,2660 1270,2660 1334,2661 1399,2661 1464,2662 1529,2663 1594,2663 1658,2664 1723,2665 1788,2666 1853,2667 1918,2669"/>
                <TextEquiv>
                    <Unicode>objective in agreement with the naturalistic point of view.</Unicode>
                </TextEquiv>
            </TextLine>
            <TextLine id="r1l35" custom="readingOrder {index:34;}">
                <Coords points="709,2712 2316,2749 2317,2697 2236,2673 710,2687"/>
                <Baseline points="720,2712 799,2713 878,2714 957,2715 1037,2716 1116,2717 1195,2718 1275,2718 1354,2719 1433,2720 1513,2720 1592,2721 1671,2721 1750,2722 1830,2723 1909,2723 1988,2724 2068,2725 2147,2726 2226,2727 2306,2729"/>
                <TextEquiv>
                    <Unicode>A careful reading of Anatol (°92) must convince any unbiased reader</Unicode>
                </TextEquiv>
            </TextLine>
            <TextLine id="r1l36" custom="readingOrder {index:35;}">
                <Coords points="617,2783 2247,2809 2316,2748 617,2717"/>
                <Baseline points="627,2768 710,2768 794,2768 878,2768 962,2769 1046,2769 1130,2770 1213,2771 1297,2772 1381,2773 1465,2774 1549,2775 1633,2776 1717,2777 1800,2779 1884,2780 1968,2781 2052,2782 2136,2784 2220,2785 2304,2786"/>
                <TextEquiv>
                    <Unicode>of this fact. Anatol is an introspective poet, a man of exquisite culture and</Unicode>
                </TextEquiv>
            </TextLine>
            <TextLine id="r1l37" custom="readingOrder {index:36;}">
                <Coords points="604,2836 2299,2849 2299,2805 2155,2792 605,2787"/>
                <Baseline points="616,2823 699,2823 783,2824 866,2824 950,2825 1034,2825 1117,2826 1201,2827 1284,2827 1368,2828 1452,2829 1535,2830 1619,2831 1702,2832 1786,2833 1870,2834 1953,2835 2037,2837 2120,2838 2204,2839 2288,2840"/>
                <TextEquiv>
                    <Unicode>jaded nerve, who analyzes his cmotions and broods over his experiences.</Unicode>
                </TextEquiv>
            </TextLine>
            <TextLine id="r1l38" custom="readingOrder {index:37;}">
                <Coords points="612,2900 2315,2899 2315,2852 2224,2846 612,2836"/>
                <Baseline points="623,2881 707,2880 791,2880 875,2880 959,2880 1043,2881 1127,2881 1211,2881 1295,2882 1379,2882 1463,2883 1547,2884 1631,2885 1715,2886 1799,2888 1883,2889 1967,2891 2051,2893 2135,2896 2219,2899 2304,2901"/>
                <TextEquiv>
                    <Unicode>He is presented in seven love adventures — at most of which Max, his</Unicode>
                </TextEquiv>
            </TextLine>
            <TextLine id="r1l39" custom="readingOrder {index:38;}">
                <Coords points="605,2962 2306,2956 2272,2906 606,2894"/>
                <Baseline points="616,2938 700,2936 784,2935 868,2934 952,2934 1036,2934 1120,2935 1204,2935 1288,2936 1372,2938 1456,2939 1540,2941 1624,2942 1708,2944 1792,2945 1876,2947 1960,2948 2044,2949 2128,2950 2212,2950 2296,2950"/>
                <TextEquiv>
                    <Unicode>practical, half cynical friend, is present. This gives the author constant</Unicode>
                </TextEquiv>
            </TextLine>
            <TextLine id="r1l40" custom="readingOrder {index:39;}">
                <Coords points="615,2987 1966,3025 2311,3014 2312,2969 615,2959"/>
                <Baseline points="625,2992 708,2991 792,2990 876,2990 960,2990 1043,2990 1127,2991 1211,2992 1295,2992 1378,2993 1462,2994 1546,2996 1630,2997 1713,2998 1797,2999 1881,3001 1965,3002 2048,3003 2132,3004 2216,3006 2300,3007"/>
                <TextEquiv>
                    <Unicode>opportunity for subtle character contrasts. As might be expected, Anatol</Unicode>
                </TextEquiv>
            </TextLine>
            <TextLine id="r1l41" custom="readingOrder {index:40;}">
                <Coords points="611,3060 2025,3083 2314,3067 2315,3012 612,3013"/>
                <Baseline points="623,3046 707,3045 791,3045 875,3045 959,3045 1043,3045 1127,3045 1211,3046 1295,3047 1379,3048 1463,3049 1547,3050 1631,3051 1715,3052 1799,3054 1883,3056 1967,3057 2051,3059 2135,3061 2219,3062 2303,3064"/>
                <TextEquiv>
                    <Unicode>in his many adventures does not meet a single woman of real self</Unicode>
                </TextEquiv>
            </TextLine>
            <TextLine id="r1l42" custom="readingOrder {index:41;}">
                <Coords points="613,3101 2307,3123 2276,3067 613,3064"/>
                <Baseline points="623,3101 706,3100 790,3100 874,3100 957,3100 1041,3100 1125,3100 1208,3101 1292,3102 1376,3103 1460,3104 1543,3105 1627,3106 1711,3108 1794,3109 1878,3111 1962,3112 2045,3114 2129,3116 2213,3117 2297,3119"/>
                <TextEquiv>
                    <Unicode>respect. Max readily estimates these women at their true worth; Anatol</Unicode>
                </TextEquiv>
            </TextLine>
            <TextLine id="r1l43" custom="readingOrder {index:42;}">
                <Coords points="620,3169 2310,3172 2030,3119 620,3110"/>
                <Baseline points="631,3154 714,3153 797,3153 881,3153 964,3153 1048,3153 1131,3154 1215,3154 1298,3155 1382,3156 1465,3157 1548,3159 1632,3160 1715,3162 1799,3163 1882,3165 1966,3167 2049,3168 2133,3170 2216,3171 2300,3172"/>
                <TextEquiv>
                    <Unicode>takes a melancholy delight in his many disappointments. The attempt</Unicode>
                </TextEquiv>
            </TextLine>
            <TextLine id="r1l44" custom="readingOrder {index:43;}">
                <Coords points="614,3220 2323,3244 2323,3193 2209,3175 614,3169"/>
                <Baseline points="625,3206 709,3207 793,3209 878,3209 962,3210 1046,3211 1131,3211 1215,3212 1299,3212 1384,3213 1468,3213 1552,3214 1637,3215 1721,3216 1805,3217 1890,3218 1974,3220 2058,3222 2143,3224 2227,3228 2312,3231"/>
                <TextEquiv>
                    <Unicode>to identify Schnitzler himself with Anatol is as absurd as the confounding</Unicode>
                </TextEquiv>
            </TextLine>
            <TextLine id="r1l45" custom="readingOrder {index:44;}">
                <Coords points="596,3267 2047,3306 2273,3297 2321,3246 596,3222"/>
                <Baseline points="607,3265 692,3265 777,3266 862,3266 947,3266 1032,3266 1117,3267 1202,3267 1287,3267 1372,3267 1458,3268 1543,3268 1628,3269 1713,3270 1798,3271 1883,3272 1968,3274 2053,3276 2138,3279 2223,3281 2309,3284"/>
                <TextEquiv>
                    <Unicode>of a physician with his patient. This identification is probably due tothe</Unicode>
                </TextEquiv>
            </TextLine>
            <TextLine id="r1l46" custom="readingOrder {index:45;}">
                <Coords points="1410,3356 1425,3355 1442,3366 1451,3359 1455,3363 1461,3359 1487,3369 1498,3367 1504,3360 1515,3360 1513,3288 1496,3288 1484,3301 1475,3297 1467,3304 1458,3302 1448,3308 1441,3306 1435,3313 1410,3317"/>
                <Baseline points="1420,3354 1448,3350 1476,3350 1504,3352"/>
                <TextEquiv>
                    <Unicode>25</Unicode>
                </TextEquiv>
            </TextLine>
            <TextEquiv>
                <Unicode>———
box 36//4
Panphlets offorints
0·07 217-
7
4—

— ARTHUR SCHNITZLER

By Paur H. GRUMMANN
IENNA, with its peculiar traditions, accepted German natural¬
ism only with modifications. Hermann Bahr, notable as a
critic, produced a number of naturalistic dramas without,
however, making a profound impression. Indeed, Vienna
seemed to be turning away from naturalism to an artificial,
snobbish romanticism, when Arthur Schnitzler sounded a
new note in a series of dramatic dialogues published under the title of
Anatol. Schnitzler had been born in Vienna in 1862, where he devoted
himself to the study and practice of medicine, serving for a time as assistant
in the larger hospitals. Keen and philosophical by nature, the psycho¬
logical problems presented in his practice became so interesting to him
that he turned from his profession to his old pastime of poetry for a
career.
At first sight it might seem that Schnitzler’s attitude toward his work
would be identical with Hauptmann’s. Hauptmann, however, approaches
his work in the spirit of the professional psychologist. He presents charac¬
ters that illustrate various psychological principles. This is done so cieverly,
to be sure, that the process is not to be discerned in the finished drama. In
Schnitzler we have a keen, scientifically trained man, who turns his ability
as a diagnostician loose upon his environment, and records what he sees.
Since Vienna is his environment, and since he is interested in moral prob¬
lems, the erotic element occupies a large place in his works. His attitude
has been termed cynical — an opinion which is scarcely correct. He is
objective in agreement with the naturalistic point of view.
A careful reading of Anatol (°92) must convince any unbiased reader
of this fact. Anatol is an introspective poet, a man of exquisite culture and
jaded nerve, who analyzes his cmotions and broods over his experiences.
He is presented in seven love adventures — at most of which Max, his
practical, half cynical friend, is present. This gives the author constant
opportunity for subtle character contrasts. As might be expected, Anatol
in his many adventures does not meet a single woman of real self
respect. Max readily estimates these women at their true worth; Anatol
takes a melancholy delight in his many disappointments. The attempt
to identify Schnitzler himself with Anatol is as absurd as the confounding
of a physician with his patient. This identification is probably due tothe
25</Unicode>
            </TextEquiv>
        </TextRegion>
    </Page>
</PcGts>
