<?xml version="1.0" encoding="UTF-8" standalone="yes"?>
<PcGts xmlns="http://schema.primaresearch.org/PAGE/gts/pagecontent/2013-07-15" xmlns:xsi="http://www.w3.org/2001/XMLSchema-instance" xsi:schemaLocation="http://schema.primaresearch.org/PAGE/gts/pagecontent/2013-07-15 http://schema.primaresearch.org/PAGE/gts/pagecontent/2013-07-15/pagecontent.xsd">
    <Metadata>
        <Creator>prov=University of Rostock/Institute of Mathematics/CITlab/Gundram Leifert/gundram.leifert@uni-rostock.de:name=ONB_Newseye_GT_M1+(htr_id=10810)::::v=2.4.2
prov=University of Rostock/Institute of Mathematics/CITlab/Tobias Gruening/tobias.gruening@uni-rostock.de:name=de.uros.citlab.module.baseline2polygon.B2PSeamMultiOriented:v=2.4.2
prov=University of Rostock/Institute of Mathematics/CITlab/Tobias Gruening/tobias.gruening@uni-rostock.de:name=/mnt/transkribus/LA/DEA/URO/LA_news_onb_att.pb:de.uros.citlab.segmentation.CITlab_LA_ML:v=2.4.2
Transkribus</Creator>
        <Created>2019-10-07T15:14:39.949+02:00</Created>
        <LastChange>2019-10-09T04:07:41.187+02:00</LastChange>
        <TranskribusMetadata docId="224197" pageId="9514781" pageNr="9" tsid="16620811" status="IN_PROGRESS" userId="40391" imgUrl="https://files.transkribus.eu/Get?id=OGNSVUAWRMLHUJMFGUBNMRVY&amp;fileType=view" xmlUrl="https://files.transkribus.eu/Get?id=YNITOFCXWELDPPZXDVDPEMZX" imageId="6203015"/>
    </Metadata>
    <Page imageFilename="224197_0009.jpeg" imageWidth="3296" imageHeight="4320">
        <ReadingOrder>
            <OrderedGroup id="ro_1711443787657" caption="Regions reading order">
                <RegionRefIndexed index="0" regionRef="r1"/>
            </OrderedGroup>
        </ReadingOrder>
        <TextRegion orientation="0.0" id="r1" custom="readingOrder {index:0;}">
            <Coords points="216,195 216,3454 2384,3454 2384,195"/>
            <TextLine id="r1l1" custom="readingOrder {index:0;}">
                <Coords points="1834,253 2000,237 2051,263 2155,242 2396,259 2395,200 2363,192 2167,213 1833,200"/>
                <Baseline points="1843,230 1870,231 1897,232 1924,233 1951,234 1978,234 2005,234 2032,234 2059,233 2086,232 2113,231 2140,230 2167,230 2194,229 2221,228 2248,227 2275,226 2302,225 2329,224 2356,224 2384,224"/>
                <TextEquiv>
                    <Unicode>—</Unicode>
                </TextEquiv>
            </TextLine>
            <TextLine id="r1l2" custom="readingOrder {index:1;}">
                <Coords points="1227,247 1242,245 1257,251 1265,242 1272,242 1289,244 1304,254 1306,251 1308,254 1318,253 1317,209 1296,205 1290,212 1283,212 1262,204 1254,211 1239,205 1226,205"/>
                <Baseline points="1237,232 1272,230 1307,230"/>
                <TextEquiv>
                    <Unicode>—</Unicode>
                </TextEquiv>
            </TextLine>
            <TextLine id="r1l3" custom="readingOrder {index:2;}">
                <Coords points="1425,333 1511,332 1549,352 1626,327 1661,351 1710,356 1729,339 1788,352 1886,324 1886,273 1836,260 1713,269 1694,254 1654,285 1616,270 1588,287 1536,267 1502,283 1426,270"/>
                <Baseline points="1435,325 1460,324 1486,324 1512,323 1538,324 1564,324 1590,325 1616,326 1642,326 1667,327 1693,328 1719,328 1745,328 1771,329 1797,328 1823,328 1849,328 1875,326"/>
                <TextEquiv>
                    <Unicode>box 36//4</Unicode>
                </TextEquiv>
            </TextLine>
            <TextLine id="r1l4" custom="readingOrder {index:3;}">
                <Coords points="505,338 531,339 545,331 562,338 581,337 578,288 567,289 561,294 557,290 548,291 535,279 530,279 523,273 519,276 515,272 500,275"/>
                <Baseline points="515,331 542,330 569,327"/>
                <TextEquiv>
                    <Unicode>16</Unicode>
                </TextEquiv>
            </TextLine>
            <TextLine id="r1l5" custom="readingOrder {index:4;}">
                <Coords points="205,358 1262,381 1274,296 830,264 760,324 671,288 619,335 517,336 452,273 274,271 204,318"/>
                <Baseline points="216,350 268,351 320,351 373,351 425,350 478,350 530,350 582,349 635,349 687,349 740,348 792,348 844,347 897,347 949,347 1002,347 1054,347 1106,347 1159,347 1211,347 1264,347"/>
                <TextEquiv>
                    <Unicode>Panphs Offorints</Unicode>
                </TextEquiv>
            </TextLine>
            <TextLine id="r1l6" custom="readingOrder {index:5;}">
                <Coords points="2168,1135 2178,1135 2204,1154 2214,1149 2227,1151 2244,1141 2255,1151 2274,1151 2273,1089 2262,1089 2251,1079 2232,1077 2219,1067 2200,1074 2194,1072 2184,1082 2167,1078"/>
                <Baseline points="2178,1124 2206,1122 2234,1121 2263,1123"/>
                <TextEquiv>
                    <Unicode>33</Unicode>
                </TextEquiv>
            </TextLine>
            <TextLine id="r1l7" custom="readingOrder {index:6;}">
                <Coords points="1076,1137 1195,1173 1455,1140 1474,1157 1535,1137 1736,1145 1769,1128 1769,1075 1076,1084"/>
                <Baseline points="1087,1129 1120,1129 1154,1129 1187,1129 1221,1129 1254,1130 1288,1130 1321,1130 1355,1130 1388,1130 1422,1131 1456,1131 1489,1130 1523,1130 1556,1130 1590,1129 1623,1129 1657,1128 1690,1127 1724,1125 1758,1124"/>
                <TextEquiv>
                    <Unicode>PAUL H. GRUNMANN</Unicode>
                </TextEquiv>
            </TextLine>
            <TextLine id="r1l8" custom="readingOrder {index:7;}">
                <Coords points="569,1260 2275,1238 2253,1193 1828,1179 569,1224"/>
                <Baseline points="579,1245 663,1245 747,1245 831,1245 915,1244 1000,1243 1084,1243 1168,1242 1252,1241 1336,1240 1421,1238 1505,1238 1589,1237 1673,1236 1757,1235 1842,1235 1926,1235 2010,1236 2094,1236 2178,1237 2263,1239"/>
                <TextEquiv>
                    <Unicode>conditions, her innate respectability leads her to consider this bond as</Unicode>
                </TextEquiv>
            </TextLine>
            <TextLine id="r1l9" custom="readingOrder {index:8;}">
                <Coords points="576,1318 2267,1288 2184,1244 575,1269"/>
                <Baseline points="587,1297 670,1298 753,1299 837,1299 920,1299 1004,1299 1087,1299 1170,1298 1254,1298 1337,1297 1421,1296 1504,1295 1587,1295 1671,1294 1754,1293 1838,1293 1921,1292 2004,1292 2088,1292 2171,1292 2255,1292"/>
                <TextEquiv>
                    <Unicode>permanent, while to him it is an intcresting episode. She returns to her</Unicode>
                </TextEquiv>
            </TextLine>
            <TextLine id="r1l10" custom="readingOrder {index:9;}">
                <Coords points="578,1350 2049,1367 2277,1319 578,1324"/>
                <Baseline points="589,1353 672,1353 756,1353 840,1353 924,1353 1008,1352 1092,1352 1175,1352 1259,1352 1343,1352 1427,1351 1511,1351 1595,1350 1679,1350 1762,1349 1846,1348 1930,1348 2014,1347 2098,1346 2182,1344 2266,1343"/>
                <TextEquiv>
                    <Unicode>village where she witnesses the tragic death of a young woman, Who has</Unicode>
                </TextEquiv>
            </TextLine>
            <TextLine id="r1l11" custom="readingOrder {index:10;}">
                <Coords points="567,1418 2218,1414 2260,1360 567,1371"/>
                <Baseline points="577,1406 660,1406 744,1407 827,1407 911,1407 995,1407 1078,1407 1162,1407 1245,1407 1329,1406 1413,1406 1496,1405 1580,1405 1663,1404 1747,1403 1831,1403 1914,1402 1998,1401 2081,1400 2165,1399 2249,1398"/>
                <TextEquiv>
                    <Unicode>thrown herseif away for sensuous pleasures. This clarifies her views.</Unicode>
                </TextEquiv>
            </TextLine>
            <TextLine id="r1l12" custom="readingOrder {index:11;}">
                <Coords points="579,1475 2275,1478 2188,1404 579,1416"/>
                <Baseline points="590,1464 673,1464 757,1464 841,1464 925,1464 1008,1464 1092,1464 1176,1464 1260,1464 1343,1463 1427,1463 1511,1463 1595,1462 1678,1462 1762,1461 1846,1460 1930,1460 2013,1459 2097,1458 2181,1457 2265,1456"/>
                <TextEquiv>
                    <Unicode>Kneeling at this death bed, she knew that she was not one of those who,</Unicode>
                </TextEquiv>
            </TextLine>
            <TextLine id="r1l13" custom="readingOrder {index:12;}">
                <Coords points="573,1526 2277,1516 2145,1462 573,1469"/>
                <Baseline points="584,1521 668,1520 752,1520 836,1519 920,1519 1004,1519 1088,1518 1173,1518 1257,1518 1341,1518 1425,1518 1509,1517 1593,1517 1677,1517 1762,1516 1846,1516 1930,1515 2014,1514 2098,1514 2182,1513 2267,1512"/>
                <TextEquiv>
                    <Unicode>endowed with a frivolous nature, are permitted to drink the joys of life</Unicode>
                </TextEquiv>
            </TextLine>
            <TextLine id="r1l14" custom="readingOrder {index:13;}">
                <Coords points="574,1596 701,1596 722,1579 771,1594 849,1579 1046,1581 1046,1552 1012,1558 953,1522 826,1543 794,1531 775,1545 697,1547 651,1524 574,1535"/>
                <Baseline points="585,1569 610,1570 635,1571 660,1571 685,1572 710,1571 735,1571 760,1571 785,1571 810,1570 835,1570 860,1569 885,1569 910,1569 935,1570 960,1570 985,1571 1010,1572 1035,1574"/>
                <TextEquiv>
                    <Unicode>without hesitation.</Unicode>
                </TextEquiv>
            </TextLine>
            <TextLine id="r1l15" custom="readingOrder {index:14;}">
                <Coords points="673,1654 2229,1637 2273,1579 673,1597"/>
                <Baseline points="683,1629 762,1629 841,1629 920,1629 999,1628 1078,1628 1157,1627 1236,1627 1315,1626 1394,1625 1473,1624 1552,1624 1631,1623 1710,1622 1789,1621 1868,1620 1947,1620 2026,1619 2105,1619 2184,1618 2263,1618"/>
                <TextEquiv>
                    <Unicode>A novelette, Lieutenant Gustl’ (’0l), relates the monologue of the</Unicode>
                </TextEquiv>
            </TextLine>
            <TextLine id="r1l16" custom="readingOrder {index:15;}">
                <Coords points="577,1705 2270,1692 2208,1627 576,1643"/>
                <Baseline points="586,1684 669,1683 753,1683 836,1682 920,1682 1004,1681 1087,1681 1171,1680 1255,1680 1338,1680 1422,1679 1506,1679 1589,1678 1673,1678 1757,1677 1840,1677 1924,1676 2008,1675 2091,1675 2175,1674 2259,1673"/>
                <TextEquiv>
                    <Unicode>officer of that name on the night before his ducl. Against his wishes he</Unicode>
                </TextEquiv>
            </TextLine>
            <TextLine id="r1l17" custom="readingOrder {index:16;}">
                <Coords points="568,1740 2126,1755 2267,1705 568,1706"/>
                <Baseline points="579,1737 662,1737 746,1738 830,1738 914,1738 998,1738 1082,1737 1166,1737 1250,1736 1334,1736 1418,1735 1501,1734 1585,1733 1669,1733 1753,1732 1837,1731 1921,1730 2005,1729 2089,1729 2173,1728 2257,1727"/>
                <TextEquiv>
                    <Unicode>finds it necessary to attend a concert, which becomes an ordeal to him.</Unicode>
                </TextEquiv>
            </TextLine>
            <TextLine id="r1l18" custom="readingOrder {index:17;}">
                <Coords points="573,1798 2271,1786 2186,1738 573,1760"/>
                <Baseline points="584,1797 667,1796 751,1795 835,1795 919,1794 1003,1793 1087,1792 1170,1792 1254,1791 1338,1790 1422,1790 1506,1789 1590,1788 1674,1788 1757,1787 1841,1786 1925,1785 2009,1785 2093,1784 2177,1783 2261,1782"/>
                <TextEquiv>
                    <Unicode>Exasperating incidents at the check room threaten to upset his temper</Unicode>
                </TextEquiv>
            </TextLine>
            <TextLine id="r1l19" custom="readingOrder {index:18;}">
                <Coords points="572,1850 2240,1858 2278,1801 572,1808"/>
                <Baseline points="584,1849 668,1849 752,1849 836,1849 920,1849 1004,1848 1088,1847 1173,1847 1257,1846 1341,1845 1425,1844 1509,1843 1593,1842 1677,1842 1762,1841 1846,1841 1930,1840 2014,1840 2098,1841 2182,1841 2267,1842"/>
                <TextEquiv>
                    <Unicode>completely, when a master baker seizes his arm and whispers into his car,</Unicode>
                </TextEquiv>
            </TextLine>
            <TextLine id="r1l20" custom="readingOrder {index:19;}">
                <Coords points="587,1904 2270,1919 2269,1845 587,1857"/>
                <Baseline points="598,1906 681,1906 764,1905 847,1904 930,1903 1013,1902 1096,1901 1179,1900 1262,1899 1345,1899 1428,1898 1511,1897 1594,1897 1677,1896 1760,1895 1843,1895 1926,1894 2009,1894 2092,1893 2175,1893 2259,1892"/>
                <TextEquiv>
                    <Unicode>If you do not behave I shall draw your sword, break it, and send it to your</Unicode>
                </TextEquiv>
            </TextLine>
            <TextLine id="r1l21" custom="readingOrder {index:20;}">
                <Coords points="586,1966 1992,1973 2277,1922 586,1932"/>
                <Baseline points="596,1964 679,1963 763,1962 846,1961 930,1960 1013,1958 1097,1957 1180,1956 1264,1955 1347,1954 1431,1953 1515,1953 1598,1952 1682,1951 1765,1950 1849,1950 1932,1949 2016,1949 2099,1948 2183,1948 2267,1948"/>
                <TextEquiv>
                    <Unicode>regiment. Do you understand, you foolish boy.' The conditions make</Unicode>
                </TextEquiv>
            </TextLine>
            <TextLine id="r1l22" custom="readingOrder {index:21;}">
                <Coords points="569,2033 2157,2028 2243,2023 2279,1957 569,1986"/>
                <Baseline points="579,2018 663,2017 748,2016 832,2015 917,2014 1001,2013 1086,2012 1170,2011 1255,2010 1339,2010 1424,2009 1508,2008 1593,2007 1677,2007 1762,2006 1846,2006 1931,2005 2015,2005 2100,2004 2184,2004 2269,2004"/>
                <TextEquiv>
                    <Unicode>immediate retaliation impossible, and Gustl’s honor is compromised a</Unicode>
                </TextEquiv>
            </TextLine>
            <TextLine id="r1l23" custom="readingOrder {index:22;}">
                <Coords points="574,2078 2132,2081 2267,2076 2269,2031 574,2042"/>
                <Baseline points="585,2072 668,2071 752,2070 836,2069 919,2068 1003,2067 1087,2066 1170,2065 1254,2065 1338,2064 1422,2063 1505,2063 1589,2062 1673,2062 1756,2061 1840,2061 1924,2061 2007,2060 2091,2060 2175,2059 2259,2059"/>
                <TextEquiv>
                    <Unicode>second time. Since the baker may tell the episode, Gustl feels that he</Unicode>
                </TextEquiv>
            </TextLine>
            <TextLine id="r1l24" custom="readingOrder {index:23;}">
                <Coords points="576,2147 2247,2129 2268,2072 575,2103"/>
                <Baseline points="585,2127 668,2125 752,2124 835,2123 919,2122 1003,2121 1086,2120 1170,2120 1253,2120 1337,2119 1421,2119 1504,2119 1588,2118 1671,2118 1755,2117 1839,2116 1922,2115 2006,2114 2089,2113 2173,2111 2257,2109"/>
                <TextEquiv>
                    <Unicode>must obey the code and commit suicide. For fifty pages we follow the</Unicode>
                </TextEquiv>
            </TextLine>
            <TextLine id="r1l25" custom="readingOrder {index:24;}">
                <Coords points="585,2181 2093,2195 2243,2187 2278,2126 585,2147"/>
                <Baseline points="596,2182 679,2181 763,2180 846,2179 930,2178 1013,2177 1097,2176 1180,2175 1264,2174 1347,2174 1431,2173 1515,2172 1598,2172 1682,2171 1765,2171 1849,2170 1932,2169 2016,2169 2099,2168 2183,2168 2267,2167"/>
                <TextEquiv>
                    <Unicode>disjointed ante-mortem mutterings of this platitudinous officer. Finally he</Unicode>
                </TextEquiv>
            </TextLine>
            <TextLine id="r1l26" custom="readingOrder {index:25;}">
                <Coords points="579,2246 2234,2243 2276,2179 579,2202"/>
                <Baseline points="590,2236 673,2236 757,2235 841,2234 925,2234 1008,2233 1092,2232 1176,2231 1260,2230 1343,2229 1427,2229 1511,2228 1595,2227 1678,2226 1762,2225 1846,2225 1930,2225 2013,2224 2097,2224 2181,2224 2265,2224"/>
                <TextEquiv>
                    <Unicode>makes up his mind that he might as well eat breakfast before his suicide,</Unicode>
                </TextEquiv>
            </TextLine>
            <TextLine id="r1l27" custom="readingOrder {index:26;}">
                <Coords points="587,2297 2259,2294 2274,2241 587,2261"/>
                <Baseline points="598,2291 681,2290 764,2289 847,2288 931,2287 1014,2287 1097,2286 1180,2285 1264,2285 1347,2284 1430,2284 1513,2283 1597,2282 1680,2282 1763,2281 1846,2280 1930,2279 2013,2278 2096,2277 2179,2275 2263,2274"/>
                <TextEquiv>
                    <Unicode>and enters a restaurant, where by accident he learns that the master baker</Unicode>
                </TextEquiv>
            </TextLine>
            <TextLine id="r1l28" custom="readingOrder {index:27;}">
                <Coords points="589,2354 2272,2350 2271,2293 2147,2285 589,2314"/>
                <Baseline points="600,2347 683,2346 766,2345 849,2344 932,2343 1015,2342 1098,2341 1181,2340 1264,2340 1347,2339 1430,2338 1513,2337 1596,2336 1679,2336 1762,2335 1845,2335 1928,2334 2011,2334 2094,2333 2177,2333 2261,2333"/>
                <TextEquiv>
                    <Unicode>who has insulted him has died during the night. Beside himself with joy</Unicode>
                </TextEquiv>
            </TextLine>
            <TextLine id="r1l29" custom="readingOrder {index:28;}">
                <Coords points="576,2392 2282,2391 2049,2340 576,2369"/>
                <Baseline points="586,2401 670,2400 754,2399 838,2399 923,2398 1007,2397 1091,2396 1176,2395 1260,2394 1344,2393 1429,2393 1513,2392 1597,2391 1681,2390 1766,2390 1850,2389 1934,2388 2019,2388 2103,2387 2187,2386 2272,2386"/>
                <TextEquiv>
                    <Unicode>Gustl now proceeds to the barracks for his day’s service, with the resolve</Unicode>
                </TextEquiv>
            </TextLine>
            <TextLine id="r1l30" custom="readingOrder {index:29;}">
                <Coords points="588,2476 2273,2443 2223,2391 587,2410"/>
                <Baseline points="598,2460 681,2458 764,2456 847,2454 931,2453 1014,2452 1097,2450 1180,2450 1264,2449 1347,2448 1430,2447 1513,2447 1597,2446 1680,2445 1763,2445 1846,2444 1930,2444 2013,2443 2096,2442 2179,2441 2263,2439"/>
                <TextEquiv>
                    <Unicode>to’pound his adversary to pulp’ in his duel. This novelette is deservedly</Unicode>
                </TextEquiv>
            </TextLine>
            <TextLine id="r1l31" custom="readingOrder {index:30;}">
                <Coords points="584,2537 2252,2513 2281,2443 583,2468"/>
                <Baseline points="595,2511 678,2511 762,2510 846,2509 930,2508 1014,2507 1097,2506 1181,2505 1265,2504 1349,2503 1433,2503 1516,2502 1600,2501 1684,2500 1768,2499 1852,2499 1935,2498 2019,2498 2103,2497 2187,2497 2271,2497"/>
                <TextEquiv>
                    <Unicode>popular, because it gives a clear insight into the life of a considerable number</Unicode>
                </TextEquiv>
            </TextLine>
            <TextLine id="r1l32" custom="readingOrder {index:31;}">
                <Coords points="582,2565 2256,2572 2286,2519 582,2529"/>
                <Baseline points="593,2563 677,2563 761,2563 845,2563 929,2563 1013,2562 1097,2562 1181,2561 1265,2560 1349,2559 1434,2558 1518,2557 1602,2556 1686,2555 1770,2554 1854,2553 1938,2553 2022,2552 2106,2552 2190,2552 2275,2552"/>
                <TextEquiv>
                    <Unicode>of Vienna officers. During the reading of these broken sentences one is in</Unicode>
                </TextEquiv>
            </TextLine>
            <TextLine id="r1l33" custom="readingOrder {index:32;}">
                <Coords points="582,2626 2258,2626 2279,2571 582,2582"/>
                <Baseline points="593,2618 676,2618 760,2618 844,2618 928,2618 1012,2617 1095,2616 1179,2616 1263,2615 1347,2614 1431,2613 1514,2612 1598,2611 1682,2610 1766,2609 1850,2608 1933,2607 2017,2606 2101,2605 2185,2604 2269,2603"/>
                <TextEquiv>
                    <Unicode>constant danger of feeling bored, but at the end one is amazed at the vivid¬</Unicode>
                </TextEquiv>
            </TextLine>
            <TextLine id="r1l34" custom="readingOrder {index:33;}">
                <Coords points="586,2686 2279,2673 2205,2614 586,2633"/>
                <Baseline points="596,2678 679,2677 763,2676 846,2674 930,2673 1014,2672 1097,2670 1181,2669 1264,2668 1348,2667 1432,2666 1515,2665 1599,2665 1682,2664 1766,2664 1850,2663 1933,2663 2017,2664 2100,2664 2184,2664 2268,2665"/>
                <TextEquiv>
                    <Unicode>ness of the picture which the author has conveyed. Unconsciously the</Unicode>
                </TextEquiv>
            </TextLine>
            <TextLine id="r1l35" custom="readingOrder {index:34;}">
                <Coords points="590,2740 2046,2716 1809,2660 590,2687"/>
                <Baseline points="601,2726 672,2726 744,2726 816,2725 887,2725 959,2725 1031,2724 1102,2724 1174,2724 1246,2723 1318,2723 1389,2722 1461,2722 1533,2721 1604,2721 1676,2720 1748,2720 1819,2719 1891,2718 1963,2718 2035,2717"/>
                <TextEquiv>
                    <Unicode>reader enters upon all of the thoughts and interests of this man.</Unicode>
                </TextEquiv>
            </TextLine>
            <TextLine id="r1l36" custom="readingOrder {index:35;}">
                <Coords points="690,2790 2276,2771 2045,2722 690,2737"/>
                <Baseline points="701,2785 779,2783 857,2782 935,2780 1013,2779 1092,2778 1170,2778 1248,2777 1326,2777 1404,2777 1483,2777 1561,2776 1639,2776 1717,2776 1795,2776 1874,2775 1952,2775 2030,2774 2108,2773 2186,2772 2265,2770"/>
                <TextEquiv>
                    <Unicode>Under the collective title, Living Hours,' four one-act plays were</Unicode>
                </TextEquiv>
            </TextLine>
            <TextLine id="r1l37" custom="readingOrder {index:36;}">
                <Coords points="583,2849 2022,2855 2219,2841 2269,2783 582,2813"/>
                <Baseline points="593,2842 676,2839 759,2838 842,2836 926,2835 1009,2834 1092,2833 1176,2833 1259,2832 1342,2832 1426,2831 1509,2831 1592,2831 1675,2830 1759,2830 1842,2829 1925,2828 2009,2827 2092,2826 2175,2824 2259,2822"/>
                <TextEquiv>
                    <Unicode>published in °02. They discuss certain phases of the psychology of fin-de¬</Unicode>
                </TextEquiv>
            </TextLine>
            <TextLine id="r1l38" custom="readingOrder {index:37;}">
                <Coords points="585,2908 2259,2895 2278,2821 585,2851"/>
                <Baseline points="595,2894 678,2893 762,2893 845,2892 929,2891 1013,2891 1096,2890 1180,2890 1263,2889 1347,2889 1431,2888 1514,2887 1598,2887 1681,2886 1765,2885 1849,2885 1932,2884 2016,2883 2099,2882 2183,2881 2267,2880"/>
                <TextEquiv>
                    <Unicode>siecle winters. The first play, the name of which applies to the whole</Unicode>
                </TextEquiv>
            </TextLine>
            <TextLine id="r1l39" custom="readingOrder {index:38;}">
                <Coords points="581,2948 2253,2953 2288,2885 580,2912"/>
                <Baseline points="592,2949 676,2949 760,2948 844,2948 929,2947 1013,2946 1097,2945 1181,2944 1266,2944 1350,2942 1434,2941 1518,2940 1603,2940 1687,2939 1771,2938 1855,2938 1940,2937 2024,2937 2108,2937 2192,2938 2277,2938"/>
                <TextEquiv>
                    <Unicode>series, consists of a dialogue between Anton Hausdorfer, a pensioned official,</Unicode>
                </TextEquiv>
            </TextLine>
            <TextLine id="r1l40" custom="readingOrder {index:39;}">
                <Coords points="581,3006 2061,3014 2285,2959 581,2978"/>
                <Baseline points="591,3007 675,3006 759,3006 843,3005 927,3004 1012,3003 1096,3001 1180,3000 1264,2999 1348,2998 1433,2997 1517,2995 1601,2994 1685,2993 1769,2992 1854,2992 1938,2991 2022,2991 2106,2991 2190,2991 2275,2991"/>
                <TextEquiv>
                    <Unicode>and Heinrich, a literary man. Heinrich’s mother, an invalid, commits</Unicode>
                </TextEquiv>
            </TextLine>
            <TextLine id="r1l41" custom="readingOrder {index:40;}">
                <Coords points="590,3062 2029,3071 2285,3060 2285,3018 589,3030"/>
                <Baseline points="600,3060 683,3059 767,3058 851,3057 935,3056 1018,3055 1102,3054 1186,3053 1270,3052 1353,3051 1437,3050 1521,3049 1605,3048 1688,3048 1772,3047 1856,3046 1940,3046 2023,3046 2107,3045 2191,3045 2275,3045"/>
                <TextEquiv>
                    <Unicode>suicide because she feels that she is a burden to her son. This sacrifice is</Unicode>
                </TextEquiv>
            </TextLine>
            <TextLine id="r1l42" custom="readingOrder {index:41;}">
                <Coords points="591,3120 2286,3100 2215,3044 590,3084"/>
                <Baseline points="602,3116 685,3114 769,3113 852,3112 936,3111 1020,3110 1103,3109 1187,3108 1271,3107 1354,3107 1438,3106 1522,3105 1605,3104 1689,3103 1773,3102 1856,3101 1940,3101 2024,3100 2107,3099 2191,3098 2275,3098"/>
                <TextEquiv>
                    <Unicode>accepted by Heinrich rather too lightly. Anton has enjoyed the friendship</Unicode>
                </TextEquiv>
            </TextLine>
            <TextLine id="r1l43" custom="readingOrder {index:42;}">
                <Coords points="594,3183 2199,3176 2289,3133 594,3136"/>
                <Baseline points="605,3167 688,3167 772,3167 856,3166 939,3166 1023,3166 1107,3165 1190,3164 1274,3164 1358,3163 1442,3162 1525,3161 1609,3160 1693,3160 1776,3159 1860,3158 1944,3157 2027,3157 2111,3156 2195,3156 2279,3155"/>
                <TextEquiv>
                    <Unicode>of Heinrich’s mother and feels the cruelty of the young man. With pa¬</Unicode>
                </TextEquiv>
            </TextLine>
            <TextLine id="r1l44" custom="readingOrder {index:43;}">
                <Coords points="591,3230 2232,3230 2276,3170 591,3183"/>
                <Baseline points="603,3222 686,3222 769,3222 852,3222 935,3222 1018,3221 1101,3221 1184,3220 1267,3220 1350,3219 1434,3218 1517,3218 1600,3217 1683,3216 1766,3215 1849,3214 1932,3213 2015,3213 2098,3212 2181,3211 2265,3211"/>
                <TextEquiv>
                    <Unicode>tience and calmness he analyzes Heinrich’s attitude and points with re¬</Unicode>
                </TextEquiv>
            </TextLine>
            <TextLine id="r1l45" custom="readingOrder {index:44;}">
                <Coords points="602,3295 2250,3291 2284,3232 601,3242"/>
                <Baseline points="612,3280 695,3278 778,3277 861,3276 944,3276 1027,3275 1110,3274 1193,3273 1276,3272 1359,3272 1442,3271 1525,3270 1608,3270 1691,3269 1774,3269 1857,3269 1940,3268 2023,3268 2106,3267 2189,3267 2273,3267"/>
                <TextEquiv>
                    <Unicode>signed sorrow to the living hours’ that have been sacrificed to his literary</Unicode>
                </TextEquiv>
            </TextLine>
            <TextLine id="r1l46" custom="readingOrder {index:45;}">
                <Coords points="598,3349 667,3342 708,3351 744,3340 788,3351 807,3342 820,3350 851,3344 851,3314 741,3285 697,3285 657,3304 615,3300 598,3307"/>
                <Baseline points="609,3331 634,3332 660,3332 686,3332 711,3332 737,3332 763,3332 788,3331 814,3331 840,3332"/>
                <TextEquiv>
                    <Unicode>ambition.</Unicode>
                </TextEquiv>
            </TextLine>
            <TextLine id="r1l47" custom="readingOrder {index:46;}">
                <Coords points="714,3406 2215,3393 2301,3335 713,3343"/>
                <Baseline points="725,3387 803,3387 881,3387 959,3387 1038,3387 1116,3386 1194,3386 1273,3385 1351,3384 1429,3383 1508,3382 1586,3381 1664,3380 1742,3379 1821,3378 1899,3377 1977,3376 2056,3375 2134,3374 2212,3374 2291,3373"/>
                <TextEquiv>
                    <Unicode>The Woman with the Dagger’ shows how a dream may clarify the</Unicode>
                </TextEquiv>
            </TextLine>
            <TextLine id="r1l48" custom="readingOrder {index:47;}">
                <Coords points="587,3451 2293,3430 2246,3382 587,3424"/>
                <Baseline points="597,3442 681,3441 765,3441 849,3440 934,3439 1018,3438 1102,3437 1186,3436 1271,3435 1355,3435 1439,3434 1523,3433 1608,3433 1692,3432 1776,3431 1860,3431 1945,3430 2029,3430 2113,3429 2197,3429 2282,3428"/>
                <TextEquiv>
                    <Unicode>troubled mind of the dreamer. Pauline is married to a dramatist, who is</Unicode>
                </TextEquiv>
            </TextLine>
            <TextEquiv>
                <Unicode>—
—
box 36//4
16
Panphs Offorints
33
PAUL H. GRUNMANN
conditions, her innate respectability leads her to consider this bond as
permanent, while to him it is an intcresting episode. She returns to her
village where she witnesses the tragic death of a young woman, Who has
thrown herseif away for sensuous pleasures. This clarifies her views.
Kneeling at this death bed, she knew that she was not one of those who,
endowed with a frivolous nature, are permitted to drink the joys of life
without hesitation.
A novelette, Lieutenant Gustl’ (’0l), relates the monologue of the
officer of that name on the night before his ducl. Against his wishes he
finds it necessary to attend a concert, which becomes an ordeal to him.
Exasperating incidents at the check room threaten to upset his temper
completely, when a master baker seizes his arm and whispers into his car,
If you do not behave I shall draw your sword, break it, and send it to your
regiment. Do you understand, you foolish boy.' The conditions make
immediate retaliation impossible, and Gustl’s honor is compromised a
second time. Since the baker may tell the episode, Gustl feels that he
must obey the code and commit suicide. For fifty pages we follow the
disjointed ante-mortem mutterings of this platitudinous officer. Finally he
makes up his mind that he might as well eat breakfast before his suicide,
and enters a restaurant, where by accident he learns that the master baker
who has insulted him has died during the night. Beside himself with joy
Gustl now proceeds to the barracks for his day’s service, with the resolve
to’pound his adversary to pulp’ in his duel. This novelette is deservedly
popular, because it gives a clear insight into the life of a considerable number
of Vienna officers. During the reading of these broken sentences one is in
constant danger of feeling bored, but at the end one is amazed at the vivid¬
ness of the picture which the author has conveyed. Unconsciously the
reader enters upon all of the thoughts and interests of this man.
Under the collective title, Living Hours,' four one-act plays were
published in °02. They discuss certain phases of the psychology of fin-de¬
siecle winters. The first play, the name of which applies to the whole
series, consists of a dialogue between Anton Hausdorfer, a pensioned official,
and Heinrich, a literary man. Heinrich’s mother, an invalid, commits
suicide because she feels that she is a burden to her son. This sacrifice is
accepted by Heinrich rather too lightly. Anton has enjoyed the friendship
of Heinrich’s mother and feels the cruelty of the young man. With pa¬
tience and calmness he analyzes Heinrich’s attitude and points with re¬
signed sorrow to the living hours’ that have been sacrificed to his literary
ambition.
The Woman with the Dagger’ shows how a dream may clarify the
troubled mind of the dreamer. Pauline is married to a dramatist, who is</Unicode>
            </TextEquiv>
        </TextRegion>
    </Page>
</PcGts>
