3296 4320
1788 172 2299 253 —
1402 247 1876 339 box 36/4
188 250 1252 369 Pamphlets offorints
1252 960 1921 1058 ARTHUR SCHNTTZLER
724 990 825 1062 26
718 1083 2416 1169 entire lack of preaching in the book, for one of the great virtues of the author
721 1154 1935 1213 is that he confines himself rigidly to characterization.
833 1192 2412 1263 Among the acquaintances of Anatol we find the'Sweet Girlie' (Süsze
723 1261 2425 1317 Mädl), of Viennese life, Sthe suburban girl who loves in the city and marries
727 1327 2419 1392 in the suburb.' She appears in many of Schnitzler’s works, and has been
731 1373 2425 1429 depicted with so much cleverness and success that the reader is tempted
731 1432 2423 1487 to overestimate her importance in the works of the poet. Schnitzler
731 1470 2428 1550 does not make any type representative of a fixed morality, therefore we find
730 1526 2427 1593 all shades of virtue and vice in these girls. He has little of Anatol’s patience
734 1591 2420 1658 for those — many in number — who are not worth consideraticn, but the
722 1644 2434 1711 major part of his attention is devoted to those whose lives are distorted
731 1703 2430 1757 by the unfortunate conditions that have grown up in our modern life.
726 1762 2422 1821 Conventionalism has been too ready to condemn every woman who has
724 1792 2424 1871 ever taken a false step. The conventional standards have not even acted
725 1854 2428 1925 as a deterrent to the young girl at the door of womanhood — and the con¬
736 1924 2433 1991 fession of good and bad in this connection is one cfthe greatest blots upon
730 1963 2422 2036 our modern civilization. As a man of science, Schnitzler was naturally
731 2019 2424 2094 cautious about developing new and binding principles of conduct. His
739 2079 2429 2150 earlier works, however, show that he was interested deeply in two questions:
731 2131 2419 2191 the rescuing of those who are worthy of a life of seif-respect, and the sig¬
728 2185 2133 2260 nificance of the double standard of ethics for men and women.
833 2215 2422 2305 Both of these questions enter into the first drama, The Fairy-tale'
737 2318 2430 2373 (°94). It depicts the tragedy of Fanny Theren, the daughter of a widow,
743 2353 2433 2427 who has not had the character and intelligence necessary to guide her two
738 2402 2426 2473 daughters properly. Fanny, during her adolescence, becomes infatuated
743 2459 2432 2536 with a young man of no self-respect, and becomes his victim. From this
737 2513 2434 2577 relation she is rescued by a young physician, who becomes her lover, but
730 2574 2429 2639 later forsakes her for a conventional marriage. She enters the stage where
739 2619 2423 2709 she has a measure of success. She now makes the acquaintance of Fedor
736 2674 2429 2757 Denner, who at a reception in her home defends the thesis that a woman
732 2739 2426 2811 with a past is not necessarily to be condemned. He refers pointedly to
746 2809 2434 2876 the fairy tale of our prejudices on this topic. This gives Fanny a new self¬
742 2848 2432 2920 respect, and inspired by it she rises to real triumphs in her art. But Denner
740 2895 2437 2979 realizes that Fanny has a past, and in spite of his professions of faith in an
739 2947 2438 3032 equal standard of morality for men and women. his ardor cools. Repeated
741 3023 2429 3081 desperate attempts on the part of Fanny to win him back are of no avail.
743 3073 2446 3152 His feelings completely dominate his convictions. Fanny gives up this last
1867 3111 2443 3185 In contrast with Fanny,
746 3126 1870 3199 hope and accepts a call to the St. Petersburg stage.
737 3176 2433 3257 her conventional sister, Klara, becomes a music teacher, and is not beset by
741 3240 2442 3312 temptations. She marries a good-natured correct official many years her
741 3291 1833 3393 senior, and settles down to a life of philistinism.
