3296 4320
151 904 303 966 lives
146 949 296 1035 Egon
145 1013 296 1076 is son
141 1067 292 1137 Arpad.
168 1121 299 1187 with
145 1178 292 1249 llen in
150 1232 301 1301 rewell
156 1290 284 1351 rious
148 1348 284 1410 nven¬
158 1397 300 1467 d see
170 1489 289 1573 et is
186 1618 283 1681 of a
149 1673 303 1743 ralian
155 1731 285 1805 d the
158 1783 291 1865 nding
157 1842 301 1912 ncois,
184 1899 308 1960 ears
182 1950 301 2014 duke
158 2010 293 2079 come
159 2062 272 2129 enin
163 2118 310 2197 s that
218 2170 301 2235 ain
155 2228 302 2294 ndthe
179 2286 301 2355 lene,
165 2338 294 2406 nding
144 2393 301 2462 Plation
148 2446 300 2519 ets his
166 2503 302 2570 Na¬
167 2556 300 2620 Me¬
145 2611 299 2682 d thus
143 2671 301 2745 nduct.
142 2726 284 2792 er way
154 2776 290 2842 im his
174 2891 301 2958 ruth.
166 2946 316 3011 shame
158 3000 303 3066 art of
182 3056 301 3127 aupt-
1900 162 2405 243 ——
1327 176 1425 228 —
1382 219 1925 335 box 36/4
254 239 1319 333 Panphlets offorints
2438 767 2541 847 41
1335 761 2035 864 PAUL H. GRUNMANN
851 860 2554 965 which it is cast. The main plot stands out with remarkable cleanness, and
849 949 2543 1011 countless episodes and characters are related to it with great skill. So, for
844 1008 2547 1064 instance, the self-sacrificing love of Anna, who loves George and receives
852 1050 2538 1124 no attention from him — dying finally as a nurse in the service; che sturdy
853 1119 2545 1185 character of Mrs. Klahr’s brother, who has a fine scorn for flamboyant
851 1162 2546 1244 patriotism, but knows how to die when the occasion demands it; the petty
854 1239 2550 1296 schemes of a pasteboard prince in their relation to the intrigues of various
843 1269 2548 1325 adventurers; the enigmatical ambition of Helene in whom the vanity of this
851 1326 2553 1396 family finds its most consistent and pathetic representative; these and
846 1393 2551 1454 other elements are all fused into a drama that will certainly live as long as
844 1439 2549 1488 higher aims are followed on the stage. Incidentally the drama is a most
855 1507 2558 1555 convincing satire upon war. What Bertha von Suttner attempted to do
850 1544 2549 1618 in Ground Arms' Schnitzler accomplished here in a really artistic manner.
854 1600 2557 1661 Instead of giving us pages of moralizing and preaching, Schnitzler allows
852 1672 2556 1736 his almost uncanny talent for characterization full play and convinces us
858 1717 2103 1793 of the folly of many of the emotions sanctified by war.
956 1768 2555 1832 Rudolph Lothar has stated that Schnitzler has steadily deepened,
861 1834 2559 1897 but that he has failed to broaden his art. One is tempted to agree with
863 1896 2555 1953 this opinion, yet The Way into the Open'’ and Young Medardus’ give
861 1932 2562 2001 evidence that Schnitzler is striving to do more comprehensive work.
858 1974 2565 2050 Whether he will accomplish this remains a serious question. As an Austrian
853 2038 2563 2110 resident in Vienna, he lacks the proper arena. Thoroughly German in the
856 2089 2569 2168 best sense, he is conscious of the foibles of Vienna, which he has depicted with
867 2161 2557 2235 a good-natured humor that springs from genuine love. In a certain sense
865 2205 2572 2285 he may suffer as Grillparzer did, by not having his greatest possibilities
865 2277 2565 2333 awakened by his environment. However much the poets of Germany may
858 2315 2559 2391 feel out of sympathy with the trend of German affairs, they do have an
876 2390 2563 2447 environment which spurs them on to noble efforts; for back of the mili¬
868 2410 2559 2502 tarism and jingoism on the surface remains the Germany of science and
861 2487 2570 2539 art, the Germany of social endeavor which must be a joy to any poet.
867 2548 2574 2607 What Schnitzler has already done places him among the foremost writers
863 2597 2579 2657 of the day. Not since Heine have the Germans produced such wit — and
862 2676 2567 2719 coupled with this is a sense of form, an artistic sensitiveness, quite unique.
875 2700 2576 2782 He is not the flippant dandy of literature as some have supposed, but a
873 2762 1911 2851 man who takes his art and himself seriously.
