3392 4384
188 360 1012 468 1. Miscellaneous
1165 348 1634 443 box 41/2
1134 1086 1798 1165 ist, daß die dem Lande zu##
1115 1147 2065 1217 darin bestünde, an dem Bestehenden über,
1131 1182 2440 1260 rütteln, es nach Möglichkeit wenigstens noch für eine vor
1134 1238 2437 1321 Zeit zu konservieren. Graf Andrässy als Ministerpräsi= als
1131 1273 2457 1361 dent der Koalition ist unter den gegenwärtigen Umstän= muß
1122 1333 2467 1421 den ein Widersinn und überdies ein persönlicher Akt derer
1135 1389 2320 1463 gegen den derzeitigen Ministerpräsidenten Dr. Alexander
1139 1406 2465 1502 Wekerle. Einer ganz anderen Beurteilung unterläge diese erled
2310 1524 2460 1617 züge
2339 1586 2468 1643 Schil
1297 1565 1976 1696 15300 Femlleton.
2129 1600 2465 1721 77 Hein
2334 1681 2443 1745 drei
2332 1709 2463 1792 trotz
1243 1706 2031 1847 Faust bei Reinhardt.
2334 1766 2484 1845 Temy
1522 1796 1961 1878 Von Rudolf Lothar.
2344 1826 2465 1888 imm
1236 1847 2333 1948 Fünfundzwanzig Jahre sind es her, da nahmen zwei
2340 1862 2461 1939 nun¬
1155 1903 2328 1996 junge Leute, die Poeten werden wollten, Abschied von
2341 1910 2475 1988 zeich:
1165 1958 2324 2046 Wien. Sie hatten die Absicht, die Welt zu sehen und ihr
2348 1968 2465 2033 dem.
1169 2012 2325 2084 erstes Ziel war Berlin. Der eine dieser beiden Wanderer
2353 2018 2487 2083 ist 2
1168 2053 2322 2140 war Arthur Schnitzler, der andere war ich. Wir kamen
2351 2105 2479 2172 derb,
1165 2100 2327 2188 mittags in Berlin an und saßen abends schon im Thea¬
2348 2160 2475 2226 und
1173 2147 2338 2236 ter. Im Deutschen Theater. Gegeben wurde „Faust“. Den
2348 2211 2478 2283 Tier,
1177 2194 2338 2296 Faust spielte Sommerstorff, das Gretchen Teresina Geß¬
2354 2260 2470 2313 Tra¬
1173 2258 2330 2335 ner, den Mephisto Max Pohl. Wir hatten beide Heim¬
2354 2303 2484 2368 doch
1162 2294 2335 2370 weh (schon am ersten Tag, oder vielleicht, weil es der
2348 2352 2461 2415 wir
1165 2348 2340 2423 erste Tag war) und eben darum war unsere Seele wund
2362 2404 2469 2464 gewi
1181 2390 2343 2483 und empfänglich und jener Faustabend steht noch heute
2364 2443 2481 2515 Holz
1167 2445 2349 2527 in meinem Erinnern, als wäre es gestern gewesen. Nun
2352 2498 2475 2558 sage
1180 2489 2346 2583 war ich wieder beim Faust im Deutschen Theater. Aber
2358 2541 2491 2617 Effe
1177 2542 2347 2623 nicht mehr L'Arronge führte hier das Szepter, sondern
2357 2593 2478 2659 des
1179 2586 2351 2665 Reinhardt und zwischen jenem Faust vor fünfundzwanzig
2360 2644 2494 2703 mer
1177 2636 2352 2715 Jahren und der heutigen Aufführung liegt eine Welt.
1184 2709 2501 2769 Ein Abgrund, so groß und tief wie der zwischen dem tragt
2367 2745 2493 2804 nirg.
1189 2744 2357 2819 Deutschen Theater in der Schumann=Straße und dem
2374 2789 2496 2850 Aud
1188 2779 2367 2863 Königlichen Schauspielhause am Gendarmenmarkt, wo
2374 2842 2481 2891 im
1183 2822 2369 2919 jetzt Sommerstorff und Pohl wirken. Und da und dort
2369 2878 2490 2947 later
1183 2883 2357 2973 wird „Faust“ gespielt. Wo ist der richtige? Der alte
2369 2931 2498 2989 Aue
1195 2927 2364 3021 Faust, den ich bei L'Arronge sah, war ganz traditionell,
2375 2978 2485 3043 lich.
1195 2978 2364 3063 der heutige Faust bei Reinhardt setzt seinen Ehrgeiz dar¬
2370 3031 2496 3088 reits
1185 3024 2360 3107 ein, sich von der Tradition so viel als möglich loszu¬
1182 3090 2486 3158 lösen. Was wird damit erreicht? Das möchte ich Ihren lose;
2370 3128 2495 3195 gan
1189 3146 1661 3221 Lesern jetzt erzählen.
2372 3172 2503 3245 szen
1281 3169 2367 3258 Reinhardt gab nicht einen Faust, er gab drei
2373 3216 2502 3281 wir
1200 3228 2370 3314 Fäuste. In drei verschiedenen Besetzungen führte er das
2386 3263 2506 3327 beri
1200 3281 2371 3361 Drama vor, eine stolze Kraftprobe ersten Ranges. Denn
2386 3319 2512 3388 stift.
1196 3326 2371 3410 welches Theater Deutschlands mag sich rühmen, das
2396 3372 2509 3435 Har
1206 3372 2365 3457 schwierigste aller Stücke der Weltliteratur dreifach be¬
1211 3425 2507 3504 setzen zu können. Und dabei sind alle drei Besetzungen; weg
1204 3464 2525 3564 Reinhardts interessant und jede hat ihre besonderen Vor= Eckse
