3392 4320
311 263 381 332 M
256 262 990 371 —ellaneous
2131 135 2204 244 —.—
1156 244 1591 355 box 41/2
981 1056 1130 1134 anfter
981 1123 1491 1186 Sie macht eine 1#..
980 1163 1816 1240 bewirkt, dass sich selbst manche g.
983 1205 2219 1303 Einnahmen halber marktschreierischer Ware“ zuven
1014 1284 2260 1373 Die Herren Buchhändler sollten sich die Warenhäuser
980 1323 2264 1415 zum Muster nehmen und nach gewissen Gesichtspunkten
990 1399 2271 1489 „Bücherwochen“ einrichten. Dadurch könnten leicht alle
992 1468 2276 1548 ihre Bücher im Jahre wiederholt zu ihrem Rechte kommen.
985 1520 2262 1590 Mittel und Wege, die Woche“ spezialisiert dem Publikum
986 1566 2269 1645 zur Kenntnis zu bringen, gibt es verschiedene. Zeitungen
997 1631 2271 1700 vermögen bekanntlich zu Weihnachten nicht viel. Als der
991 1676 2276 1779 Verleger meiner drei ersten Bücher mir sagte: „Vierzig
992 1733 2265 1829 Exemplare sinddurch die Zeitungsreklame abgesetzt worden!“,
995 1798 2281 1883 so waren wir einig, darauf nur noch wenig zu rechnen. Und
1006 1856 2289 1957 er setzte im ersten Jahre zwei starke Auflagen ab — aber
1873 1926 2243 1994 Bruno Garlepp.
1008 1941 1511 2024 nicht zu Weihnachten.
1542 1934 1644 2031 20
1053 1993 2288 2076 Wenn ich Sortimenter wäre, würde ich meinen Kunden
1004 2048 2289 2155 klarmachen, dass wir in einem glücklichen Jahrhundert
1002 2111 2290 2202 leben; keine Generation vor uns ist mit so grossen Stiefeln
1013 2191 2285 2258 wie wir ausgeschritten, nach uns wirds kaum einer so
1005 2233 2281 2320 schön wie uns gelingen. Darum ehret eure grossen Zeit¬
1013 2298 2296 2396 genossen! Wenn ihr nicht ehren wollt: schimpft und kauft.
1051 2343 2301 2459 Mein Eigennutz gebietet mir, zu predigen: kauf Roda
1002 2432 1166 2515 Roda.
1836 2470 2319 2556 nitzler, Hauptmann,
1051 2477 1856 2569 Mein Geschmack rät: kauft S#
1026 2523 2308 2614 Wedekind, Meyrink, Thoma, Roda, Däuthendey, Dehmel,
1046 2588 2297 2673 ilieneron, Heinrich und Thomas Mann, Schaffner, Bahr
1979 2651 2271 2716 Roda Roda.
1067 2650 1689 2766 d Altenberg. 000,
1736 2645 1833 2745 %
1098 2711 2295 2804 Vas ich tun würde, wenn ich Sortimenter wäre? Diese
1098 2780 2308 2892 ge erschöpfend zu beantworten, traue ich mir nicht zu.
1124 2841 2307 2924 der Fülle dessen, was heutzutage geschrieben und
1144 2905 2314 2989 kt wird, besteht für den Sortimenter die völlige
1164 2959 2329 3068 lichkeit, alles auch nur flüchtig zu kennen und zu
2302 3020 2352 3101 8
1712 3025 2084 3142 S
