3392 4320
919 669 979 728 —
635 1938 808 2040 W
695 1996 868 2086 G
703 2060 829 2111 N
1130 2176 1618 2262 Zeichnung von Ians Tempfe.
282 2189 615 2271 „Die Wienerin.“
281 2263 1272 2366 Es ist übrigens eine alte Geschichte, dass
278 2346 1276 2415 das eigentlich schwache Geschlecht das
290 2404 1280 2465 männliche ist. Wer’s noch nicht weiss,
280 2466 1276 2526 der überzeuge sich nur gefälligst davon
289 2519 1282 2602 durch ehrliche Beobachtung, wie die Frauen
288 2579 1284 2639 im allgemeinen — ich freilich habe ja
286 2627 1197 2719 hier nur mit den Wienerinnen zu tun
288 2702 1271 2757 in den Tagen des Unglücks sich zu be¬
281 2765 1274 2834 währen wissen, wie sie den verzagten
278 2819 1271 2889 Mann aufrichten, ihm frischen Mut ein¬
289 2886 1289 2949 flössen, ihn in der Krankheit pflegen, ihn
289 2946 1282 3012 gesund machen, ihm zuzureden verstehen,
293 2999 1266 3057 wo er schwankt, und mit ihrem Kreuz¬
284 3063 1274 3124 köpfel doch immer das Richtige treffen.
289 3115 1287 3171 In allem dem steckt Tapferkeit, Gesundheit
293 3183 1279 3241 und bei allen gelegentlichen kleinen weib¬
294 3238 1296 3311 lichen Torheiten tiefe natürliche Weisheit
303 3299 763 3372 und Lebensklugheit.
373 3372 1293 3433 Im engsten Zusammenhang mit dieser
297 3440 1295 3502 Lebensauffassung steht für die Wienerin
292 3488 1287 3565 die Toilettefrage, die ihr sehr wichtig ist.
296 3568 1289 3627 Man wird einwenden: Für welche Frauen
293 3614 1294 3681 denn nicht auf dem ganzen Erdenrund?
305 3670 1293 3735 Richtig; aber es gibt doch gewisse Nüancen.
293 3728 1291 3804 Die deutsche Frau ist in diesem Punkte
300 3799 1291 3859 viel, viel zurückhaltender. Es ist freilich
298 3846 1286 3906 auch „im Reich“ nicht mehr alles so, wie
299 3905 1300 3983 es war. Auch dort sind die Frauen in
305 3982 1301 4033 Sachen der Toilette wählerischer und
309 4026 1295 4089 kapriziöser geworden und es mögen da
312 4094 1286 4163 wohl die fünf Milliarden ein wenig nach¬
313 4124 1676 4207 geholfen haben, aber es geht doch noch „Die Wienerin.“
1681 282 2773 373 anders zu und noch immer lassen sich Unterschiede
1675 362 2771 427 feststellen. Aus der Literatur lassen sich die
1673 411 2785 489 Aufschlüsse holen und aus direkter persönlicher
1681 473 2007 544 Beobachtung.
1787 533 2783 618 Die „gute Stube“ die nicht benutzt und
1676 594 2785 661 nicht geheizt wird, in der die Möbel im Ueberzug
1683 651 2786 715 stehen und die sich nur auftut, wenn ein illustrer
1682 710 2789 771 Besuch erscheint, der sich unter Umständen
1680 779 2789 849 dort ausfrieren darf, die ist in Wien längst zur
1682 834 2132 907 Legende geworden.
1782 899 2787 987 Die Legende von dem „guten“ Kleid hat
1681 963 2787 1046 aber in Wien überhaupt niemals bestanden. Dass
1685 1022 2777 1100 also die Hausfrau ein besonders geschätztes Aus¬
1688 1101 2789 1172 stattungsstück, etwa das „Blauseidene“ von Sai¬
1684 1149 2794 1207 son zu Saison sorglich aufhebe und es dann
1684 1203 2788 1274 hervorhole, wenn sich nach Jahr und Tag ein
2396 1251 2791 1329 das gibt es in
1681 1268 2310 1333 bedeutender Anlass ergibt
1692 1332 2794 1386 Wien nicht. Kleider muss man natürlich haben;
1684 1387 2788 1452 man iuss sich doch bekleiden. Jede Frau braucht
1684 1434 2784 1500 also gelegentlich ein neues Kleid. Was die
1691 1512 2788 1575 Wienerin betrifft, so glaube ich, dass es in
1685 1553 2791 1614 ihrem ganzen Leben keine Phase gibt, in der
1688 1615 2792 1682 sie nicht, und zwar besonders dringend, ein neues
1685 1679 2786 1739 Kleid brauchte. Ich kann da sämtliche Ehe¬
1676 1741 2787 1796 männer Wiens zu Zeugen aufrufen. Sie werden
1689 1809 2791 1855 einstimmig bekunden, dass eine Wienerin nic „etwas
1680 1850 2784 1922 zum Anziehen“ hat. Die aber müssen es wissen, sie
1690 1903 2779 1975 haben es aus erster Quelle. Es muss also immer
1693 1962 2787 2041 ein neues Kleid her. Verstehen wir uns recht;
1692 2022 2800 2092 nicht immer ist ein Kleid ein Kleid. Mein Gott, ein
1896 2085 2787 2158 bekleidet ist man bald! Man nennt
1690 2087 1845 2162 Kleid
2144 2648 2282 2722 gn g
1893 3607 1966 3685 7
2112 4134 2808 4203 Genälde von Alarie Rosenthal-Hatschek.
