3392 4320
1109 276 1580 379 box 41/3
138 289 968 396 1. Miscellancens
1008 745 1389 847 Telephon 12.801.
1096 844 1252 945 2“
448 882 1188 996 JOBSENVEN
284 927 1368 1053 1. österr. beh. konz. Unternehmen für Zeitungs¬
485 999 1177 1085 Ausschnitte und Bibliographie.
459 1045 1227 1151 Wien, I., Conoordiaplatz 4.
677 1139 1005 1206 Vertretungen
278 1145 1363 1263 In Berlin, Brüssel, Budapest, Chicago, Cleveland, Christiania,
281 1219 1372 1304 Genf, Kopenhagen, London, Madrid, Mailand, Minneapolis,
278 1235 1373 1348 New-Vork, Paris, Rom, San Francisco, Stockholm, St. Peters¬
675 1299 966 1362 burg, Toronto.
622 1327 1010 1411 ##nollenangabe ohne Gewähr.)
263 1376 667 1457 Ausschnitt aus:
615 1436 1438 1530 Hannoverscher Anzeiger, Hu##
485 1456 773 1566 13 2 1911
263 1502 432 1552 vom:
282 1587 1297 1653 Verhandlung gegen Hiaer wezen der Konzessondente
324 1644 1293 1694 r#ehung solange aussetzen, bis die Meineidsanzeigen
334 1674 1240 1730 von der Staatsanwaltschaft erledigt worden sind.
424 1687 1294 1762 rthur Schnitzler als Theaterarzt. Viel bespro¬
324 1704 1300 1799 chent   Wren em Zwischenfall bei der gestri¬
324 1788 1293 1843 gen Burgtheaterprobe von Fuldas „Herr und Die¬
332 1819 1295 1865 nied". Reimers als König Kosru muß eine Krone
334 1853 1286 1890 zertreten. Er tat, dies mit soviel Energie, daß ihm
343 1887 1280 1935 ein Zacken der Krone in den Fuß drang und eine
333 1910 1281 1969 heftig schmerzende Wunde verursachte. Als einzi¬
340 1955 1283 2007 ner der Generalprobe beiwohnender Arzt war der
329 1984 1279 2035 Dichter Arthur Schnitzler anwesend, und dieser lei¬
336 2018 1276 2073 stete Reimers die erste Hilfe. Die Unterbrechung,
330 2052 1279 2108 dauerte eine halbe Stunde. Reimers spielte, dam
337 2084 1281 2160 hinkend seinen Part zu Ende. Es bestehen Zweifel,
332 2114 1011 2162 ob nicht eine Muskelzerrung vorliegt.
381 2148 1292 2206 Die Londoner Saison ohne deutsche Oper. Das
292 2182 1306 2270 soehen veröffentlichte Programm der kommenden
512 2221 562 2265 1#
298 2543 1334 2663 Bitte Rückseite beachten!
906 2616 1332 2713 Telephon 12.801.
1129 2719 1252 2816 44
424 2803 1198 2933 „SSSHR WIi
290 2880 1373 2983 I. österr. behördl. konz. Unternehmen für
588 2954 1084 3035 Zeitungsausschnitte
309 3003 1378 3087 Wien, I. Konkordiaplatz 4
701 3070 1008 3129 Vertretungen
305 3083 1397 3184 in Berlin, Basel, Budapest, Chicago, Cleveland, Christiania,
313 3135 1400 3220 Genf, Kopenhagen, London, Madrid, Mailand, Minneapolis,
296 3174 1410 3268 New-Vork, Parts, Rom, San Francisco, Stockholm, St. Peters¬
707 3230 1011 3289 burg, Toronto.
551 3271 1222 3367 (Quellenangshe ehpe Gewänr).
315 3349 701 3423 Ausschnitt aus:
514 3404 937 3493 19. FEB. 1911
308 3466 1091 3577 Wion zu ruekluhe. Ausscheen
529 3502 1357 3607 Arthur Schnitzle#als Theaterarzt. Viel¬
361 3536 1358 3655 #sprochen wiid ein Zwischenfall bei der Burg;
368 3593 1349 3707 Theaterprobe von Fuldas „Herr und Diener.
380 3630 1357 3759 [Reimers als König Kosru muß eine Krone zer¬
388 3685 1366 3792 tieten. Er tat dies mit soviel Energie, daß ihm ein
387 3713 1359 3836 [Zacken der Krone in den Fußdrang und
385 3769 1378 3902 eine heftig schmerzende Wunde verursachte. Als ein¬
384 3810 1379 3945 ziger der Generalprobe beiwohnender Arzt war der
402 3868 1381 3967 Dichter Arthur Schnitzler anwesend, und dieser
399 3899 1386 4021 leistete Reimers die erste Hilfe. Die Unterbrechung
400 3944 1377 4061 dauerte eine halbe Stunde. Reimers spielte dann
405 3984 1381 4114 hintend seinen Part zu Ende. Es bestehen Zweisel,
407 4038 1384 4141 ob nicht eine Muskelzerrung vorliegt, in welchem
411 4080 1264 4202 Falle die Premiere abgesagt werden naßte.
2013 168 2224 274 .—
1822 552 2862 681 Bitte Rückseite beachten!
2427 636 2877 731 Telephon 12.801.
2592 745 2764 857 D4
2048 825 2711 930 UBSERVER
1947 877 2054 950 9
1803 890 2909 997 I. österr. behördl. konz. Unternehmen für
2115 973 2603 1050 Zeitungsausschnitte
1828 1017 2905 1119 Wien, I., Konkordiaplatz 4.
2238 1080 2532 1142 Vertretungen
1819 1103 2914 1184 in Berlin, Basel, Budapest, Chicago, Cleveland, Christiania,
1829 1159 2912 1219 Genf, Kopenhagen, London, Madrid, Mailand, Minneapolis,
1828 1218 2932 1266 New-Vork, Paris, Rom, San Francisco, Stockholm, St. Peters¬
2225 1247 2534 1305 burg, Toronto.
2076 1292 2679 1373 (Quellenangabe ohne Gewähr).
1842 1370 2186 1455 Ausschnitt au
2195 1375 2973 1484 ERLINER TAGBLATT
1878 1420 2175 1519 2OFID E11
1842 1501 1992 1570 vom:
1745 1597 2943 1760 □ Der Dichter als Arzt. Bei der letzten Generalprobz i Wiener
1699 1654 2943 1784 Burgthealer halte Arthur Schuitler Gelegenheit, in seiner
1708 1687 2938 1843 bürgerlichen Tätigse# ils Arzt zu lungieren. Wie unser Wiener
1709 1726 2946 1879 Norrespondent meldel, hatte sich der Schauspieler Reimers während
1717 1785 2947 1929 der Probe auf der Bühne den Fuß verstaucht. Arthur Schnitzler.
1719 1814 2953 1964 der gerade im Zuschauerraum saß, kam auf die Bühne und leistete
1719 1925 2229 2012 dem Darsteller seine Hilfe.
2531 2288 2709 2381 Telepten
1991 2441 2629 2544 „UDSERTER
1862 2497 2927 2618 Sterr. behördl. konz. Unternehmen für Zoitrnge-Ausschaltt
1967 2582 2716 2658 Wien, I., Conoordiaplats 4.
2177 2641 2506 2708 Vertretungen
1798 2665 2877 2762 In Berlin, Basel, Budapest, Chicago, Cleveland, Christiania.
1801 2747 2876 2788 Geut, Kopenhagen, London, Madrid, Malland, Minneapolla,
1799 2769 2889 2837 New-Vork, Paria, Rom, San Francisen, Stockbolem, Bt. Peters.
2260 2815 2504 2868 g,Toronto.
2181 2827 2221 2863 1
2282 2854 2569 2927 #u u
2086 2901 2652 2983 lnchener Kuns u
1787 2926 1989 3009 Abseohn
2079 2965 2653 3085 -4. MRZ. 1110
1792 3070 2017 3158 7031
2232 3160 2699 3241 # Promenabeplatz 16.
1919 3228 2784 3294 Arthur Schnitzler als Theaterarzt. Aus
1802 3277 2775 3339 Wien wird gemerserBiel besprochen wird ein
1799 3329 2789 3390 Zwischenfall bei der Burgtheaterprobe von Fuldas
1810 3379 2787 3445 „Herr und Diener“ Reimers als König Kosru
1812 3434 2785 3489 muß eine Krone zertreten. Er tat dies mit soviel
1799 3479 2797 3529 Energie, daß ihm ein Zacken der Krone in den
1806 3528 2789 3588 Fuß drang und eine heftig schmerzende Wunde ver¬
1801 3581 2791 3636 ursachte. Als einziger der Generalprobe beiwohnender
1809 3631 2800 3690 Arzt war der Dichter Arthur Schnitzler anwesend,
1809 3673 2651 3746 und dieser leistete Reimers die erste Hilfe.
