3392 4224
342 164 475 239 1 S
1140 165 1592 254 box 41/3
622 179 962 238 aneous
149 180 976 280 1. M.
190 543 1156 640 Bitte Rückseite beachten!
797 626 1247 726 Telephon 12.801.
1008 743 1126 829 44
304 808 1067 904 „OBSI! ER
171 887 1259 996 I. österr. behördl. konz. Unternehmen für
464 944 958 1017 Zeitungsausschnitte
182 997 1257 1076 Wien, I., Konkordiaplatz 4.
559 1051 849 1121 Vertretungen
169 1084 1262 1191 in Berlin, Basel, Budapest, Chicago, Cleveland, Christiania,
164 1128 1252 1217 Genf, Kopenhagen, London, Madrid, Mailand, Minneapolis,
175 1163 1263 1253 New-Vork, Paris, Rom, San Francisco, Stockholm, St. Peters¬
561 1217 856 1286 burg, Toronto.
403 1259 1001 1349 (Quellenangabe ohne Gewähr).
155 1302 544 1383 Ausschnitt aus:
302 1370 483 1420 PPaf0!
237 1378 580 1463 #####
166 1436 301 1485 vom:
461 1409 1255 1515 weruner Local Anzeiger
278 1512 1159 1618 1 P Arkhür Schnitzler als Theaterarzt.
263 1572 1147 1637 dis Wien tel#grüphiert unser n3.
250 1617 1162 1674 Korrespondent: Vielbesprochen wird ein
251 1657 1160 1730 Zwischenfall bei der heutigen Burgtheaterprobe
253 1696 1151 1756 von Fuldas „Herr und Diener". Reimers als
248 1740 1158 1809 König Kosru muß eine Krone zertreten.
244 1757 1152 1849 Er tat dies mit soviel Energie, daß ihm ein
252 1806 1148 1884 Zacken der Krone in den Fuß draug
239 1852 1140 1923 und eine heftig schmerzende Wunde verursachte.
237 1892 1146 1970 Als einziger der Generalprobe beiwohnender Arzt
212 1933 1172 2013 war der Dichter Ain Sauiler an¬
261 2046 1168 2112 wesend, und dieser leistete Reimers die erste
251 2087 1164 2148 Hilfe. Die Unterbrechung dauerte eine halbe
257 2115 1154 2179 Stunde. Reimers spieltg dänn hinkend seinen Part
264 2169 1153 2224 zu Ende. Es bestehen Zweifel, ob nicht eine
254 2202 1163 2289 Muskelzerrung-hokliegt, in welchem Falle dig
239 2243 905 2316 Premiere #g#fägt werden müßte.
912 2267 1107 2351 n
302 2343 1141 2420 F Artyur Schnitzler als Theaterarzt.
240 2412 1146 2460 Aus Wien telegraphiert unser na.¬
245 2447 1142 2500 Korrespondent: Vielbesprochen wird ein
1149 2431 1228 2524 6
244 2492 1138 2543 Zwischenfall bei der heutigen Burgtheaterprobe
1144 2522 1218 2569 N
232 2519 1149 2575 von Fuldas „Herr und Diener". Reimers als
1159 2558 1232 2630 sit
249 2562 1141 2619 König Kosru muß eine Krone zertreten.
242 2610 1136 2653 Er tat dies mit soviel Energie, daß ihm ein
1161 2620 1205 2680 8
248 2639 1136 2699 Zacken der Krone in den Fuß drang
1148 2674 1227 2718 zu
238 2680 1137 2727 und eine heftig schmerzende Wunde verursachte.
1149 2708 1233 2755 In
236 2717 1135 2775 Als einziger der Generalprobe beiwohnender Arzt
1151 2744 1227 2786 ha
237 2759 1130 2816 war der Dichter Arthur Schnitzler an¬
1167 2770 1233 2818 ne
236 2796 1130 2850 wesend, und dieser leistete Reimers die erste
1145 2811 1234 2854 da
249 2832 1131 2901 Hilfe. Die Unterbrechung dauerte eine halbe
1151 2848 1228 2889 mi
1154 2879 1236 2923 Fa
243 2875 1137 2922 Stunde. Reimers spielte dann hinkend seinen Part
1160 2915 1236 2954 spi
242 2921 1136 2969 zu Ende. Es bestehen Zweifel, ob nicht eine
1166 2944 1242 2986 ver
241 2968 1141 3004 Muskelzerrung vorliegt, in welchem Falle die
247 2990 895 3064 Premiere abgesagt werden müßte.
1155 3009 1233 3072 Fa
290 3035 1144 3100 + Großfeuer in einer Lichtefabrik. Eine
1149 3067 1220 3121 Ae
235 3097 1137 3137 Feuersbrunst zerstörte, wie unser st.=Kor¬
1151 3115 1235 3158 rich
246 3132 1135 3181 respondent telegraphiert, die Lichte¬
1168 3149 1240 3185 Ae
255 3168 1135 3219 fabrik von Wiles and Lewis im Lon¬
1145 3182 1234 3231 Me
246 3207 1134 3256 doner Stadtteil Sanct Albans. Trotz aller Be¬
1151 3215 1244 3258 wer
1158 3248 1247 3290 der
243 3244 1142 3297 mühungen der Feuerwehr, raste der Brand, von
1153 3282 1254 3328 Sti
240 3289 1142 3334 hundert Tonnen Fett genährt, vier Stunden
1163 3319 1252 3384 gebe
243 3333 1148 3379 lang, bis der gesamte große Gebäudekomplex ein¬
250 3374 1148 3422 schließlich der wertvollen Maschinerie total ein¬
1168 3374 1246 3426 sten
249 3406 1138 3457 geäschert war. Der Schaden beträgt eine Viertel¬
258 3441 528 3497 million Mark.
1159 3487 1199 3527 li
302 3474 1150 3541 + Revision im Prozeß Buturlin. Der,
262 3524 1142 3575 wie berichtet, wegen der Ermordung des jungen
258 3576 1149 3621 Buturlin zu lebenslänglicher Zwangsarbeit ver¬
1163 3556 1206 3644 4
249 3608 1149 3657 urteilte O'Brien de Lacy beabsichtigt, einem
255 3649 1153 3693 Privattelegramm zufolge, die Kassations¬
236 3682 1200 3747 klage einzureichen. Die Gattin de Lacys!s
455 3792 1190 4017 Jar 124
2005 84 2749 181 „OBSERVEN
1857 173 2916 232 I. österr. beh. konz. Unternehmen für Zeitungs¬
2061 224 2720 275 Ausschnitte und Bibliographie.
2019 262 2773 344 Wien, I., Concordiaplatz 4.
2243 345 2568 404 Vertretungen
1854 381 2928 443 in Berlin, Brüssel, Budapest, Chicago, Cieveland, Christiania,
1854 432 2932 472 Genf, Kopenhagen, London, Madrid, Mailand, Minneapolis,
1847 468 2933 508 New-Vork, Paris, Rom, San Francisco, Stockholm, St. Peters¬
2258 506 2547 558 burg, Toronto.
2203 542 2585 603 Iualionangabe chne Gewähr.)
1844 602 2247 678 Ausschnitt aus:
1854 698 2242 776 vom: 8 2 1½
2328 753 2805 848 (Kleine Ausgabe,
1874 869 2866 985 Anfalt des=Hofschalspielers Keimeks.
2016 981 2738 1052 Während der Generalprobe.
1945 1036 2863 1108 Während der gestrigen Generalprobe zu Ludwig
1853 1104 2857 1162 [Fuldas „Herr und Diener“ im Burgtheater erlitt
1875 1131 2871 1176 Herr Reimers, der die Rolle des Königs Kosru der
1890 1172 2865 1232 Perser spielt, einen Unfall. Der Künstler hat im Affekt
1879 1225 2868 1278 eine Krone zu zerstampfen, tat dies aber im Eifer des
1886 1270 2869 1333 Spieles so unvorsichtig, daß er sich eine Verletzung des
1884 1322 2863 1364 rechten Fußes zuzog. Artur Schnitzler, der bekannt¬
1885 1347 2871 1404 lich jahrelang den ärzlichen Deeuf änsnenst-hat, besand
1878 1396 2872 1454 sich gerade im Zuschauerraum und leistete dem verletzten
1891 1442 2860 1487 Künstler erste Hilfe. Nach einer halbstündigen durch den
1879 1463 2902 1553 Unfall verursachten Pause konnte die Probe fortgesetzt
1896 1576 2898 1650 werden, und Reimers spielte seine Rolle, wenn auch,
1905 1643 2545 1690 hinkend, mit großer Mühe zu Ende.
1979 1676 2892 1744 Im Laufe des gestrigen Tages ging die Schmerz¬
1906 1727 2886 1773 haftigkeit des verletzten Fußes zurück; doch wird der
1903 1764 2883 1826 Arzt erst nach der heutigen Untersuchung eine Ent¬
1907 1812 2894 1875 scheidung darüber treffen können, ob Reimers auftreten
1905 1851 2892 1922 kann oder nicht. Sollte das letztere der Fall sein, wird die
1898 1899 2888 1960 Fuldasche Premiere, da die Rolle des Königs Kosru,
1911 1943 2898 1989 nicht anderweitig besetzt ist, aufgeschoben werden müssen.)
1842 2176 2790 2275 Bitte Rückseite beachten!
2412 2241 2847 2328 Telephon 12.801.
2643 2346 2782 2436 44
2031 2425 2669 2527 UBSEIPER
1938 2470 2031 2559 90
1791 2519 2886 2605 I. österr. behördl. konz. Unternehmen für
2105 2580 2587 2653 Zeitungsausschnitte
1823 2609 2896 2698 Wien, I., Konkordiaplatz 4.
2213 2688 2515 2745 Vertretungen
1817 2706 2897 2788 in Berlin, Basel, Budapest, Chicago, Cleveland, Christiania,
1811 2761 2899 2818 Genf, Kopenhagen, London, Madrid, Mailand, Minneapolis,
1818 2804 2904 2864 New-Vork, Paris, Rom, San Francisco, Stockholm, St. Peters¬
2216 2851 2518 2906 burg, Toronto.
2066 2896 2662 2972 (Quellenangabe ohne Gewähr).
1816 2957 2201 3026 Ausschnitt aus:
1932 3021 2839 3127 FERiIques Wieher Jeurkas
1823 3085 1976 3145 vom:
1863 3214 2999 3283 * Während der gestrigen Generalprobe zu Ludwig Fuldas
1769 3264 2999 3331 „Herr und Diener“ im Burgtheater ereignete sich ein
1762 3310 3007 3378 Zwischenfall. Im ersten Akt hat Herr Reimers, der die
1757 3360 2994 3413 Rolle des Königs Kosru der Perser spielt, im Affekt eine Krone
1761 3412 3000 3477 zu zerstampfen. Der Künstler zog sich nun in der Aufregung des
1760 3461 2999 3522 Spiels eine Verletzung am Fuße zu, die überaus schmerzhaft war.
1753 3504 2979 3569 Da kein anderer Arzt zur Stelle war, wurde Dr. Artur
2992 3538 3025 3582 d
1759 3541 2988 3608 Schnitzler, der im Zuschauerraum Platz genommen hatte,
1747 3592 2977 3671 zür Hirfereistung sebeten. Er betätigte sich wieder einmal als Arzt
2991 3623 3041 3673 1
1744 3660 2983 3717 und legte Herrn Reimers einen Verband an. Die Pause zwischen
2990 3665 3038 3711 9
1746 3702 2987 3765 dem ersten und dem zweiten Akt dauerte beinahe eine halbe Stunde.
1746 3743 2983 3809 Dann konnte Herr Reimers seinen Pert, wenn auch hinkend und
1749 3797 2972 3851 mit großer Mühe, zu Ende spielen. Bekanntlich ereignete sich
1751 3839 2986 3906 auch bei der vorigen Generalprobe im Burgtheater zu „Lanval“
1752 3890 3025 3969 ein Zwischenfall. Damals stürzte Herr Gerasch hinter der Bühng##
1750 3928 2182 3992 ohnmächtig zusammen.
2394 3971 3047 4046 „ C „„ tritt nachle
2316 3970 2377 4045 4
2996 3201 3040 3229 —
