3392 4320
1169 277 1599 366 box 41/2
741 290 931 350 neou
165 283 1005 386 1. M18C6.
1239 434 1564 523 # ####
711 570 1354 669 „CDSERTER
503 677 1594 721 1. österr. behördl. konz. Unternehmen für Zeltungs-Aueschultte
682 710 1415 777 Wien, I., Concordiaplatz 4.
896 773 1206 828 Vertretungen
494 799 1594 868 In Berlin, Basel, Budapest, Chicago, Cleveland, Christiania,
499 868 1585 912 Genf, Kopenhagen, London, Madrid, Mailand, Minneapolls,
505 912 1591 968 New-Vork, Paris, Rom, San Francisco, Stockhelm, St. Peters¬
897 943 1209 995 burg, Toronto.
813 982 1276 1034 (Quellonangabe ohne Gewühr).
494 1026 1656 1120 Ausschnitt aus: Illustriertés TWiener Extrabiabt
850 1101 1362 1201 S 9. 1910 Wien
507 1180 641 1229 vom:
1534 1257 2533 1316 einen Dämmerzustand verfalle. Anders war es nicht
1537 1300 2223 1356 möglich, seine Schmerzen zu lindern.
719 1268 1397 1385 Theaterzeitung.
1641 1340 2520 1389 Man sah sich nun veranlaßt, die Gattin des
1530 1382 2520 1441 Künstlers vom wahren Stande der Dinge zu unter¬
1541 1428 2527 1475 richten. Sie traf auf telegraphische Verständigung
552 1376 1514 1493 Gefahrvolle Verschlimmerung im
1542 1466 2526 1523 Dienstag abends in Begleitung einer Freundin, der
1534 1521 2513 1560 Schauspielerin Toni v. Seyffertitz aus Berlin
594 1480 1460 1606 Befinden von Josef Kainz.
1535 1543 2525 1603 hier ein und eilte sofort an das Krankenlager ihres
1536 1571 2526 1650 Gatten, das die schmerzgebeugte Frau seither nicht
643 1565 1518 1647 Vom Krankenläger Josef Kainz im Sana¬
1538 1644 1797 1701 verlassen hat.
531 1640 1522 1682 torium Loew,(kommen düstere, beängstigende Nach¬
541 1682 1530 1743 richten (Es“ ist eine schwere Verschlimmerung im
1635 1713 2534 1794 Das Leiden besteht in einem bösartigen Leiden
535 1727 1523 1772 Zustände des kranken Künstlers eingetreten, die — es
539 1768 1519 1821 muß leider konstatiert werden — eine Katastrophe in
1532 1765 2516 1816 karzinomatösen Charakters, dessen Wucherungen durch
542 1803 1169 1862 den Bereich der Möglichkeit rückt.
1532 1804 2524 1845 die Operation und die folgende Röntgen=Behandlung
656 1847 1522 1909 Um den Künstler war es schon lange schlimm
1546 1844 2524 1913 leider nicht zum Stillstand gebracht werden konnten.
1541 1892 2528 1939 Die rasenden Schmerzen, die der Patient in den
534 1896 1522 1946 bestellt gewesen und wenn in den Berichten vom
1541 1932 2525 1990 letzten Tagen zu erdulden hatte, rührten von der
534 1935 1523 1985 Krankenbette die bange Sorge, die die Aerzte und
538 1980 1521 2027 die Umgebung des Künstlers schon seit Monaten
1551 1954 2525 2027 raschen, unter heftigen Blutungen vor sich gehenden
1549 2018 2532 2073 Ausbreitung dieses Neugebildes und den Zerstörungen
533 2033 1519 2076 erfüllte, nur verschleiert zum Ausdrucke kam, wenn
1547 2059 2519 2110 in der Bauchhöhle her. Diesem Prozesse gegenüber
542 2070 1518 2117 von der baldigen vollständigen Wiederherstellung des
1549 2086 2527 2166 beschränkte sich die Kunst und Aufgabe der behandeln¬
535 2100 1524 2157 Künstlers die Rede war, so findet diese Verhüllung
1542 2155 2516 2196 den Aerzte — Professor Dr. Schnitzler, Doktor
542 2149 1515 2196 des wahren Sachverhaltes ihre Rechtfertigung in der
1536 2197 2456 2241 Kundegraber und Dr. v. Brennerberg
533 2201 1511 2240 menschlichen Rücksicht auf den schwer leidenden Mann.
1535 2229 2532 2290 darauf, die tobenden Schmerzen des Kranken zu
546 2231 1526 2277 Denn Kainz, der immer ein eifriger Zeitungsleser
1550 2272 2535 2322 mildern. Zur Bekämpfung des Leidens selbst konnte
532 2277 1530 2319 war, interessiert sich in letzterer Zeit besonders lebhaft
1546 2318 2315 2367 in diesem Stadium nichts mehr geschehen.
535 2320 1529 2362 für die seine Person betreffenden Nachrichten, die in
1644 2355 2539 2406 Mittwoch vormittags traten dies
545 2361 1531 2406 die Oeffentlichkeit gelangten und es wäre eine unnütze
1549 2396 2543 2450 Blutungen so heftig auf, daß Kainz
532 2395 1516 2455 Grausamkeit gewesen, dem von Leiden gefolterten
1545 2446 2538 2496 wiederholt ohnmächtig wurde und daß es
546 2448 1523 2499 Künstler den Ernst seines Zustandes zum Bewußtsein
1545 2484 2531 2531 der angestrengtesten Bemühungen der Aerzte bedurfte,
534 2491 904 2547 gelangen zu lassen.
1553 2529 2544 2580 ihn wieder ins Bewußtsein zurückzurufen. Zu diesem
648 2528 1520 2575 Die neue, so bedrohliche Wendung macht aber
1550 2568 2540 2623 Zwecke wurden Kampferinjektionen angewendet. Den
542 2574 1523 2623 diese Verschleierung des den Aerzten und der engeren
1542 2611 2535 2668 Rest des Tages und die folgende Nacht verbrachte
536 2624 1522 2674 Umgebung des Künstlers schon längst bekannten
1543 2667 2528 2711 der Künstler teils in vollem Schlafe teils in einer
546 2660 1530 2700 Ernstes der Situation überflussig. Die traurige,
1551 2693 2530 2762 Art Dämmerzustand, der — eine Folge des gereichten
538 2701 1535 2748 schmerzvolle Wahrheit ist kurz die: Die Aerzte
1548 2746 1863 2802 Morphiums ist.
540 2751 1530 2819 geben wenig Hoffnung... nur ein Wunder
1662 2784 2538 2840 Gestern morgens traten neuerdings Blutungen
532 2793 1080 2849 vermag Kainz zu retten ...
1549 2830 2545 2898 ein, die wieder einen Ohnmachtsanfall zur Folge
659 2823 1532 2882 Die Krankheit Kainz' ein Darmleiden, datiert
1548 2871 2525 2920 hatten. Diese Blutungen. bedrohen den Organismus
544 2858 1533 2928 schon lange zurück, die Anfänge des Leidens traten
1549 2912 2530 2969 des Kranken mit völliger Entkräftung und lassen eine
544 2920 1531 2966 vor etwa fünf Jahren auf. Kainz faßte die Sache
1555 2961 2033 3023 Blutvergiftung befürchten.
538 2965 1527 3018 nicht tragisch auf. Er begab sich von Zeit zu Zeit in
1658 3006 2528 3056 Gestern nachmittags trat im Befinden des
545 3005 1536 3052 ärztliche Behandlung und Medikamente brachten ihm
1548 3036 2537 3098 Natienten eine kleine Besserung ein. Kainz
543 3063 1523 3107 vorübergehende Linderung der qualvollen Schmerzen,
1551 3082 2527 3138 scheint sich jetzt seines ernsten Zustandes bewußt zu
531 3095 1306 3145 die in immer kürzeren Pausen auftraten.
1543 3125 2532 3180 sein; er liegt, wenn er nicht hindämmert, apathisch
665 3131 1531 3187 Gleichwohl wollte der Künstler von Schonung
1548 3179 2528 3228 im Bette und spricht fast gar nicht. Von
535 3177 1531 3224 nichts wissen. Rastlos war er künstlerisch tätig, immer
1547 3207 2536 3269 Zeit zu Zeit verlangt er nach Tee oder Eis. An eigent¬
539 3221 1529 3271 in der Gestaltung neuer Rollen begriffen, immer
1550 3249 2543 3313 liche Nahrungsaufnahme ist schon seit Tagen nicht
543 3263 1522 3314 unterwegs, von Stadt zu Stadt, von Land zu Land,
1552 3296 2541 3357 zu denken. Nachmittags war der Patient fieberfrei
549 3306 1529 3350 von einem Gastspiel zum anderen eilend. Sein
1548 3344 2053 3392 und zeigte normalen Puls.
541 3351 1527 3404 Wander= und Schaffenstrieb fand keine Fessel und
1650 3389 2532 3443 Die Teilnahme für den Künstler ist groß und
548 3385 1544 3436 dem Rate wohlmeinender Freunde, die ihm oft die
1558 3424 2526 3477 allgemein, was aus den zahllosen Aufragen, die
543 3433 1527 3477 Frage nahelegten, ob er durch die enormen Strapazen
1554 3472 2543 3540 Stunde um Stunde im Sanatorium einlaufen, deut¬
538 3477 1531 3517 dieses aufreibenden Arbeitstriebes seinem schonungs¬
1550 3514 1855 3571 lich hervorgeht.
540 3514 1534 3568 bedürftigen Körper nicht zu viel zumute, gab er kein
1654 3535 2541 3611 Außer der Gattin des Künstlers weilen ständig
551 3557 695 3615 Gehör.
1544 3593 2534 3654 der Rechtsanwalt Dr. Glogau und Schriftsteller
667 3592 1523 3650 Im April dieses Jahres mußte sich der Künstler
1554 3629 2363 3690 Birinski in der Umgebung des Kranken.
560 3645 1512 3682 — die zunehmenden Schmerzen zwangen ihn dazu —
545 3683 1536 3731 dem Professor Dr. v. Noorden anvertrauen, der
1865 3692 2214 3761 Rettungslos.
552 3731 1538 3777 eine Kur verordnete. Sie brachte Linderung und der
1728 3741 2532 3795 Uhr abends: Die Hoffnung auf
547 3773 1533 3819 stets hoffnungsfreudig gestimmte Künstler wußte nun,
1553 3787 2542 3842 eine Rettung des Künstlers ist ge¬
553 3813 1539 3863 daß er — von Hämorrhoiden — völlig genesen sei.
1554 3835 1833 3901 schwunden.
546 3853 1535 3903 Eine schlimme Enttäuschung brachte der Mai. Die
1723 3884 2362 3956 Bulletins von der Nacht.
548 3903 1542 3956 Beschwerden wurden so heftig, daß sich die Not¬
548 3953 1540 4001 wendigkeit einer Operation herausstellte, die Professor
1651 3946 2530 4011 10 Uhr abends: Abends trat im Befinden
555 3991 1535 4034 Dr. Julius Schnitzler im Sanatorium Loew durch¬
1554 3998 2538 4045 Kainz keine wesentliche Veränderung
559 4031 1536 4081 führte. Sie konnte, der Natur des bösartigen Leidens
1550 4037 2545 4099 ein. Der Künstler lag größtenteils im Schlafe. Beim
562 4076 1526 4120 gemäß, keine dauernde Heilung bringen, doch hatte
1553 4080 2535 4133 Erwachen zeigte sich große Schwäche. Er sprach
561 4117 1534 4170 sie wenigstens den einen Erfolg, daß das subjektive
1556 4121 2548 4175 mit Dr. Glogau und Dr. v. Brennerberg.
552 4153 940 4197 Befinden des Künstle
943 4156 1205 4205 rs sich besserte.
