3392 4384
1036 354 1598 464 box 41/2
686 371 771 434 II
142 367 976 475 1. Miscells.Jous
1096 1582 1893 1663 2 del Etlenntns her, daß die erste
159 1580 388 1675 Emstap
142 1654 1889 1727 ierine Egalisierung möglich; und die zweite Klasse die dritte ja doch tot macht.
788 1713 1892 1770 Der Gesamtwille kommt somit nicht rein zum Aus¬
129 1705 781 1781 petenz ist unbegrenzt. Tat¬
806 1759 1902 1828 druck, wichtige Interessen bleiben unvertreten. Das
138 1762 771 1830 s jede Einmischung dieser Art
799 1797 1886 1879 preußische Abgeordnetenhaus hat eine andere Mehr¬
143 1815 772 1884 ungsversuch gereizt ab. Nicht
801 1864 1886 1919 heit als der Deutsche Reichstag. Für eine konservativ¬
144 1873 777 1934 einer gleichen konstitutionellen
811 1964 1902 2017 die Deutschen das arbeitsamste, rastloseste, tatkräftigste
323 1973 731 2079 Grenzwacht.
156 1977 331 2084 f der
806 1995 1895 2068 Volk Europas, das in dreißig Jahren die Großmacht¬
813 2048 1898 2115 lehrzeit von drei Jahrhunderten nachholte, in unserer
168 2078 285 2137 Von
807 2103 1889 2157 eigenen Darstellung ewig träumerisch, unentschlossen,
141 2101 481 2206 v. Nahlenberg.
809 2147 1894 2213 lyrisch, zerstreute Professoren oder langhaarige Früh¬
292 2189 754 2266 Ragusa, den 30. Mai 1009.
813 2204 1900 2262 lingsdichter. Wahrscheinlich fiele es dem bekannten
819 2254 1901 2309 Mann mit der Laterne heut viel schwerer, zwei
130 2248 774 2317 an im Reich, besonders in Nord¬
819 2294 1906 2357 Exemplare dieser Art auszufinden, als rabiate Halb¬
146 2307 784 2371 zeinseitige Vorstellung von Öster¬
804 2348 1899 2409 amerikaner, rücksichtslose Spekulanten und kaltherzige
148 2355 787 2418 das ist etwas sehr Liebes, Nettes
809 2403 1900 2449 Skeptiker zu überleuchten. Wir sind zum Simpli¬
166 2398 780 2471 süße Mädel, fesche und ewig
806 2432 1908 2505 zissimus, zur kieselhartesten Interessenpolitik vor¬
161 2453 781 2509 b Schnitzler, halb Ossip Schubin,
813 2485 1895 2554 gegangen und bleiben für uns selbst, vor uns selbst
142 2498 791 2563 schwarzer Kaffee, Backhähndel
852 2535 1906 2595 — wem gilt eigentlich die Maskerade? — Töchteralbum
145 2545 789 2605 Hetz' im Prater ...! Wo die
806 2593 1893 2644 und Männergesangverein. Österreich, die einzige
169 2597 785 2662 steigt, sozusagen einen idealen
813 2630 1906 2691 Großmacht, die seit dreißig Jahren in Europa selbst
172 2648 794 2703 daraus die Stadt des Burg¬
803 2684 1894 2740 erobernd vorging, das immer Terrain gewinnt, vom
131 2695 786 2759 Heaterklatsches, ein literarisches
816 2741 1898 2791 Scheitel bis zur Sohle gewappnet, im zähesten, un¬
173 2742 786 2810 aus Erinnerungen — ich
801 2773 1899 2839 erbittlichsten Kleinkampf jedes Tages, bleibt das Land
160 2787 799 2856 durchweg angenehmen — an
819 2830 1733 2895 der Walzerträume und Süßmädelgeschichten.
168 2834 785 2903 Ebner, Anzengruber. Uns
858 2869 1906 2938 Hier auf der Grenzwacht, in Bosnien und Kroatien,
145 2889 793 2949 zerschmolzen, fidel, versöhnlich.
814 2924 1901 2992 unter Slawen, Serben, Morlaken, muß man Öster¬
145 2938 791 2995 eit, wir, die wir in Berlin, in
809 2963 1902 3042 reich sehen! Da ist wohl der kleine Leutnant, Gustl
134 2977 791 3040 au niemals Zeit haben, wir
817 3032 1906 3088 oder der Micki, der Muck, er ist blond und schlank
143 3026 792 3100 ste auf und lockern den Hals¬
813 3061 1919 3149 und sieht auch gern nach den feschen Mädeln mit:
149 3074 793 3144 gemütlich, schlampig, plauschig!
815 3120 1914 3177 runden Busen und runden Hüften, der ätherischen
140 3130 784 3200 ns an Österreich bei der Arbeit?
819 3163 1915 3221 Mondscheinmode trotzen sie sieghaft!... Wer denkt
145 3177 781 3239 it, verkündet, ehrt sie? Eine
817 3209 1915 3275 daran, daß dieser saubere, gutgewachsene und liebe
141 3225 796 3291 rmanischen Rassen läßt sie von
819 3258 1902 3325 Bube ein Pionier deutscher Kultur ist, daß er ohne
150 3274 793 3340 Wesens und Rühmens machen
153 3321 1918 3390 en und Leistungen. So bleiben! Murren aus seiner mährischen oder steirischen Heimat
1014 3445 1296 3550 A1
1922 1564 3017 1646 des Reichstags die Bestimmung enthalt, daß ein
1917 1628 3028 1723 einzelner die Beschlußfähigkeit des Hauses anzweifeln
1923 1701 2056 1761 kann.
1952 1721 3010 1825 Die Beschlußunfähigkeit kann in Preußen viel¬
1920 1789 3024 1872 mehr nur durch Namensaufruf zum Zweck einer
1921 1845 3027 1914 Zettelwahl, durch Hammelsprung und durch nament¬
1923 1939 3016 2000 nach der albanischen Grenze, auf das Balkanfort, in
1919 1987 3021 2066 irgendein galizisches und polnisches Läusenest fliegt,
1913 2032 3020 2093 dort in Einsamkeit, unter urwüchsigsten Bedingungen,
1920 2089 3027 2154 in schwieriger, vielsprachiger Bevölkerung Jahre aus¬
1920 2141 3026 2207 hält, drillt, exerziert, kommandiert? Es geschieht so
1919 2173 3016 2247 ohne jede Prahlerei, ohne Geschrei und Aufwand,
1912 2245 3020 2297 daß man wirklich vergessen könnte, ihn in diesem
1914 2274 3015 2340 Licht einmal zu besehen. Wer vermag schon nach¬
1933 2320 3013 2394 zurechnen, was für dieses Gemisch, diese Halbwilden,
1931 2386 3015 2440 Regelmäßigkeit, Reinlichkeit und Genauigkeit bedeuten,
1928 2437 3015 2483 daß der junge blonde Herr, Prinz, Kaufmannssohn
1924 2469 3028 2542 oder Witwensohn für sie durch sein bloßes Dasein
1932 2513 3021 2582 Vorbild, Fortschritt und Triebkraft wird? Man be¬
1923 2580 3014 2628 kommt Respekt, wenn man Straßen und Bahnlinien,
1928 2625 3012 2680 öffentliche Gebäude, die Anlagen und Plätze sieht,
1931 2673 3017 2729 alle von der Regierung innerhalb kaum eines Jahr¬
1933 2709 3025 2780 zehntes ausgelegt und unterhalten, im ödesten
1928 2748 3019 2830 Städtchen, zwischen nackten, sonnverbrannten Steinen,
1928 2799 3013 2873 am zerbröckelnden Venezianerturm oder der fallenden
1929 2849 3019 2922 Türkenmauer den braven, blonden, deutschen Posten
1923 2903 3030 2974 Immer freundlich, immer hilfsbereit, höflich und gez
1934 2946 3045 3018 duldig. Kann ein Heer wie das unsere, immerhin
1927 3001 3044 3059 bis auf Ausnahmen auf die Kulturarbeit im eigenen
1938 3047 3049 3113 Volke beschränkt, solche Arbeit überhaupt einschätzen?.
1935 3082 3046 3164 Warum wird sie nie erwähnt? Niegerühmt und geehrt?
1973 3147 3033 3206 Ich glaube, diese Leute wissen nicht, wie ehrfurcht¬
1940 3161 3027 3268 gebietend, wie treu und deutsch sie uns erscheinen.
1929 3242 3029 3303 Hier ist die Sprache, der gemütliche, halb komische
1919 3299 3059 3376 Dialekt, den wir aus tausend Possen kennen, ein
