3392 4256
2027 160 2202 254 ——
1142 263 1613 359 box 41/3
156 252 1010 383 1. Miscellaneons
479 895 1343 983 Ditte Rucksele-bedun
1068 967 1513 1064 Telephon 12.801.
1205 1078 1319 1158 IN
582 1156 1372 1258 „OBSENVER
448 1243 1564 1320 I. österr. behördl. konz. Unternehmen für
746 1294 1254 1362 Zeitungsausschnitte
476 1331 1563 1428 Wien, I, Konkordiaplatz 4.
856 1409 1171 1466 Vertretungen
456 1436 1557 1499 in Berlin, Basel, Budapest, Chicago, Cleveland, Christiania,
465 1489 1547 1541 Genf, Kopenhagen, London, Madrid, Mailand, Minneapolis,
452 1511 1560 1590 New-Vork, Paris, Rom, Sat. Francisco, Stockholm, St. Peters¬
846 1566 1169 1630 burg, Toronto.
703 1609 1315 1690 (Quellenangabe ohne Gewähr).
443 1662 855 1757 Aussehnitt aus:
415 1705 525 1770 6.4
701 1724 1573 1821 Ueterr. Walks Teitung, Wien
2015 1772 2231 1870 W
454 1785 634 1882 vom:
1289 1842 3358 1901 Arbeiten, warf die Gemahlin des Dichters ein, liegen Aufgabe noch immer nicht gewachsen sind, wenn möglich de
911 1872 1301 1955 Nachdruck verboten.
2281 1885 3341 1953 einen ausgiebigen Zuschuß zur Bausumme zu verschaffen, pe
1303 1884 2201 1960 ungedruckt als Manuskript in seinem Schreibtische.
3265 1932 3339 1981 S#
2296 1914 3286 1995 haben zwei Wiener Touristen, Mitglieder einer großen
1384 1927 2292 1997 Ueberhaupt lasse der buchhändlerische Erfolg seiner
3274 1977 3345 2028 fü
383 1911 1266 2034 In Stephan Milows Heim.
2298 1978 3278 2033 alpinen Vereinigung, unter dem Titel „Bergheil!“ ein
1313 1982 2299 2041 Werke trotz der glänzenden Würdigung durch hervor¬
2299 2011 3334 2074 Touristenstück (mit Gesang) geschrieben, von dem sie eine oft
1310 2036 2296 2085 ragende Kritiker wie Dr. Karl Storck (Berlin), Professor
389 2022 1309 2096 Immer ist es für mich eine erhebende Weihestunde,
3258 2057 3341 2122 lic
2293 2060 3287 2119 Annahme durch irgend eine Wiener Bühne erhoffen, da
1314 2084 2308 2133 Dr. Eduard Engel und andere noch immer zu wünschen
303 2072 1319 2137 die ich im still gelegenen Heim des Dichters mit den
3272 2107 3345 2158 be
1316 2118 3278 2176 übrig. In dieser Hinsicht teile er das Schicksal des geist= den Aufführungen des gelungenen Stückes, schon dem
304 2124 1320 2181 geistvollen, jede Menschenseele ergründenden Blicken, der
1310 2151 3282 2224 vollen Essayisten Ferdinand Kürnberger, der übrigens der Endzweck zuliebe, sicherlich die vielen Anningerfreunde
320 2172 1321 2224 unsere schmucke Stadt unterm Anninger zu seinem
3265 2170 3355 2239 905
2296 2186 3279 2253 und zahlreichen Touristenvereine, deren es in Wien über
1308 2206 2299 2265 erste war, welcher seine große Begabung und Bedeutung
311 2212 1309 2272 dauernden Ruhesitz erkor, im anregenden Zwiegespräch
3269 2228 3354 2308 5
2294 2240 3284 2301 hundert gibt, beiwohnen werden. Ferner sei für die Er¬
1323 2251 2298 2305 als Lyriker und Novellist voll anerkannte. Allerdings sei
310 2260 1314 2312 zubringen kann. Seit dem Herbste hatte ich die ehr¬
2292 2279 3283 2352 öffnung des neuen Anningerschutzhauses, die allerdings
1310 2290 2308 2349 nach den Volksausgaben mehrerer Novellen und seiner
318 2289 1320 2357 würdige Gestalt mit dem schlohweißen Spitzbarte auf
2299 2331 3278 2383 noch monatelang auf sich wird warten lassen, eine würdige
1318 2335 2293 2398 Gedichte im Verlag von Hesse gegenwärtig unter dem
309 2348 1321 2412 seinem Lieblingsplätzchen unter den sonnenseitigen Fenstern
2297 2372 3276 2443 Festlichkeit geplant, zu der den Festprologizu schreiben
1314 2375 2308 2438 Titel „Gesammelte Werke“ eine größere Edition seiner
309 2378 1314 2450 seines Heims, von wo aus er den waldumkränzten
2298 2424 3210 2485 ich den greisen Dichter im Namen des Vereins bat.
1324 2421 2292 2479 Dichtungen in München in Vorbereitung. Doch auch eine
317 2432 1315 2506 Frauen= und Liechtenstein ins Auge fassen kann, mit
2366 2460 3282 2512 Stephan Milow zeigte auch für diesen Schutzhaus¬
1320 2471 2314 2546 zweite Auflage seines Romans „Lebensmächte“ wäre
315 2475 1312 2550 steigender Besorgnis um seinen Gesundheitszustand
2288 2491 3282 2558 neubau ein reges Interesse und versprach mit erfreulicher
1305 2510 1691 2585 ihm sehr erwünscht.
314 2527 515 2590 vermißt.
2296 2548 3282 2615 Bereitwilligkeit die Abfassung der Festdichtung in ab¬
1387 2530 2303 2608 Bei seinem gegenwärtigen Schaffen gehe ihm, da
404 2542 1334 2621 Zum letztenmal traf ich den Altmeister der Lyrik,
2296 2585 2585 2659 sehbarer Zeit.
1321 2595 2308 2658 seine Hand infolge zunehmender Nervenschwäche leicht
309 2584 1314 2667 ldessen literarische Bedeutung der nächsten Umgebung
2361 2610 3288 2694 Bei der vorhin erwähnten pessimistischen Wendung
1309 2616 2311 2697 ermüde und seine Gemahlin wegen ihres Augenleidens
320 2654 1314 2699 durch seine abgeklärte, vornehme Dichtereinsamkeit ver¬
2293 2669 3354 2739 des Gespräches war mir unter den vielen Bildnissen, die Sch
1318 2678 2297 2737 ihm beim besten Willen nicht behilflich sein könne, ein
316 2690 1317 2745 borgen bleibt, zur Zeit, als die Rosen zum zweitenmal
3271 2720 3347 2779 zei
2301 2720 3299 2779 sein behagliches Arbeitszimmer schmücken, auch das
1321 2725 2308 2788 flinker Maschinschreiber sehr ab. Eine Zeit lang hätte er
315 2737 1316 2801 blühten, während eines Spazierganges mit meinen
2300 2762 3286 2832 Schopenhauers aufgefallen. Sofort bekannte sich der
1319 2768 2313 2827 allerdings einen jungen Mann hiezu verwenden können,
306 2782 1314 2834 Kindern auf dem wohlbekannten Ruheplatz, diesmal in
2300 2813 3331 2865 Dichter zu einem aufrichtigen Verehrer des hervor= tif
1307 2811 2297 2878 aber diese Hilfskraft sei in einem Amte zu sehr in An¬
321 2812 1311 2889 Gesellschaft seiner feinsinnigen Gattin Elsa von Millenko¬
2293 2855 3346 2915 ragenden Philosophen. Nun wurde ich auch auf das läc
1310 2850 1677 2925 spruch genommen.
317 2867 1322 2916 wich, einer geborenen Freiin von Reichlin=Meldegg, als
2303 2892 3356 2962 erste eingelaufene Geburtstagsgeschenk aufmerksam en
1387 2875 2307 2954 Indem wir sodann gesprächsweise das dramatische
315 2904 1332 2979 ieben ein Wägelchen mit Fruchteis an den verlangenden
2303 2924 3312 3000 gemacht, eine vortrefflich gelungene, nach drei Sitzungenz
1314 2949 2307 2997 Gebiet streiften, zeigte er auch auf diesem Felde, das
317 2956 1318 3013 Kinderaugen vorüberfuhr. Eine leichte Handbewegung
2295 2982 3319 3038 vollendete Kreidezeichnung der jungen Malerin Therese E
1310 2988 2296 3048 ihm bisher wenig Früchte zeitigte, eine überraschende
316 2983 1318 3067 des Dichters veranlaßte die kinderfreundliche Edelfrau,
2302 3009 3351 3084 v. Mor, die den Charakterkopf des Dichters mit dem sei
1319 3023 2301 3089 Vertrautheit mit allen Neuschöpfungen, anerkannte die
312 3035 1324 3101 meinen Rangen eine hochwillkommene Erfrischung zu
2306 3082 3348 3133 geistvollen Blick ausgezeichnet wiedergibt. Darauf durfte ein
1322 3075 2301 3131 geistvollen Arbeiten Schnitzlers und zollte dem großen
312 3083 1317 3135 verabreichen. Lachend, wie ich ihn nie zuvor gesehen, be¬
3273 3115 3360 3175 au
2298 3125 3280 3168 ich die Kabinettbilder der Kinder des greisen Poeten in
1299 3124 2300 3183 Wurse Schönherrs „Glaube und Heimat“ volles Lob.
313 3102 1266 3190 obachtete der Dichter die schmausende Kindergruppe.
2294 3154 3362 3218 Augenschein nehmen, die seine zartsinnige Gattin mitHo#
1317 3167 2304 3215 Leider ziehe das große Publikum leichte Operettenunter¬
395 3164 1315 3223 Da sich seither keine Veranlassung zu einem Besuche
2306 3206 3352 3255 begreiflichem Mutterstolze vorwies, zunöchst den ed
1314 3213 2308 3260 haltung und krasse Theatereffekte der feinen Seelen¬
316 3197 1318 3271 ergab, benützte ich um so freudiger die Zeit vor seinem
3277 3248 3357 3302 rei
2300 3213 3275 3298 Sektionsrat im Ministerium für Kultus und Unterricht
1324 3254 2299 3318 malerei vor. Das klang wie eine leise, fast pessimistische
319 3257 1324 3313 75. Geburtstage, um dem Jubilar meine Glückwünsche
3269 3291 3351 3342 mit
2296 3284 3290 3347 Max v. Millenkovich, weit bekannter unter dem Dichter¬
1310 3303 2300 3352 Resignation und mich durchzuckte neuerdings der Ge¬
314 3292 1323 3363 persönlich darzubringen. Zu meiner freudigen Ueber¬
3262 3328 3358 3394 Hei
2304 3329 3290 3389 namen Max Morold und den Korvettenkapitän Ben#o
1320 3337 2306 3395 danke, warum das Burgtheater das 75. Wiegenfest des
311 3343 1324 3399 raschung fand ich Stephan Milow zwar an den Lehn¬
2305 3375 3355 3433 v. Millenkovich. Dann wurde ich auf die Bronzeplakette mg
309 3392 2300 3441 stuhl gefesselt, aber von einer erstannlichen Geistesfrische greisen Poeten vorübergehen läßt, ohne aus diesem An¬
2301 3420 3355 3476 von der Künstlerhand des Bildhauers Karl Wollek auf¬ M#
310 3433 2301 3494 beseelt. Auf meine Frage, ob ihm sein durch die Ungunst j lasse durch Aufführung seines Schauspiels „Jenseits der
2298 3459 3284 3518 merksam gemacht, an der Stephan Milow die Aus¬
3262 3461 3322 3521 g4
1315 3453 2305 3536 Liebe“ oder wenigstens eines seiner Einakter den Lebens¬
311 3475 1324 3531 der Witterung gesteigertes Nervenleiden, wie er klagte,
2282 3503 3365 3577 arbeitung der Stirnpartie besonders lobend hervorhob die
1318 3515 1934 3589 abend des Dichters zu verklären.
320 3521 1325 3573 ein Arbeiten gestatte, erwiderte er, er hätte gegenwärtig
2302 3550 3351 3610 und die in einer Fensternische seines Arbeitsgemaches fri
1375 3528 2306 3608 Nun brachte ich ein besonderes Anliegen vor: Unser
310 3550 1330 3617 zwei kleine Novellen unter der Feder, von denen die
2305 3601 3125 3659 einen gutbeleuchteten Ehrenplatz gefunden hat.
1318 3597 2309 3658 Anningerschutzhaus sei abgebrannt und dem Verein der
316 3598 1321 3676 eine, deren Titel „Zwei Freunde“ noch nicht endgültig
2362 3613 3300 3691 Begreiflicherweise schienen die vielfachen Ehrungen
1322 3644 2308 3699 „Naturfreunde“ in Mödling obliege der Neubau dieses
313 3646 1319 3705 feststeht, für die Östernummer der „Oesterreichischen
319 3685 3322 3757 Volks=Zeitung“ bestimmt sei. Zwei größere, abgeschlossene Schutzhauses. Um dem Vereine, dessen Mittel der großen und Verehrungsbeweise der letzten Jahre (Verleihung!
2530 3732 3347 3788 —.—
