3392 4352
180 301 1022 407 1. Miscellaneous
1113 293 1624 385 box 41/2
2542 357 2892 437 Telesen 1.#01.
2018 499 2640 593 „OBSEKTER
1796 581 2903 653 1. Seterr. behördl. konz. Unternehmen für Zeitunge-Ausschaltte
1982 635 2726 708 Wien, I., Concordiaplatz 4.
2204 699 2526 754 Vertretungen
1808 734 2903 787 in Berlin, Basel, Budapest, Chicago, Cleveland, Christiania,
1815 776 2905 834 Gent, Kopenhagen, London, Madrid, Mailand, Minneapolis,
1799 838 2906 879 New-Vork, Paris, Rom, San Francisco, Stockheim, St. Peters¬
2198 864 2514 917 burg, Terento.
2117 906 2583 968 (Osellenangase ohne dewüh
1799 965 2172 1043 Ausschnitt aus:
1954 1018 2879 1131 12 Naues Wiener Journal
1805 1073 1964 1151 vom:
1975 1180 2761 1296 Tagesneuigkeiten.
2057 1328 2623 1455 Josef Kainz.
1819 1462 2981 1508 Das Martyrium des „Künsklers hält unpermindert an. Eine
1724 1491 2983 1576 radikale Aeniderung oder Wendung, Leiden, das den Künstler
1720 1547 2981 1611 bedrängt,ist nlicht eingetteten! Bleibt atso lediglich zu konstatieren,
1724 1592 2991 1667 daß die Bemühungen der Aerzte, den Künstler bei guter Laune
1731 1640 2991 1710 zu erhalten, wo möglich seine Schmerzen zu lindern, von Erfolg
1731 1689 3002 1750 begleitet sind. Auch am gestrigen Tage, dem Sonntag, war der
1733 1746 2993 1810 Kranke fast durchweg guter Stimmung. Er empfing den Besuch
1739 1787 2996 1854 mehrerer Freunde, die alle Gelegenheit hatten, sich davon zu
1733 1846 2996 1899 überzeugen, daß Kainz keine Ahnung von dem Ernst seines
1736 1898 2000 1955 Leidens hat.
1841 1924 3000 2000 Die Nacht von Samstag auf Sonntag war schlimmer. Die
1745 1986 3000 2059 argen Schmerzen ließen den Künstler nicht zur Ruhe kommen. Er
1734 2028 2996 2095 verbrachte fast die ganze Nacht in einem Halbschlummer, aus dem
1738 2078 3005 2162 er in kurzen Zwischenräumen von quälenden Schmerzen geweckt
1739 2124 2998 2213 wurde. An seinem Krankenlager wachte niemand anders als die
1750 2181 3012 2251 Krankenschwester. Die Freunde des Künstlers, die sonst immer am
2884 2223 3001 2293 sich,
1754 2226 2879 2300 Schmerzenslager des Kranken Wache hielten, hatten
1753 2285 3002 2343 von der Aufregung der letzten Tage und den schlaf¬
2887 2325 3005 2376 Am
1753 2320 2887 2397 losen Nächten überwältigt, doch zur Ruhe begeben.
1744 2381 3004 2443 Sonntag vormittag trat eine leichte Besserung ein.
1734 2417 3007 2484 Die Schmerzen wurden geringer, die Laune des Künstlers
1743 2468 3011 2531 shob sich unter dem Eindruck dieser Linderung. Er empfing den
1742 2505 3009 2589 Besuch mehrerer Freunde, unter anderen auch den des Inten¬
1738 2558 3016 2646 Hanten des Wiesbadener Hoftheaters Mutzenbecher, der
1750 2609 3018 2693 auf die alarmierenden Avisos der letzten Tage nach Wien ge¬
1759 2660 3022 2726 kommen ist. Dr. Paul Lindau, die Schauspielerin
1759 2721 3011 2783 Seyffertitz, der Schriftsteller Siegfried Löwy ver¬
1759 2752 3021 2828 sammelten sich im Zimmer des Kranken, der allerlei lustige
1757 2802 3013 2875 Anekdoten aus seiner Karriere zum besten gab. Man sprach von
1757 2845 3020 2931 Reimers seinem Jubiläum und seinen Erfolgen. Das gab Anlaß
1765 2900 3020 2977 zur Diskussion über schauspielerische Erfolge überhaupt, an der
1761 2957 2341 3044 sich Kainz lebhaftest beteiligte.
1855 3019 3025 3078 Nachmittags erschien der Dichter Artur Schnitzler am
1763 3064 3014 3133 Krankenlager des Künstlers. Der Dichter begrüßte den Kranken
1769 3105 3020 3193 herzlichst. Kainz plauderte über das neue Stück Schnitzlers, das
1765 3156 3024 3230 am Burgtheater zur Aufführung kommen soll und in dem Kainz
1765 3227 2337 3289 die Hauptrolle kröieren sollte.
1871 3251 3012 3325 Auch am Abend hielt das günstige subjektive Befinden des
1738 3314 3015 3382 Künstlers an. Die Nacht war verhältnismäßig schmerzfrei, so daß
1759 3362 3014 3428 der Kranke einigen Schlaf fand. Heute morgen frühstückte Kainz
1756 3424 3022 3510 und verlangte von seinem Sekretär über die jüngsten Vorgänge
1773 3475 2201 3546 informiert zu werden.
1884 3510 3026 3584 Die Sorge der Aerzte besteht gegenwärtig darin, daß infolge
1766 3578 3023 3638 des ständigen Liegens auf dem Rücken die Lunge affiziert werden
1782 3636 3016 3688 könnte. Kainz liegt deswegen auf Gummipolstern, welche die un¬
1786 3663 3025 3751 günstige Wirkung dieses unangenehmen Zustandes einschränken sollen.
1901 3729 3030 3839 Der mene Batnag des Kinsters mit den Bugsecker ist
1780 3779 3029 3885 am 1. September in Kraft getreten. Er normiert dem Künstler
1782 3830 3039 3921 eine Jahresgage von ctwa 63.000 Kronen bei einer sechsmonatigen
1788 3895 3031 3971 Spielzeit. Der Vertrag stipuliert zwar — entgegen den Absichten
1786 3942 3031 4017 der Intendanz — keine Krankheitsklausel, verfügt aber, auch
1793 3968 3044 4066 nicht, wie es der Künstler gewünscht, daß seiner Gattin im
1790 4043 2844 4135 Falle seines Ablebens die volle Pension bezahlt würde.
