3392 4352
2062 170 2311 264 —
1161 243 1630 379 box 41//3
173 258 1027 380 1. Miscellaneons
1004 1173 2327 1354 An unsere Leser!
456 1393 3023 1507 ünfundzwanzig Jahre, also fast ein volles Menschenalter lang, hat unsere Zeitung das medizinische
484 1503 3010 1557 Leben des In- und Auslandes auffnerksam verfolgt und sich durch ihre objektive Haltung die Sym¬
475 1546 3029 1617 pathien eines großen Leserkreises zu sichern gewußt. Das Schicksal des Blattes war ein recht wechsel¬
336 1592 3023 1681 volles. Im Jahre 1887 ins Leben gerufen, erschien unsere Zeitung unter der Redaktion von Dr. Arthur
328 1674 3026 1728 Schnitzler und Dr. Bela Weiß als „Internationale klinische Rundschau“ und erfreute sich des publizisti¬
326 1717 3033 1798 schen Beirates des Prof. Dr. Johann Schnitzler, der im Jahre 1889 die Redaktion übernahm und das
333 1776 3030 1853 Unternehmen zu großer Blüte brachte. Als Professor Schnitzler im Mai 1893 starb, übernahm abermals sein
322 1838 3029 1928 Sohn Dr. Arthur Schnitzler die Redaktion, die er bis zum September 1894 führte. Sein Dichterruhm begann
329 1904 3027 1974 schon damals die Welt zu erfüllen, und so mußte ihim dieser wenig kongeniale Beruf als unerwünschte Last
331 1966 3025 2033 erscheinen. Er trat also im Herbst 1894 die Redaktion an Dr. Heinrich Paschkis ab, der sie bis zum
333 2032 3027 2086 Februar 1899 führte. Seit damals stehen die jetzigen Redakteure dem Blatte vor. Schon unter Professor
327 2059 3032 2146 Paschkis wurde der Name in Wiener klinische Rundschau“ geändert. Es sollte durch die Anderung des
329 2141 3023 2210 Titels unsere Bodenständigkeit einerseits und die Pflege einer bestimmten journalistischen Richtung andererseits
330 2196 3024 2277 angedeutet werden. Wir wollten ein Blatt für den praktischen Arzt in erster Linie liefern und haben unser
329 2249 3040 2337 Hauptaugenmerk daher auf die Erwerbung guter Originalartikel und zahlreicher Referate aus der deutschen
327 2340 3031 2377 Journalliteratur gerichtet. Wir wurden in diesem Bestreben von einem großen Stabe trefflicher Mitarbeiter
332 2381 3029 2454 unterstützt, denen wir bei diesem Anlaß unseren innigsten Dank aussprechen. Auch der Berichterstattung
342 2454 3033 2501 über das medizinische Vereinsleben Wiens und der Besprechung aller unseren Stand betreffenden sozialen
328 2496 3029 2571 Fragen sind wir gerecht geworden. Endlich haben wir uns bemüht, über wichtige Vorgänge im Auslande
339 2543 3039 2621 unsere Leser durch anregend geschriebene medizinische Briefe auf dem Laufenden zu erhalten. Fern gehalten
331 2601 3032 2678 haben wir uns in gleicher Weise von unfruchtbarer Kritik und müßigem Personalklatsch. Denn für die
338 2655 3035 2759 vornehmste Aufgabe auch der medizinischen Journalistik halten wir stets die Pflege und Verbreitung
341 2722 3042 2816 wissenschaftlicher Kenntnisse und Errungenschaften. So hoffen wir mit der werktätigen Unterstützung
336 2795 3033 2862 unserer alten und neuen Mitarbeiter, getragen von dem Vertrauen unseres Leserkreises, am Beginn des
332 2834 3016 2927 zweiten Vierteljahrhunderts des Erscheinens unseres Blattes, es zu immer schönerer Entwicklung empor¬
334 2927 850 3008 führen zu können.
2398 2956 2967 3082 Die Redaktion.
500 2985 969 3099 1. Jänner 1911.
