3392 4384
1133 288 1624 395 box 41/3
136 298 1000 399 1. Miscellaneens
1870 1350 1995 1432 „
2477 1368 3017 1444 — . Merdeh Mito#
924 1378 3320 1476 Ansemhult im Freien. Von den Ebenso werden die Häuser Riemergasse 15 und 17, Ecke Singer= folgte. Morgen
2976 1450 3329 1521 anstaltet werden,
2983 1505 3298 1567 viele andere 2
478 1497 2986 1590 England niemand den „Grünen Kakadu“, das konnten sie mir] „Zwölf aus der Steiermark“. Da ist ein Dichter=Offizier, der
2984 1544 3334 1612 aus allen Teilen
479 1547 2988 1630 nicht erklären. Das ist um so befremdlicher, als hier nicht nur mit dem Herzen denkt, und ich finde kein Wort herzlich genug,
2993 1594 3307 1664 (Berlin, Le. #
472 1596 2994 1672 Zola, Flaubert und Anatole France, sondern viel geringere für den Besuch zu danken. Da ist einer, der wie eine Schwalbe
2972 1647 3328 1718 werden. Nachmi
477 1662 2989 1722 französische Schriftsteller stets gelesen werden, von den modernen ist: er siedelt sich bei den Menschen an, aber immer wieder muß
2981 1694 3323 1765 stattfinden. De¬
485 1694 2989 1773 Pariser Dramatikern ganz abgesehen, die, soweit sie nicht gegen er in die Lüfte und fliegt in herrlichen Linien hoch, hoch in
2980 1746 3203 1816 dauern.
480 1756 2180 1809 Zensur und Puritanergemüt verstoßen, sofort für die englische österreichischer Luft
2745 1753 3000 1836 sechs Uhr
2497 1750 2767 1838 Um fünf,
3090 1773 3330 1861 (Allseha
478 1810 1004 1885 Bühne adaptiert werden.
1732 1808 2724 1886 morgens schon rücken die Offiziere aus,
2738 1798 3006 1870 mit ihrer
2988 1837 3278 1916 ansehnliche Reit
592 1821 1750 1905 Es ist aber die Frage, ob im geistigen Sinne
1744 1855 2732 1929 Mannschaft. Aus den Ackerschollen steigt
2723 1848 2996 1923 der erdig¬
2995 1895 3320 1959 die ehemals mit
480 1907 2991 1980 „Oesterreich im Ausland“ überhaupt denkbar ist. Wenn Oesterreich frische Odem, der Wind treibt Harzduft vom nahen
2994 1932 3266 2000 Darum spiel
475 1949 2993 2013 etwas national fest Umspanntes, Einheitliches, sprachlich Harmo=Wald — berauschend! Selbst das Pferd des Herrn Hauptmanns
2993 1989 3287 2055 „König Ma“
482 2004 3001 2069 nisches, weniger Zersplittertes wäre, könnte es vielleicht Kraftschnaubt und wiehert vor übergroßer Lust. Und der reiche Tag
471 2047 3314 2099 gewinnen, einen großen Merkstein aufzustellen, an dem das weitere auf Höhen und in Schluchten gehört dem Offizier, bis er am wüchsiger Bursche
2981 2081 3299 2155 und nebst sihnem
483 2089 3005 2156 Ausland nicht vorüber könnte, ohne die Inschrift zu lesen. Doch Abend im stillen Dorf, wenn die kleinen Lichter aus den Bauern¬
2694 2132 3288 2207 Auch in den mann, Fähnlich,
475 2144 2679 2187 der Merkstein würde ja immer fest eingekeilt mitten im Binnen-fensterchen blinken, die Retrajte blasen hört
479 2190 3290 2257 land stehen. Vielleicht war es das Unglück Oesterreichs, nicht Städten das reiche Leben gehört dem Offizier. Er hat das Privi= die zwei wich
2978 2229 3320 2296 von zwei der
483 2244 2994 2311 genügend Meer um sich, nicht genügend weiten Ausblick zu haben. legium, hineinzublicken, davon zu kosten überall dabei zu sein.
2992 2275 3328 2347 in der [Rechte
1736 2289 3002 2346 Und alles das mußte so sein, damit, was hunderttausend dachten,
480 2292 1750 2363 Und vielleicht ist es das Schicksal der Haindlkinder, den Weg ins
2981 2321 3296 2395 nehmer Bepohr
1740 2338 2996 2401 fühlten, sahen und erlebten, einer ins Herz pressen und in
468 2337 1016 2424 Freie nicht zu finden ...
597 2378 1754 2447 Anderseits: wie kann unser Geistiges draußen verstenden
1748 2388 3297 2464 einem ganz eigenen, singenden Ton jubelnd rapportieren konnte: In der Nche de
2987 2425 3228 2489 umhüllten
483 2434 1746 2492 werden, wenn wir selbst erst begonnen haben, unser neues Leben
1750 2439 2519 2514 Oesterreich, ich melde gehorsamst ...!
2982 2476 3265 2547 einige Glösche
477 2477 1762 2547 uns zu erklären — uns zu erklären, was und wer wir sind und
2990 2519 3291 2593 müssen nun bei
486 2527 1766 2601 was wir wollen. Dieses Erklären unsrer selbst finde ich in den
1838 2552 3217 2622 Sehr, sehr selten kommt Oesterreich zu mir und setzt sich ans stellt. St#
470 2573 1762 2632 Büchern, die aus der Heimat manchmal den Weg zu
484 2622 3260 2679 mir nehmen. Ja, in letzter Zeit kam Oesterreich hie und Klavier. Leise klirrt es von den Tasten, hüpft graziös und bedeckten „Pip
474 2679 3254 2723 da zu mir nach London auf Besuch und erzählte mir von sich. schwebt so verliebt, blüht auf und glänzt wie altes, blumiges Antwort nuß
477 2706 3335 2781 Das war, als Hermann Bahr mir eines und das andere Porzellan, dämpft sich erschrocken und haucht wie untor Spitzen andere Steter en
2271 2766 3315 2833 Plötzlich, beinahe mürrisch, bricht Pfingstfeierage in
475 2763 2186 2821 seinr Bücher sandte, worin dieser warmherzig-vornehme, und dustet wie Rosen.
2984 2799 3330 2880 statt. Oberaherns
478 2786 2997 2865 dieser seismographartig sensitive Intellekt inneres Räderwerk, es ab. Und Richard Epstein, der die Klänge hervorgezaubert hat,
2983 2862 3276 2936 „Pfingstbuf“
476 2861 2994 2932 verrostete Mechanismen aufzeigt, an denen der Organismus krankt, geht rasch davon. Als fürchtete er, gleich mir, die
2039 2903 2998 2983 sentimental zu werden. Vor der Tür
2982 2903 3315 2970 Ganz ansers n
2003 2900 2058 2958 2
471 2908 2030 2984 worin er „raunzt" und „haßt“, weil der Oesterreicher, den er ja Anwandlung,
2992 2950 3338 3024 elsässischen Orten
474 2984 2993 3016 doch für den begabtesten Menschen Mitteleuropas hält (und heiß hat einer gehorcht: der Küchenjunge in meinem Hause,
2988 3002 3316 3065 Wesen trübt.
489 2994 2998 3070 liebt), die Tat noch immer nicht vollbringt, die seiner würdig der natürlich auch ein Wiener ist und das Kahlenbergerische gleich
2984 3045 3323 3118 ersten Pfichstage
503 3075 3008 3121 äre. — Oder das ist, wenn ich ein Buch von Schnitzler auf gehört und verstanden hat. Da müssen wir unwillkürlich lächeln.
1738 3103 2800 3177 Und es ist gut, wenn alles mit einem Lächeln endigt.
2971 3100 3321 3166 dessen zotiges G
509 3111 1747 3178 schlage, das den Zauber Wiens so zart und doch so plastisch
2987 3139 3333 3211 ist, in irgrdeinem
1837 3147 2991 3221 Das ist übrigens derselbe Küchenjunge, der unlängst aus
494 3161 1750 3233 näherbringt, daß im nahen Fühlen der alten barocken Paläste,
1744 3190 3339 3275 seiner Verlassenheit und seinem Freundschaftsdrange heraus eine gefaßt, wird das
462 3188 1750 3287 der stillen Gassen, kühlen Höfe, der lieben Land¬
2993 3241 3335 3311 Eselsequinge geset
1744 3255 3000 3323 naive Frage an mich stellte, deren weiser Kern aber den Eng¬
479 3254 1746 3323 schaft, der Gartenluft, rings um mich alles reale Sein
2982 3283 3331 3357 wohnteste Straße
487 3309 2985 3383 verschwindet und nur ein warmes rotes Glück mich durchländern zu denken geben sollte. Er fragte: „Sag'n S', gibt's
2974 3330 3331 3410 anlagte „Pfitteri“
489 3354 2398 3432 strömt, das sicherlich wahrer Patriotismus ist. Freilich, ich weiß, denn in London kane Lehrbnam?“
2976 3382 3361 3465 sprachen de ihn ber
475 3410 1766 3456 auch die Ferne ist ein Dichter und verklärt... Zuletzt, vor
2970 3431 3355 3523 müßt. Tich bal
477 3450 1800 3545 nicht gar langer Zeit, gab eine adlig=schöne Frau hier mir
