3392 4352
849 311 973 365 IIS
396 294 503 368 S C
156 304 983 398 1. M. erane
1152 288 1607 373 box 41/3
926 1258 2263 1306 Natur wie der Gesellschaft gegeben. Das ist trotz aller zunächst nivel¬
937 1297 2257 1353 lierenden Wirkung ein unverlierbarer Gewinn, der nicht mehr ver¬
934 1343 2268 1394 leugnet werden darf. Wenn auf diesem tief durchwühlten Grunde
925 1387 2259 1448 eine neue Kultur der Freiheit gebaut werden soll, so kann nur der große
933 1445 2275 1499 Baumeister der letzten Jahrhunderte, er, der Renaissance, Refor¬
924 1485 2278 1543 mation, Aufklärung, Revolution und Kaiserreich gebaut hat, der Geist
924 1535 2263 1601 des Liberalismus das Werk ausführen. Aber er kann nur bauen,
931 1583 2269 1649 wenn er die Lehren des abgelaufenen Jahrhunderts annimmt, wenn
921 1635 2263 1706 er Naturwissenschaft und Sozialismus nicht ignoriert und verachtet,
928 1684 2262 1750 sondern in sich aufnimmt und neu verarbeitet. So kann politisch der
928 1748 2267 1791 Liberalismus nur Bedeutung und Macht zurückgewinnen, wenn er
924 1780 2255 1849 alle Wahrheiten des Sozialismus tief in sich ausgenommen hat —
935 1828 2264 1893 und er scheint auf dem Wege dazu. So kann dramatisch die neue
934 1891 2259 1948 Tragödie nur Gestalt und Macht gewinnen, wenn sie alle Kunst der
933 1938 2258 1994 Menschengestaltung, mit der uns die „naturalistische Aera bereichert
928 1980 2274 2043 hat, beherrscht und nach Wahl und Ziel mit verwendet — ist sie auf
923 2045 1199 2106 dem Wege?
1014 2075 2253 2136 Paul Ernst, der vom Abhängigkeitsdogmatismus jäh übersprang zu
924 2131 2259 2188 einem Dogmatismus der Freiheit swas ein Widerspruch in sich bleibt),
936 2187 2268 2250 führt diesen Weg nicht. Aber ob aus der Asche des Naturalismus, in
928 2235 2269 2291 unmittelbarem Auschluß an die Traditionen der achtziger Jahre, ohne
931 2277 2260 2345 neuromantische oder nenklassische Umwege sich vielleicht Zukunft¬
924 2327 2247 2397 volles erhebt? Ob Hauptmann oder Schnitzler heute einen Nach¬
928 2385 2265 2445 wuchs haben, der das Wichtige ihres Wertes#festhalten und sie doch
928 2426 2269 2485 überwachsen kann? Das ist die letzte bedeutende Frage, auf die uns die „
920 2477 2190 2537 dramatische Produktion des Jahres 1910 noch Antwort geben soll.
921 2595 1972 2691 Der Brand von Peter Altenberg
1094 2681 2244 2750 zwei Uhr morgens kam die Nachricht in die American Bar,
1052 2738 2246 2790 daß ein Palais nächst dem Stadtpark in Flammen stehe. Wir
911 2781 2263 2843 4 ließen unsre wunderbaren Mischungen sofort stehen, fuhren im
928 2827 1307 2889 Fiaker rasend hin.
1021 2867 2258 2919 Auf dem Dache des fünfstöckigen Palastes leuchteten die weißen
931 2922 2248 2965 Magnesiumfackeln der Feuerwehr, und goldgelbe und rote Funken fielen
932 2955 2259 3013 zur Erde. Unten im Finstern der Straßen leuchteten die Lampen der
922 2998 2254 3068 Feuerwehr=Automobile wie getreue Wächterhundeangen! So besorgt¬
926 3051 1128 3116 gutmütig!
1015 3066 2252 3141 Der Stadipark war schwarz und einsam. Auf einer Bank saßen
920 3128 2256 3187 Zwei, Hand in Hand. Sie betrachteten den Brand des Palais, hörten
916 3175 2250 3235 die Feuerwehrsignale: „Wasser! Wasser! Wasser!“ und sie waren und
929 3216 2156 3295 sie blieben versunken in ihrem eigenen unentrinnbaren Schicksal!
1007 3278 2267 3320 Das Palais brannte, und man erließ für die obern Parteien
917 3310 2098 3366 bereits die Nachricht, sie möchten delogieren und herabkommen —
1018 3361 1861 3417 Der Stadtpark war einsam und im Dunkeln —
929 3463 1005 3535 72
