3392 4352
1087 256 1569 347 box 41/2
692 267 927 335 neous
126 276 1060 381 1. M1866.
1011 1032 1361 1130 Telephon 12.801
1005 1127 1136 1212 Die
489 1195 1099 1288 „ODSEIVEN
273 1252 1354 1355 I. öst. behördl. konz. Unternehmen für Zeitungs-Ausschnitte
482 1323 1157 1419 Wien, I. Konkordiaplatz 4
622 1400 1036 1479 Vertretungen
272 1449 1370 1529 in Berlin, Budapest, Chicago, Christiania, Genf, Kopen¬
271 1504 1375 1569 hagen, London, Madrid, Mailand, Minneapolis, New-York,
274 1543 1385 1621 Paris, Rom, San Francisko, Stockholm, St. Petersburg
583 1588 1061 1652 (Quellenangabe ohne Gewähr)
268 1643 777 1751 Russchnitt aus:
1021 1663 1255 1759 ITUREN
494 1722 807 1810 18 9 1910
278 1771 427 1824 vom:
607 1841 1191 1990 AGAG
366 1991 1380 2124 Zeitungscliches für Theaterkritiker.
467 2125 1364 2225 Der Denkende (Hr. Heine), der Rührige
373 2183 1361 2277 Hr. Ben Tieber), der Unverwüstliche (Hr.
374 2247 1365 2344 Blasel), die Quecksilberne (Frl. Kartousch),
363 2314 1357 2402 der Unerschöpfliche (Hr. Gabor Steiner),
356 2367 1353 2458 der Stimmgewaltige (Hr. Melms), der
359 2403 1353 2512 Spaßige (Hr. Sachs), die Pikante (Fräul.
363 2472 1343 2569 Dirkens), die Temperamentvolle (Fr. Zwe¬
357 2540 1347 2630 renz), der Gottbegnadete (Hr. Girardi),
351 2605 1328 2690 der Wurzelechte (Hr. Balajthy), der Männ¬
344 2658 1333 2740 liche (Hr. Reimers), die Trockene (Fräul.
353 2718 1342 2797 Werbezirk), der Zwerchfellerschütternde
349 2770 1337 2863 (Hr. Maran), der Elegante (Hr. Storm),
351 2819 1337 2920 die Liebliche (Fr. Retty), die Innige (Frl.
338 2897 1325 2982 Lia Rosen), der Groteske (Hr. Pallen¬
334 2945 1336 3028 berg), die Interessante (Fr. Gutheil¬
332 3002 613 3078 Schoder).
429 3076 1325 3183 NB. Alle übrigen sind entweder tüchtig
333 3131 812 3209 oder Sympathisch.
425 3281 1309 3375 Der Geschickte (Blumenthal), der
328 3357 1300 3436 Bodenständige (Schönherr), der Freche
330 3405 1319 3506 (Faydeau), der Einfallsreiche (Lehär), der
338 3463 962 3552 Geistvolle (Schnitzler—.
420 3540 1297 3634 NB. Die übrigen Autoren und Kompo¬
333 3587 1274 3681 nisten sind entweder erfolgreich oder —
322 3650 599 3728 feinsinnig.
689 3703 927 3789 20h
1834 701 1909 756 2.
1840 745 1905 792 er¬
1828 785 1890 920 4
1875 2276 1937 2323 er
1918 78 2057 148 Men
1894 127 3050 189 Zeugnis von dieser Fachschule vorweisen zu können. Genfer Er¬
1911 175 3072 241 ziehung, Vollendung in allen Sportzweigen, musikalische Unbescholten¬
1916 223 3079 286 heit, das alles wird nichts sein gegen eine Legitimation, erworben
1909 268 3079 324 durch das Studium an der neu zu errichtenden Kochschule auf dem
1906 328 3075 376 Kobenzl. Er hat sich's nicht träumen lassen, der Wackere, daß er
1908 367 3075 415 einmal solch lebensfreudigem Zweck dienen wird. An der Stelle, da
1914 412 3079 474 der Baron Reichenbach die Kunde vom Od in die Welt sandte und
1903 448 3079 507 seine geheimnisvollen Schriften vollendete, werden jetzt frische Stimmen
1905 507 3080 558 erschallen und Kochrezepte werden die einzige Weisheit sein, die
1916 569 3078 613 hier aus Büchern geschöpft wird. Grün ist des Lebens gold'ner
1916 603 3080 665 Baum. An den grünen Maientagen werden die Fremden auf den
1905 651 3087 702 Kobenzl geführt werden, und die Leute unserer Stadt werden ihnen die
1919 697 3087 756 Einrichtungen zeigen und Kostproben vorlegen. Mit blitzenden Augen
1922 768 3083 803 werden die Wiener auf die geschickten jungen Mädel weisen, die hier
1920 794 3090 847 Wirtschaftlichkeit und Kochkunst lernen, um dereinst unserer Teuerung
1928 841 3096 897 und der immer zunehmenden Verstimmung der Magennerven Einhalt
1908 879 3094 969 bieten zu können. Und die lächelnden Mienen der Wiener werden
1915 941 2721 1009 sagen: Unsere Zukunft liegt auf dem Kobenzl.
2026 1002 3087 1046 Der Baedeker hat den Kobenzl bis jetzt arg vernachlässigt, er
1928 1036 3092 1094 bezeichnet ihn als dem Kahlenberg benachbart und sonst, zu Ausflügen
1930 1099 3094 1144 wenig lohnend. In Hinkunft wird er ihm einen Stern vorsetzen, wie
1915 1129 3088 1198 er dies bei allen besonderen Sehenswürdigkeiten tut, und hinzufügen:
1918 1182 2745 1263 „Jeden Donnerstag Griesschmarrn mit Röster!“
2811 1215 3055 1279 Adagio.
2874 1294 3086 1332 —
1932 1403 3069 1530 „SAGRADA (Ges)
2013 1549 3010 1675 (Gnsc, BARDER
1973 1662 3060 1726 Magenstärkende Purgier-Pastillen!
1930 1751 2998 1788 100 Klinisch erprobt, wirkt sicher, mild und regulierend.
1959 1785 3054 1841 Nur echt mit Namen Barber. — Schachtel à 70 Ieller und Kr. 2·40.
1962 1831 3064 1895 „Heil. Geist“-Apotheke, Wien, I. Operngasse 16.
2265 1887 2518 1932 S
1992 2007 3050 2103 Staats-Bürger-Rechts-Bureau
1944 2093 3114 2185 Wien, I. Grünangerg.- k-Heimatsracht, Heiratsbewilligungen ete.
2327 2163 2699 2221 Telephon Nr. 7126.
1960 2161 2063 2218 1070
2193 2240 3031 2361 * Im Theater-Cäse. 1.#
2871 2316 2931 2387 *
2038 2345 3105 2432 Nun sind endlich auch die letzten. Nachzügler aus den ver¬
1931 2427 3108 2489 schiedenen Sommerfrischen und Kurorten wieder eingerückt und sie
1931 2492 3107 2536 finden sich nachmittags zunf „Schwarzen“ im Theatercafé ein:
1946 2515 3107 2589 Bühnenleute, Komponisten, Librettisten, Advokaten, Agenten und
1943 2566 3112 2632 „Herren von der Zeitung", welchen von den Genanntseinwollenden
1940 2626 3111 2681 der Doktortitel taxfrei verliehen wird. Ein Tisch an einem Fenster,
1918 2675 3111 2746 das den Ausblick auf die belebte Straße ermöglicht, bleibt einigen
1925 2720 3110 2785 treuen Stammgästen reserviert, so da sind: der vielvermögende
1939 2762 3119 2832 Theatersekretär Muckerl, der Advokat in Theatersachen Doktor
1944 2807 3112 2873 Fliegenleim, der Gesangskomiker Bretzl und der Operetten¬
1886 2870 3004 2923 kt librettist Aram Schwelberg, recte Abraham Schwefelberg.
2059 2910 3111 2973 „Alstern, Doktorl, wo war'n denn Sie heuer?“ fragte der
1949 2962 2588 3031 Gesangskomiker Bretzl den Advokaten.
1873 2961 1937 3019 ie
2047 3004 3102 3062 „Wo werd' ich gewesen sein?“ versetzte dieser. „Nicht weg¬
1949 3052 3110 3113 gerührt hab' ich mich von Wien, höchstens daß ich manchmal über'n
1954 3109 3115 3165 Sonntag nach Ischl bin oder ich hab' abends eine Spritztour nach
1951 3157 3113 3210 Baden gemacht. Erstens hab' ich müssen wie ein Haft'lmacher auf¬
1954 3194 3120 3265 passen, daß mir nicht ein setter Konkurs auskommt. Im Landes¬
1954 3239 3116 3312 gericht für Zivilsachen haben sie beim Buchstaben k gehalten. Der
1948 3286 3114 3351 Dr. Fahrwohl, der Dr. Feigelstock, der Dr. Feldmann, ja sogar der
1950 3335 3117 3414 Dr. Fenichl waren schon absolviert. Das hätt' mir noch gefehlt, daß
1953 3392 3130 3456 vielleicht bei einer Millionen=Insolvenz ich als Masseverwalter an der
1963 3438 3126 3499 Tour gewesen wär' und ich mich in Ostende oder Scheveningen
1951 3495 2342 3566 herumgetrieben hätte.“
2063 3525 3123 3607 „Nun? Darf man gratulieren?“ fragte der Theatersekretär
1959 3592 2136 3653 Muckerl?
2061 3626 3117 3699 Der Advokat seufzte: „Hab' ich denn Glück?“ rief er. „Einen
1943 3675 3120 3735 Schuster in der Schönbrunnerstraße hab' ich bekommen. Auch eine
1952 3729 2753 3791 Insolvenz! 4000 Kronen. Weinen könnt' mer!“
2072 3774 3121 3836 „Doktor, Du fader Dramatiker, Du verlierst den dramatischen
1942 3811 3126 3902 Faden, witzelte Aram Schwelberg, recte Abraham Schwefelberg.
1938 3877 2279 3953 1 „Also zweitens?“
3057 3868 3182 3967 2
2614 3939 2883 4034 F
