3392 4192
131 191 249 290 1.
1120 169 1584 286 box 41/3
253 193 981 309 Miscellaneons
253 1143 462 1252 K
131 1243 1899 1290 wären. Wir wissen zudem, daß diese Probleme sind — dann nehmen Sie sich in acht!“
121 1274 1898 1362 kerke von dem Meister des aphoristischen! Der Ausspruch wurde als politisches Bekenntnis
127 1329 1891 1399 hterische Form, blitzende Gedanken und Bernard Shaws sehr bemerkt, er klingt und klirrt aber
131 1399 1895 1454 mpfangen.... Wie mühselig windet sich nur wie eine hohle Schelle und läutet Unsinn aus. Soll
122 1441 1886 1512 kte und verschwommene Shaw, der ein=überhaupt Angst gemacht werden, so hat der Kapitalis¬
145 1497 860 1569 war, bis zur Wortspitze durch. Ganze
872 1506 1876 1557 mus die kleinen Schreiber doch erst dann zu fürchten,
133 1547 865 1618 Buchseiten müssen die Umkehrung einer
878 1552 1891 1607 wenn diese einmal wissen, daß sie keine Probleme
1831 1601 1885 1640 *
136 1598 861 1672 irieren, die nicht einmal eine Wahrheit
878 1604 1871 1662 mehr sind. Wo Bernard Shaw also in „Mesallianz“
125 1649 855 1725 neide eigentlich gegen sich selbst richtet.
877 1654 1896 1714 einen ernsten Schritt versucht, gleitet er sofort aus.
143 1701 862 1777 den Sprechmaschinen, die in „Mes¬
870 1704 1885 1783 Vielleicht ist Bernard Shaw zur Erkenntnis gelangt,
861 1757 1894 1817 daß seine Logik jetzt nur noch ein Problem ist — er
138 1747 859 1823 steden aufgezogen sind, wirklich nach¬
131 1806 854 1879 denken? Die mechanischen Figuren, die
875 1808 1892 1870 bewegt sich darum zumeist im Kreise unkontrollierbarer
878 1854 1896 1928 Schaukelwitze. Er hat es sogar darauf abgesehen, uns
134 1863 855 1936 Knarren funktionieren, hat Bernard
875 1915 1881 1975 mit Witzen zu betäuben, denn er teilt seine Komöd#
144 1918 611 1985 gebildet, nicht geschaffen
601 1908 864 1985 —, sie haben
870 1963 1896 2033 „Mesallianz“ nicht in Akte ab und wünscht, daß wir
155 1958 865 2041 in einer andern dichterischen Welt.
876 2012 1893 2090 uns seinen Aphorismenschatz mit allen Umkehrungen
130 2006 864 2094 rten Schreiber in „Mesallianz“ ist
863 2069 1895 2129 drei Stunden lang ohne Unterbrechung zu Gemüte
154 2071 851 2149 Modell gewesen; die Tochter des
873 2119 1897 2186 führen. Sein Witz ist also schon bedenklicher Natur.
161 2111 856 2183 die in der häuslichen Enge stets ein
865 2169 1873 2237 In seinen szenischen Anmerkungen zu „Mesallianz“
141 2154 855 2250 ignis herbeisehnt, sich aber indessen mit
878 2222 1898 2290 fordert Bernard Shaw in der Mitte des Pavillons
141 2218 857 2299 sing befreundet, ist auf Hilde Wangels
140 2289 183 2338 n
875 2270 1883 2340 eine Tür und einige Stufen, mit denen „die dort aus¬
179 2274 863 2353 zurückzuführen, und die Kraftdame
875 2324 1890 2386 tretenden Heißwasserröhren“ überdeckt werden sollen!
203 2337 858 2398 die fürs Körperliche schwärmt,
878 2389 1900 2449 Bei den Türstufen beginnt plötzlich eine feine Psycho¬
132 2367 862 2452 au Maja ab. Die Distanz ist freilich
875 2418 1903 2500 logie des Dichters — das Publikum muß ahnen, daß
131 2433 854 2511 Menschen sind Verzerrungen, aus Lebe¬
869 2488 1895 2562 darunter Heißwasserröhren fürs Schwitzbad ver¬
141 2484 648 2550 ite Fragezeichen geworden.
870 2532 1118 2616 borgen sind.
136 2516 852 2615 Nesallianz“ Gedanken auftauchen, lohnt
958 2561 1892 2659 Da „Mesallianz“ im Deutschen Volkstheater ab¬
147 2579 863 2654 nicht, denn sie sind längst voraus¬
867 2634 1889 2709 gelehnt wurde, so wird Bexnard Shaw durch seinen
162 2644 859 2714 „Shakespeare betrank sich,“ so ver¬
869 2694 1891 2755 Siegfried Trebitsch demnächst die geharnischte Er¬
157 2694 856 2766 Shaw, „und Euripides lief aus der
876 2748 1899 2810 klärung abgeben, daß die Wiener, die unter den Stufen
186 2747 863 2820 Aber groß gemacht hat sie das
867 2791 1902 2872 eines Pavillons nicht einmal Heißwasserröhren ver¬
136 2789 855 2872 dem sie sich erheben, nicht das
876 2843 1891 2907 muten, kein Kunstgefühl, keinen Sinn für Kultur, kein
139 2852 860 2929 welchem sie sinken konnten. ...“ Das
872 2893 1896 2960 Verständnis für die Komödie des zwanzigsten Jahr¬
146 2899 854 2964 sich wirklich wie ein Gedanke. Doch
863 2946 1200 3021 hunderts besitzen.
147 2959 852 3023 hl je geglaubt, daß Shakespeare durchs
945 2990 1896 3075 Dieses Jahrhundert wird von den ungeahnten
143 3013 861 3067 pides durchs Davonlaufen groß ge¬
865 3047 1886 3119 technischen Fortschritten in Atem gehalten und ist den
137 3060 851 3121 Solcher Art sind Bernard Shaws
861 3111 1893 3178 Künsten nicht geneigt. Die immense Steigerung des
143 3111 859 3179 er das Schreiberlein in „Mesallianz“,
149 3155 1895 3225 ft dem Kapitalisten zu: „Und ich sagewirtschaftlichen Verkehres treibt in der Kunst
151 3218 1908 3314 ir Schreiber einmal wissen daß wir 1Instinkte hervor, die früher nur in der Großindustrie
1961 1180 3013 1277 oder in der Minenspekulation wohnten. Unsre Dichter|1.
1964 1259 2974 1346 gönnen sich in unseligem Hasten nicht die Zeit, ihre
1967 1312 2972 1384 Werke zur Reife zu bringen — sie werfen Skizzen,
1965 1357 2978 1441 das Material für Dramen, die erst vollendet werden
1964 1425 2976 1483 müßten, die Rohstoffe auf den Markt. In diesem
1964 1471 2979 1532 Betrieb ist eine stetige Entwicklung, der Drang zum
1967 1524 2978 1578 Höheren, der Zug nach oben unmöglich geworden.
1953 1569 2981 1637 König Oedipus bewirbt sich um die Rotunde, die
1961 1621 2987 1685 früher dem wilden Westen und den Aschantis zum
1953 1661 2979 1743 Tummelplatze diente. Die Aesthetik des Barnum ist
1959 1736 2978 1798 klar. Man will mit einem einzigen Griff die Ein¬
1958 1763 2986 1836 nahmen erzielen, die sich sonst auf zehn Abende ver¬
1958 1822 2970 1892 teilen. So wurde der Sprung von den aller¬
1950 1875 2986 1934 intimsten Kammerspielen zum Zirkus des Oedipus
1960 1931 2984 2004 gewagt. Auf den Ort allein kommt es an. Die
1954 1983 2978 2057 Hühneraugenringe haben, wie König Oedipus, die
1961 2036 2991 2097 längste Zeit keine Sensation gemacht und ihre Kunst
1974 2085 2986 2151 erst dann bewährt, als man den Menschen die Idee
1973 2134 2990 2200 eingab, sie „in der Uhr“ zu tragen. Oedipus zeigt
1949 2188 2979 2256 den Weg. Wohin ist Hugo v. Hofmannsthal getaten?
1948 2232 2971 2300 Zirkus und Libretto. Wo stehen nach starkem Anlauf
1955 2290 2978 2360 Gerhart Hauptmann, Wedekind, Sudermann? Axtur
1972 2346 2980 2403 Schnitzler ist der einzige unter den Führenden, der
1955 2387 2977 2453 Ruhe und Haltung bewahrt, innerhalb der Grenzen
1975 2444 2913 2503 seiner Natur unveirrt der sorglichsten Arbeit
1950 2489 2982 2570 hingibt und der Oeffentlichkeit keinen Satz über
1953 2540 2974 2619 antwortet, der nicht ehrlich geformt und durchgebilden
1955 2594 3027 2667 wäre. Sonst allerwegen ein Abstieg, ein sorgloses#
1954 2641 2999 2711 Niedergleiten. Wo hält d'Annunzio? Wo bämmern
1964 2691 2976 2765 die begabtesten der Franzosen? Wo wirhelt Shaws
1952 2746 2978 2825 Man hält mir Schönherr vor. Er war früher mehr
1957 2804 2974 2858 stiller Dichter und ist jetzt mehr packender, los¬
1967 2856 3030 2922 schlagender Szenenmacher. Er war früher tiefer und
1963 2898 2978 2974 reiner — jetzt ist er Eroberer und geht in deutschen
1960 2955 2977 3017 Landen mit der vermeintlichen Tragödie seines
1966 3001 2975 3096 Volkes auf Reisen; er war so klug, sich die Gegen¬
1966 3067 2751 3141 reformation zum Kompagnon zu nehmen.
2295 3128 3069 3222 Dr. Robert Hirschfeld. 10.
