3392 4352
1920 82 2120 149 srerchencher
1877 127 2910 184 auch ihnen standen jetzt Aureger und Löser auf. Denn
1958 159 2926 229 st eine merkwürdige, aber psychologisch begreifliche
1888 220 2913 260 Erscheinung, daß die neu Hinzukommenden, die An¬
1878 246 2926 305 fänger den Kreislauf der Entwicklung meist nicht noch
1869 274 2922 333 leinmal, nicht wieder von vorne durchmachen, sondern
1127 265 1588 360 box 41/3
130 252 989 388 1. Miscellaneens
1879 324 2925 379 dort einsetzten und beginnen, wo zur Zeit ihres Auf¬
1870 368 2925 436 tretens die führende, die siegreiche, die modische oder
1861 403 2924 458 #moderne Dichtung eben steht. Sie stand damals
1875 454 2930 503 gerade bei den gesellschaftlichen Problemen, und zahl¬
1871 478 2934 545 reiche Gesellschaftsstücke ganz neuer, oft soziologisch
1876 512 2932 581 vorgeschulter Männer waren die Folge. Fremde
1887 556 2928 621 Einflüsse, namentlich gallische, wirkten dabei mit, und
1884 601 2926 669 weil in Paris besonders der Justiz das Leben
1880 643 2918 699 satirisch schwer gemacht wurde, brachten zahl¬
1873 678 2918 746 lose Wiener Stücke auch österreichische Justiz¬
1874 710 2917 778 zustände in nicht sehr günstiger, doch keines¬
1878 760 2916 826 wegs ungerechter Beleuchtung. Ebenso wurde das
1882 806 2917 859 alte katholisch=klerikale Problem von neuem in den
1884 840 2926 902 Vordergrund geschoben, wie beispielsweise durch Friedrich
1887 885 2912 949 von Oestèren in seinem großen Jesuitenroman „Christus
1879 928 2930 993 nicht gesus“, der wohl jetzt erst erschien aber da¬
1881 967 2910 1022 mals bereits entstand, damals bereits seine literarischen
1889 1001 2927 1072 Fundamente bekam. Indes, nicht nur in Gegenwart
1884 1050 2924 1106 und Zukunft, auch in die Vergangenheit schweifte der
1884 1094 2918 1146 freier gewordene Blick, und Hofmannsthal etwa suchte
1883 1135 2923 1183 den Alten das abzugewinnen, was der Jetztzeit an
1889 1172 2926 1245 ihnen noch ein seelisches, ein gefühlsmäßiges Interesse
1892 1218 2223 1293 zu bieten schien.
1915 1245 2935 1314 Da — jählings wieder ein Wechsel in der Physiognomie.
1890 1304 2932 1359 Die Züge mildern sich, werden schmerzlich = blaß, ja
1890 1340 2925 1398 leibend. Was ist geschehen? Ein Rückfall in das
1892 1375 2929 1446 Sinnliche. Wieder sinkt aller Ton auf die Be¬
1884 1413 2960 1490 ziehungen der Geschlechter, ihr Zusammensein und ihr!
1886 1446 2942 1530 Zusammenwirken, ihr Lieben und Weben. Doch jetzt
820 1468 1884 1541 Die Phgsivgnomie der jungen
1877 1498 2941 1565 klingt dieser Ton nicht leicht mehr, nicht frivol, sondern
1894 1534 2988 1602 sehr seltsam elegisch und manchmal auch empört. Diesk
1062 1414 1698 1616 Wiener Piatung.
909 1578 2984 1658 Die Phesiognomie der jungen Wiener Dichtung —Ehe, ach die Ehe! Sie hat unseren gereiften Dichtern?
1887 1624 2930 1686 mit der Zeit Veranlassung geboten, ihre Ecken zu
841 1641 1891 1700 sie hat etwas merkwürdig Feminines. Entspricht das
1891 1662 2957 1736 fühlen, sich an ihren Kanten zu stoßen und wund=se
853 1687 1880 1735 dem Charakter des Wieners, der weicher, schmiegsamer,
1887 1704 2933 1774 gepufft über sie nachzudenken — versteht sich die Ehe
852 1731 1879 1783 schwächer ist als etwa der des Berliners? Oder
1892 1743 2979 1808 als Institution, ganz abgesehen von den gewiß vor=n¬
847 1776 1890 1841 entspricht es der Stellung der Frau in unserem
2346 1780 2935 1847 Keine einseitige Gehässigkeit
1893 1796 2358 1857 trefflich Einzelpersonen.
849 1809 1644 1887 sinnenfrohen Babel? Genug, es ist so.
1900 1821 2938 1894 kommt zum Vorschein, wie beispielsweise bei Strind¬
918 1838 1886 1901 Und es bleibt interessant, die Wandlungen dieser
1892 1881 2935 1930 berg; dazu ist Wiener Artistentum zu zartfühlig, viel¬
853 1879 1896 1949 frauenhaften Physiognomie zu verfolgen, die Gründe
1891 1906 2934 1971 leicht auch zu geschmackvoll. Aber plötzlich wiever hat
847 1932 1889 1991 dieser Wandlungen aufzuzeigen. Im Anfang war es
1903 1947 2933 2013 es für nichts anderes mehr Sinn als fürs Geschlecht.
849 1972 1892 2040 der reizende, ein wenig wie von blonden Locken um¬
1898 1992 2928 2055 Das Geschlecht in der Ehe, der Tod der Liebe, die
857 2019 1900 2077 zauste, stumpfnäsige rotlipeige Kopf eines blauäugigen
1904 2036 2931 2094 unbändige Sehnsucht ins Freie hinaus aus
854 2043 1886 2120 süßen Mädns. Arthur Schnitzler, Sie wissen
2495 2073 2937 2126 die von ererbten
1893 2077 2488 2137 dem Zwang, die Fesseln,
850 2094 1900 2150 es, war sein Vater — nein, sein enthusiasmierter
1897 2118 2940 2176 und erworbenen inneren Vorurteilen und äußerem
852 2137 1894 2198 Entdecker und Freund. Unter dem Einflusse der
846 2191 2934 2238 realistischen Franzosen und Norddeutschen gingen Druck, Gesellschaft und Gesetz dem Freiheitsstreben!
2302 2192 2932 2247 das macht den Inhalt dieser
857 2224 2250 2272 unsere jungen Leute auf die Straße und holten da, auferlegt werden
1897 2232 2927 2306 neuesten Phase. Von Bahr erscheint, erfüllt davon,
849 2252 1895 2305 einer Eigenheit ihres Wesens folgend, nicht das
1905 2281 2926 2346 „Der Meister", von Schnitzler das nicht nur müde,
852 2303 1895 2348 Ernste und Strenge in die engen, eleganten Stuben
861 2313 2926 2391 ihrer Literatur, nicht den Arbeiter und seinen Kampf,auch matte Ehedrama „Zwischenspiel", und Max
1899 2378 2942 2421 Burckhardt, allen voranschreitend, schreibt schon das
856 2382 1899 2449 sondern das Angenehmste und Hübscheste, das es da
1903 2407 2541 2478 Scheidungsstück „Im Paradies“.
854 2418 1906 2474 unten gab, das leichte, dumme, heiße Wiener Vorstadt¬
1951 2427 2943 2499 Das sind wir nun. Und wenn wir zurückschauen,
861 2458 1907 2518 kind. Das war die Wendung, die der Realismus in
1900 2484 2943 2557 so drängt sich uns die absolute Abhängigkeit der
855 2504 1900 2562 unserem südlich sonnigeren Klima nahm. Natürlich
1900 2513 2948 2588 jungen Wiener Dichtung von der Frau mit zwingender
864 2546 1899 2612 gab es individuelle Distinktionen. Der schenkte dem
2290 2555 2949 2630 Daher ihre Fehler und ihre
1904 2574 2276 2632 Deutlichkeit auf.
856 2590 1904 2642 Gesichtchen der Süßen einen blauen, dunkeln Strich
2299 2593 2950 2672 ihre reizvolle, bunte, fast
1904 2612 2308 2675 Vorzüge, daher
855 2622 1906 2688 unter die Augen, der gab den Blicken jenen geheimnisvoll
2796 2642 2949 2696 daher
1909 2643 2765 2716 werbend=reiche und geschmückte Form,
854 2666 1905 2723 feuchten Glanz, der nahm den Farben die Frische und
1913 2671 2948 2749 aber auch die überwiegende stoffliche Begrenztheit, die
869 2712 1902 2763 der stilisierte das Wiener Mädel zur ägyptischen
1903 2725 2946 2792 immer wieder hervortanchende Enge des Horizonts.
863 2741 1914 2809 Sphinx. Tatsächlich war aber eine zeitlang bei uns
1908 2766 2948 2835 Natürlich einzelne gibr es, die sich in dieses Schema;
863 2788 1906 2847 unter all der Mannigfaltigkeit der äußeren Er¬
1907 2809 2955 2873 nicht pressen lassen, die es mit ihrer Individualität
862 2837 1900 2889 scheinung, den symbolistischen Maschen, den Boticelli¬
1910 2847 2947 2917 sprengen, doch für das Gros der Großen und der
867 2869 1908 2922 schen Locken, den bunten Gewändern, das gleiche
1901 2883 2942 2960 Kleinen gilt es; und bezeichnend dafür ist besonders
871 2919 1717 2976 Modell stets zu erkennen: das süße Mädel.
1916 2930 2949 2995 vielleicht der Umstand, daß der männliche Entwicke=
936 2942 1901 3007 Wie's ihm im Leben geht, so ging es ihm auch in
1908 2975 2954 3035 lungsroman, wie er in Deutschland nun schon seit
863 2997 1908 3056 der Literatur. Es wurde, nachdem man es satt hatte,
867 3048 2942 3095 höchst treulos in die Ecke gestellt. Unsere jungen Jahren Erfolg auf Erfolg gewinnt, von Frenssen bis
1907 3042 2951 3124 auf Steiger und Tamm, bei uns, allen Sieges¬
869 3078 1919 3135 Dichter wurden älter, besannen sich auf ihre gute
1905 3089 2966 3167 exempeln im Reiche zum Trotz, noch keinen einzigen
870 3125 1917 3177 Erziehung, sagten der Straße Ade, fanden am fest¬
1921 3140 2657 3218 Nachahmer hervorzubringen vermochte.
872 3158 1910 3216 lichen Schimmer der Gesellschaft wieder Gefallen, und
2520 3160 2989 3274 Rudolf Strauß. 1
861 3198 1915 3250 der wandelbare Kopf unserer Dichtung erhielt fort
873 3238 1919 3287 einen anderen Ausdruck: den der hübschen verh#####eten
2371 3224 2913 3338 i 18.—
872 3279 1920 3331 Frau. Was nämlich die Pariserin trifft, das trifft wehlauch¬
875 3291 2027 3384 die Wienerin: Auch sie ist leicht, verwegen und kokett unds
872 3362 1933 3422 lieber Mehreren treu als Einem. Eine Periode der!
877 3398 1931 3453 Wiener Frauenschilderung brach an, und bunte schwüle
866 3442 1925 3506 sündige Parfums hauchten verwirrenden Duft aus.
878 3481 1936 3536 Soll ich Namen nennen? Die Zahl dieser Gattung
881 3527 1929 3576 Skizzen und Novellen ist zu groß. Gemeinsam war
871 3556 1932 3618 ihnen die Freude, die Lust an der Frau, die Stellung¬
879 3605 1934 3665 nahme für diese, die hier und da, wie beispielsweise
883 3643 1936 3703 bei Auernheimer, zwar spöttisch=überlegen glossiert
885 3681 1939 3744 wurde, gegenüber dem Gatten aber zumeist doch ganz
871 3724 1945 3785 vortrefflich abschnitt. Denn noch handelt es sich um
878 3760 1937 3824 die Junggesellenperiode unserer jungen Dichter, die
981 3813 1938 3870 durch die Entwicklung vom sützen Mädel zur
889 3823 974 3874 sich
886 3864 1939 3909 lockenden Frau — anderer — deutlich charakterisiert.)
955 3884 1941 3955 Aber dann kam die eigene Frau. Und das Gesicht
881 3927 1927 4005 der Dame Dichtung verwandelte sich abermals. Ver¬
895 3950 1949 4040 sonnen schien es, ernst und beinah männlich=scharf.]
893 4013 1939 4095 Der Zauber der Sünde erblich. Durch die Ehe
