3392 4256
1077 272 1544 364 box 41/3
92 280 936 388 1. Miscellaneous
249 1487 1210 1575 Bitte Rückseite beachten!
852 1571 1310 1651 Telephon 12.801.
1126 1676 1207 1755 4
510 1753 1131 1848 BSERVER
367 1778 457 1864 90
223 1847 1339 1921 I. österr. behördl. konz. Unternehmen für
527 1892 1023 1972 Zeitungsausschnitte
248 1936 1333 2031 Wien, I., Konkordiaplatz 4.
647 2005 942 2065 Vertretungen
235 2040 1341 2108 in Berlin, Basel, Budapest, Chicago, Cleveland, Christiania,
236 2093 1347 2137 Gent, Kopenhagen, London, Madrid, Mailand, Minneapolis,
241 2132 1334 2191 New-Vork, Paris, Rom, San Francisco, Stockholm, St. Peters¬
642 2173 947 2239 burg, Toronto.
489 2211 1089 2296 (Quellenangabe ohne Gewähr).
243 2282 1430 2405 Ausschnitt aus Hamburger Verrospereen.
431 2339 872 2439 1.9 FEB. 1911
248 2411 299 2466 V
166 2429 631 2500 aus reinen Goldfaden.
246 2481 408 2541 Arthur
548 2466 1428 2546 Pheaterarzt. Aus Wien berichtet man
195 2508 1424 2576 ins: Vieldc wird ein Zwischenfall bei der Burgtheater¬
182 2573 1423 2615 Probe von Fulbas „Herr und Diener“ am Freitag.
170 2602 1428 2679 Reimers als König Kosru muß eine Krone zertreten. Er tat dies
169 2652 1423 2707 mit so viel Energie, daß ihm ein Zacken der Krone in den Fuß
167 2688 1420 2740 drang und eine heftig schmerzende Wunde verursachte. Als ein¬
175 2735 1419 2789 ziger der Generalprobe beiwohnende Arzt war der Dichter Arthur
176 2778 1422 2825 Schnitzler anwesend, und dieser leistete Reimers die erste Hilfe.
164 2823 1426 2867 Die Unterbrechung dauerte eine halbe Stunde. Reimers spielte
166 2834 1427 2905 dann hinkend seinen Part zu Ende. Es bestehen Zweifel, ob nicht
169 2887 1440 2942 eine Muskelverzerrung vorliegt, in welchem Falle die Premiere abge¬
168 2936 567 3012 sagt werden müßte.
244 2957 1450 3043 Ein Fehler auf den bayerischen Jubiläumsmarken. Aus
173 3026 1189 3086 München wird der B. Z. am Mittaa herichtet: Anaukt
1815 106 2874 178 Wien, I., Konkordiaplatz
2221 172 2505 230 Vertretungen
1816 194 2899 280 in Berlin, Basel, Budapest, Chicago, Cleveland, Christiania,
1812 241 2890 313 Genf, Kopenhagen, London, Madrid, Mailand, Minneapolis,
1819 281 2896 351 New-Vork, Paris, Rom, San Francisco, Stockholm, St. Peters¬
2209 329 2516 393 burg, Toronto.
2070 373 2665 456 (Quellenangabe ohne Gewähr).
1818 448 2191 524 Ausschnitt aus:
2168 474 2939 579 Neus Freie Prosen Wien
2029 544 2543 643 19 Prönm 1911
1832 571 2028 654 vom
1788 632 2874 686 [Der Dichter als Arzt.] Generalprobe eines neuen
1715 687 2878 733 Stückes. Auf der Bühne und hinter den Coulissen die aufs
1715 718 2871 778 höchste gesteigerte Aufregung und Nervosität. Wenn einmal die
1709 751 2872 832 Schlacht im Gange ist, dann gebietet eiserne Disziplin Ruhe
1713 816 2876 857 und Mäßigung; aber jetzt am Tage vor dem Entscheidungs¬
1717 841 2882 898 abend gärt und wirbest es von verhaltener Kraft und müh¬
1723 902 2878 942 sam eingedämmten Energien. „Der Zuschquerraum liegt im un¬
1715 940 2880 988 bestimmten Zwielicht, da, (die Logen, in denen am Abend
1726 968 2881 1033 Frauenaugen) und (Frauenschultern aufleuchten werden, sind
1716 1010 2886 1064 mit mißfärbigen oder trostlosgrauenTüchern verkleidet, und
1722 1052 2893 1128 unten im Parkett nint#man nur hier un dort, vereinzelt
1730 1097 2909 1170 und verstreut die Umrissé einer menschlichen Gestalt wahr. Ein
1720 1142 2886 1198 merkwürdiger Kontrast zwischen der aufs äußerste empor¬
1728 1185 2883 1256 getriebenen Anspannung aller Lebenskräfte auf der Bühne
1733 1223 2887 1295 und der Kirchhofstille im Zuschauerraum. Da tönt von oben
1739 1271 2882 1333 ein Aufschrei, ein Schmerzensruf. Man hört förmlich das
1733 1307 2889 1380 Knirschen der aufeinandergepreßten Zähne. Das ist Wirk¬
1734 1356 2885 1423 lichkeit im Spiel, ist nicht etwa vom Autor vorgeschrieben,
1728 1388 2904 1458 durch den Gang der Handlung bedingt. Ein Zwischenfall in
1737 1447 2894 1507 der Generalprobe, wie er übrigens nicht gerade zu den Selten¬
1734 1483 2879 1554 heiten gehört. Ein anderesmal, es ist noch nicht lange her,
1729 1533 2899 1601 hat bei solcher Gelegenheit einer der Hauptdarsteller es mit
1733 1597 2895 1638 den Nerven bekommen, ist ohnmächtig zu Boden gestürzt,
1731 1620 2896 1681 diesmal hat ein Künstler im Affekt sich selbst Schaden zuge¬
1736 1664 2884 1728 fügt. Eine Krone, die auf dem Boden liegt, soll er zer¬
1734 1707 2884 1775 stampfen. Zu wuchtig holt er mit dem Fuße aus. Der
1739 1747 2882 1809 Perserkönig wankt, er hat sich den Fuß übertreten, die
1735 1801 2888 1852 Muskeln gezerrt. Stöhnend gleitet er in die Arme der Nächst¬
1726 1829 2890 1908 stehenden. Jäh bricht das Spiel ab, und nach einem Arzt
1729 1888 2890 1949 wird gerufen. Kein Heilkünstler ist zur Stelle. Da erhebt sich
1730 1933 2888 1993 einer der wenigen Herren, die in dem verödeten Zuschauer¬
1721 1964 2889 2036 raum Platz genommen haben und bietet sich zur Hilfeleistung
1728 2017 2895 2063 an. Wenige Minuten später ist der Schauspieler kunstgerecht
1731 2052 2893 2108 verbunden. Als Herr Reimers, unser frohgemuter Buratheater¬
1733 2088 2904 2163 held, bei der Generalprobe von „Herr und Diener“ so un¬
1740 2137 2915 2195 rühmlich verunglückte, hat ihm Artur Schnitzler ärztüchen Bei¬
1737 2199 2895 2258 stand geleistet. Man hörte und las davon mit einiger Ueber¬
1734 2216 2900 2283 raschung und gelindem Staunen. Nicht daß man daran ver¬
1732 2264 2906 2344 gessen hätte, daß die beiden bedeutendsten Dramatiker Jung¬
1736 2314 2897 2381 österreichs, Schnitzler und Schönherr, aus dem medizinischen
1726 2353 2904 2423 Beruf hervorgegangen sind und sich mit dem rite erworbenen
1719 2404 2902 2457 Doktordiplom der gesamten Heilkunde ausweisen können. Wohl
1736 2417 2914 2501 aber vermag diese theoretische, sozusagen literarhistorische?
1726 2478 2981 2557 Wissenschaft nicht zu verhindern, daß man ein wenig nachdenk=##
1730 2520 2953 2594 lich die Umkehrung gewahr wird, in welcher der Schauspieler##
1736 2562 2965 2641 dem Dichter die Rolle vorschreibt, nämlich die des behandelnden #
1740 2610 2925 2675 Arztes. Im „Jungen Medardus“ hat Reimers den General Rapp#
1752 2672 2901 2717 verkörpert, Napoleons Adjutanten, der dem Wiener Bürger¬
1727 2701 2896 2771 sohn in der Kerkerzelle die Entscheidung überbringt, ihn der
1740 2725 2907 2809 Militärpatrouille ausliesert, die das Todesurteil zu Pulver
1738 2783 2902 2849 und Blei vollstrecken soll. Mehr noch als bei dem Besucher
1750 2826 2903 2886 einer einzelnen Theateraufführung maa sich in der Vor¬
1752 2860 2898 2938 stellungswelt des Dichters die Gestalt des Schauspielers um¬
1750 2897 2827 2974 formen, in Eins zusammenwachsen mit der Rolle, die
1754 2966 2908 3022 selbst für ihn geschaffen hat. Jetzt wird der Dichter des
1755 2971 2904 3060 „Medardus“ zu General Rapp, nein, Dr. Artur Schnitzler zu
1749 3018 2898 3104 Georg Reimers gerufen, um ihm den Fuß zu strecken und
1749 3062 2904 3142 einzubandagieren, ärztliche Vorschrift zu erteilen und ein Rezept
1756 3119 2902 3187 zu schreiben. Der Dichter hat eben noch einen Beruf, wenn er
1749 3156 2902 3227 ihn auch nicht ausübt. Im Wesen des ärztlichen Berufes aber
1741 3197 2895 3274 liegt es gerade, daß man sich ihn nicht als Nebenbeschäftigung
1738 3252 2904 3308 vorstellen kann, und es ist gewiß kein Zufall, daß sowohl
1737 3286 2907 3351 Schnitzler wie Schönherr für gewöhnlich nicht ordinieren. Des¬
1745 3318 2904 3393 wegen hat Schnitzler freilich nie den Arzt vergessen, und wenn
1743 3362 2902 3444 Alfred v. Berger einmal sehr sein bemerkte, daß im Grunde
1744 3407 2898 3488 genommen Artur Schnitzlers Theaterstücke und Novellen samt
1748 3458 2910 3523 und sonders nur von drei Dingen, vom Lieben, vom Sterben
1749 3488 2903 3564 und vom Komödiespielen, handeln, so mag jedenfalls die tiefe,
1751 3527 2910 3615 vertraute Erfahrung, die jeder Seite anhaftet, welche Schnitzler
1758 3571 2916 3646 über Tod und Sterben geschrieben hat, mit seiner medizinischen
1746 3616 2905 3691 Vergangenheit zusammenhängen. Man kann auch die Sonde
1745 3654 2915 3729 und sogar das Seziermesser desgleichen sozusagen liebevoll
1757 3706 2914 3775 handhaben, und wenn man die Werke Schnitzlers darauf¬
1751 3744 2904 3835 hin durchblättert, kommt man bald darauf, wie oft und wie
1759 3783 2908 3870 gerne er sich in das Seelenleben von Aerzten vertieft und ihr
1753 3823 2911 3896 Empfinden anatomisch zerfasert hat. Diesmal freilich hat er sich
1760 3867 2913 3951 sogar zur ärztlichen Praxis zurückfinden müssen. Erfreulicher¬
1757 3911 2913 3989 weise ein leichter, ein einfacher, durchaus nicht komplizierter
1752 3950 2925 4029 Fall. Hossentlich finden sich aber Dichter und Künstler recht
1758 3996 2917 4071 bald wieder bei anderer Gelegenheit, Schnitzler als Autor und
1758 4022 2928 4117 Reimers in einer Rolle, die ihm besser gelegen ist als die
2711 4071 2876 4149 St—k.
1742 4094 2348 4187 so undankbare des Patienten.
