3392 4320
1161 267 1605 355 box 41/2
148 262 817 341 1. Miscellane
751 279 991 386 ous
1033 1488 1383 1591 Telepnon 12.801.
486 1644 1126 1731 „ODSERTER
268 1734 1385 1785 1. österr. behördl. konz. Unternehmen für Zeitungs-Ausschnitte
462 1777 1211 1856 Wien, I., Concordiaplatz 4.
683 1838 1005 1905 Vertretungen
277 1886 1388 1945 in Berlin, Basel, Budapest, Chicago, Cleveland, Christiania,
287 1934 1381 1985 Genf, Kopenhagen, London, Madrid, Mailand, Minneapolis,
280 1964 1392 2023 New-Vork, Paris, Rom, San Francisco, Stockholm, St. Peters¬
673 2009 980 2058 burg, Toronto.
597 2049 1059 2126 (Quelienang ibe ohne Gewähr).
282 2106 653 2178 Ausschnitt aus:
772 2124 1277 2220 1- JULI 1910
716 2163 1131 2275 Le Temps, Po
330 2249 382 2332 Im
929 2328 1293 2390 Vienne, 30 juin.
357 2361 1341 2432 La Société autrichienne pour la paix publie une
324 2437 1341 2480 protestation contre les excitations à la guerre
329 2463 1338 2509 entre l’Autriche et TItalie. Les deux gonverne¬
317 2501 1333 2541 ments alliés sont étrangers à cette désastreuse agi¬
319 2534 1332 2586 tation. L'Italie intellectuelle et laborieuse n’est
325 2566 1343 2622 pas moins hostile que l’Autriche àltoute idée de
321 2621 1339 2665 guerre. La protestation se termine ainsi, en fai¬
318 2640 1337 2707 sant allusion à l’échee du projet d’université ita¬
325 2689 699 2748 lienne à Vienne:
347 2729 1350 2794 Nous estimons qu’on doit éviter avec soin vis-à-vis
315 2774 1341 2812 des Italiens d’Autriche loute mesure brusque et peu
326 2814 1348 2865 amicale qui pourrait aussitôt étre exploitée par T’irré¬
329 2838 1335 2897 dentisme, II est de notre dignité, si nous vonlons la
331 2890 1343 2945 paix et l’amitié, de montrer des sentiments de juslice et
327 2926 1345 2981 de bienveillance dans des questions comme celle de
323 2961 735 3026 T’université italienne.
366 2992 1347 3076 Cette adresse est signée des noms les plus connus
324 3057 1348 3107 de la littéralure, de la science et des arts: l’éeri¬
326 3093 1341 3135 vain Hermahn Bahr, T’historien Henri Friedjung,
331 3126 1353 3204 le pocterst dramaturge-Aufhne Schnitzier, ie pein¬
327 3175 994 3238 tre KHint, la baronne de Suttner.
2333 1044 3046 1091 Schärfe betont und sich zu der Be¬
1593 1040 2300 1101 besleiden, ihrer wehvollen Todes¬
2329 1089 3035 1140 hauptung verstiegen: sie wirke auf
1593 1093 2304 1146 sehnsucht. Und daneben die zärt¬
2339 1128 3050 1200 ihn wie die Travestien klassischer
1600 1141 2304 1203 liche Seligkeit und strahlende
2345 1186 2959 1240 Gedichte in jüdischem Jargon.
1606 1198 2250 1245 Vergeistigung des „Figaro“
2380 1234 3033 1293 Das sind starke Gegensätze der
1606 1231 2310 1301 diese freudige Sinnlichkeit, dieses
2332 1291 3042 1337 Anschauungen, die anzeigen, daß
1599 1297 2310 1349 unbeschwerte Schweben einer Ko¬
2325 1322 3055 1380 hier vermutlich ein tieferes Problem
1601 1331 2300 1390 mödienmusik in all ihren verklär¬
2326 1363 3042 1440 vorliegt. Man wird Schnitzler zu¬
1605 1390 2297 1450 ten Allzumenschlichkeiten und Ver¬
2336 1422 3037 1494 nächst für befangen und Louis für
1613 1432 2311 1489 fänglichkeiten, zu reinster Heiter¬
2336 1466 3046 1532 einen Antisemiten halten. Aber
1608 1481 2303 1536 keit gelöst von einem, der viel ge¬
2328 1524 3035 1584 Schnitzler hat im „Weg ins Freie“
1605 1540 2314 1589 litten haben muß, um zu solcher Milde
2330 1569 3049 1631 gezeigt, daß er der modernen Juden¬
1602 1583 2304 1634 und solchem überlegenen Lächeln
2342 1615 3042 1681 frage ziemlich weitherzig gegenüber¬
1603 1626 2306 1682 zu gelangen. An Leid gelitten,
2337 1675 3043 1729 steht und Louis verwahrt sich aus¬
1607 1676 2304 1727 das aus seinem Nachschaffen Beet¬
2342 1714 3040 1771 drücklich dagegen, als Anhänger des
1613 1727 2322 1782 hovens tönt — und vor allem aus
2338 1759 3050 1827 Antisemitismus zu gelten. Wir
1609 1774 2312 1824 seinen eigenen Werken, die von
2332 1807 3053 1890 aben es also zum mindesten nicht
1609 1822 2308 1890 all denen, die sie lieben, als per¬
2330 1872 3053 1922 mit verbohrten Parteimenschen zu
1614 1867 2330 1927 sönliche Angelegenheit empfunden
2341 1909 3054 1971 tun. Und doch diese beiden, ganz
1936 1907 2325 1977 Richard Spechy
1616 1921 1787 1980 werden.
2354 1965 2804 2022 unvereinbaren Urteile!
2387 1994 3042 2069 Es ist nicht leicht, von diesen Din¬
1603 1907 2320 2076 das Jüdische bei Gustä
2353 2065 3053 2117 gen zu reden, ohne auf Schritt und
1608 2050 1862 2144 Mahler
2347 2102 3059 2164 Tritt gegen vorgefaßte Meinungen
1670 2106 2318 2171 #rtur Schnitzler soll einmal ge¬
2340 2150 3049 2218 anzurennen und die Gefühle auch
1615 2128 2324 2223 A sprac#emeint haben,
2346 2201 3060 2256 vortrefflicher Menschen zu verletzen.
1612 2213 2320 2266 wenn man nicht wüßte, daß Richard
2342 2259 3066 2310 Von jüdischen Zügen im Schaffen
1626 2257 2320 2312 Strauß Arier und Gustav Mahler
2353 2304 3064 2365 eines Künstlers semitischen Blutes
1613 2317 2326 2369 jüdischer Abstammung sei, so würde
2338 2344 3062 2413 zu sprechen, sollte eigentlich sowenig
1622 2357 2319 2409 man bei dem Schöpfer der „Ca¬
2341 2393 3060 2461 anstößig sein, wie wenn wir den
1629 2405 2324 2468 lome“ unstreitig die üppige, erotisch:
2344 2442 3061 2509 Momenten nachspüren, die Schiller
1620 2460 2324 2509 Sinnlichkeit, die orientalisch aus¬
2348 2496 3055 2556 als Schwaben, Hebbel als Dithmar¬
1623 2503 2320 2560 schweifende Phantasie, den Hang
2348 2535 3065 2605 schen, Wagner als Sachsen, Cha¬
1629 2548 2322 2615 zum äußeren Effekt und das Talent
2352 2598 3053 2657 misso als Franzosen, einen Japa¬
1626 2599 2332 2660 zur Selbstaufmachung, überhaupt
2354 2638 3059 2692 ner als Japaner kennzeichnen.
1623 2646 2327 2716 das Geschick zur wirtschaftlichen Ver¬
2355 2683 3064 2749 Keinen Schwaben, Dithmarschen,
1624 2696 2335 2764 wertung seiner Arbeiten als spezi¬
2351 2737 3073 2792 Sachsen, Franzosen würde das krän¬
1636 2747 2328 2809 fisch semitische Eigenschaften bemer¬
2351 2784 3071 2843 ken. Bei den deutschen Juden, so¬
1631 2794 2334 2859 ken und ihm Gustav Mahler ent¬
2357 2828 3068 2894 weit sie Assimilanten sind, erregt
1630 2845 2326 2903 gegenhalten als den Mann der
2361 2887 3071 2937 dergleichen heftiges Argernis; sie
1622 2884 2328 2955 deutschen Grübelei und Mystik, des
2360 2922 3060 2989 erblicken darin nicht die Feststel¬
1639 2942 2339 3006 faustischen Ringens, als den keu¬
2362 2978 3072 3042 lung einer Stammeszugehörigkeit,
1635 2988 2340 3055 schen Wunderhornsänger, der die
2371 3027 3063 3084 mit der an und für sich nicht das
1631 3036 2341 3094 Musik der fahrenden Gesellen aus
2366 3073 3069 3143 mindeste Argernis verknüpft sein
1633 3087 2340 3137 dem Volke symphoniefähig macht,
2364 3129 3068 3181 kann, sondern etwas wie den mit¬
1636 3134 2344 3195 als den großen Idealisten, kurzum
2366 3179 3071 3241 telbaren Vorwurf, daß der Assimi¬
1635 3184 2346 3242 als den Typus des germanischen
2357 3221 3070 3283 lationsprozeß noch nicht vollzogen
1634 3227 2345 3304 Künstlers. Anderseits hat aber Ru¬
2378 3268 3071 3329 sei. Und weil unter „jüdischen“
1643 3281 2333 3344 dolf Louis in seinem geistreichen
2366 3315 3074 3385 Eigenschaften insgemein nicht die
1640 3324 2344 3394 Buche über die deutsche Musik der
2370 3373 3077 3426 guten, sondern die minder sympa¬
1629 3389 2345 3430 Gegenwart den jüdischen Charakter
2352 3417 3078 3488 thischen Eigenschaften dieser Rasse
1632 3420 2345 3504 der Wahlerschen Musik mit aller
2945 3510 3039 3560 92
1638 3487 2008 3601 2. Julibeit. vio¬
2103 3581 2614 3675 ruse
