3392 4320
-11 2087 97 2149 akter
-12 2132 91 2206 Typ
-21 2190 102 2260 eib
-11 2245 100 2308 Liel
-11 2488 100 2553 ieler
-12 2545 104 2607 esses
5 2591 96 2657 sen
23 2640 86 2699 ke
12 2669 100 2756 „Mi
240 216 1432 336 2. Cuttings box 37/4
1097 1617 3252 1696 großen Freunde Hugo von Hoffmannsthal, dessen liers, und tauschen so ein Leben für einen kurzen
2165 1670 3259 1737 Traum des Glückes. Die süße Idylle der zwei
220 1644 842 1757 Feuilleton.
1116 1658 2135 1745 Befähigung allerdings mehr im Lyrischen liegt.
2167 1720 3246 1794 Paare Fritz=Christine; Mizi=Theodor endet aller¬
810 1703 1011 1789 7#
1198 1711 2176 1779 Er hat die bohrende Psychologie und Breit¬
2169 1767 3252 1823 dings beim ersteren Paare mit dem Tode Fritzens
1109 1769 2174 1829 spurigkeit eines d' Annunzio, auf welcher gleichwie
232 1762 1090 1866 räts aus der literarischen Moderne.
2161 1816 3248 1901 im Duell, allein um einer anderen Frau willen, für
1114 1831 2179 1880 beim Italiener seine Hauptstärke beruht. Allein er
758 1855 877 1920 Ler.
299 1845 738 1942 I. Artur Schni
2169 1867 2571 1942 die man „stirbt“.
1122 1867 2194 1934 steht kunstmoralisch höher als dieser, während jener
2259 1910 3252 1983 In dem Romane „Frau Berta Garlan“, den
1120 1922 2192 1980 in seinen Werken nicht selten von einer geradezu
251 1901 1118 1998 Deurteilung 8en Bhter stöhte wie die
2172 1973 3255 2034 Schauspielen „Freiwild", „Märchen“ und der
1109 1974 2178 2045 schamlosen Indiskretion (Francesco da Rimini,
296 1970 1132 2045 Zeitgenossen naturgemäß auf große
216 1976 318 2047 le
2168 2018 3255 2074 „Schleier der Beatrice“ und dem Einakter „Die
1118 2019 1992 2097 Trionfo della Morte, Il fuoco usw.) ist.
234 2012 1123 2099 sigkeiten. Gilt er doch für einen der bedeu¬
2174 2066 3253 2125 Frau mit dem Dolche“ zeichnet er den Typus der
1199 2046 2181 2134 Schnitzlers Verständnis für das Seelische im
241 2065 1127 2137 ja nach dem Abgange Bahrs nach Berlin
2171 2119 3250 2194 sich nach Liebe sehnenden, erwachenden Weiblichkeit.
1107 2115 2183 2191 Menschen macht ihn, den tiefblickenden, gewiegten
230 2111 1123 2190 den hervorragendsten des Wiener Literaten¬
2235 2172 3239 2225 Frau Berta Garlan ist so eine nach Liebe ver¬
1107 2168 2187 2232 Arzt, zu einem Psychologen ersten Ranges, und
226 2180 1115 2242 als ein Künstler, der in vollster Schaffens¬
2164 2217 3239 2284 langende Frau, die zwar irrt, jedoch bald ihre Ver¬
1123 2221 2173 2287 zwar unterschiedlich zum großen Seelenverkünder
234 2229 1115 2298 ht, demgegenüber daher das Urteil seiner¬
2170 2266 3253 2338 fehlung und die Brutalität des Mannes wie auch
1118 2274 2172 2338 Shakespeare, der Ewigkeitstypen aufgestellt (Ham¬
236 2273 1121 2349 zu wenig distanziert, noch schwankend, un¬
2167 2307 3254 2378 ihre eigentliche Bestimmung im engen Kreis der
1118 2319 2178 2392 let, Othello, Macbeth, Falstaff, Romeo und Julie
229 2324 1121 2392 in muß. Davon abgesehen, daß überhaupt
2169 2366 3248 2437 Familie erkennt. In „Freiwild“ wird anderseits
1111 2373 2184 2447 uff.), zum Präger der Klein=, der Momentpsycho¬
228 2373 1127 2449 derne, insonderheit die Wiener Moderne,
2165 2419 3248 2490 der Übelstand gegeißelt, der die Schauspielerin, die
1121 2421 1264 2504 logie.
227 2434 1123 2491 eist überreizte feine Nervenkunst, die uns
2179 2455 3251 2534 im Mittelpunkt des öffentlichen Interesses steht,
1215 2447 2186 2541 So brachte er im köstlichen Einakterzyklus
225 2477 1129 2545 ig an die gleichzeitige französische Schule
2162 2519 3245 2575 nur zu häufig zum allgemeinen, rechtlosen Beute¬
1117 2524 2171 2587 „Anatol“ und dem reizenden Schauspiele „Liebelei“
227 2529 1131 2596 kssant, Rostand, Baudelaire, Verlaine usw.)
1129 2570 3246 2643 das Wiener „süße Mädel“ zur gefälligen Darstel= objekt werden läßt, dieser Art auch Starke zu Fall
228 2585 1120 2643 t, noch von viel zu wenigen verstanden wor¬
1127 2629 3229 2689 lung. Im ersteren Werke ist es immer wieder der oder ins Elend bringt. Dagegen ist im „Märchen“
239 2624 1128 2689 oder vielmehr verstanden werden wollte.
1117 2664 3254 2737 liebenswürdige, so junge Schwerenöter Anatol, der die Ungerechtigkeit des Mannes, selbst eines so edlen
217 2680 1121 2749 Finnere sich nur an das anfängliche Schicksal
1114 2728 3239 2789 Abenteuer und kleinliche Enttäuschungen mit Charakters, wie Fedor Demer es ist, an den Pran¬
227 2742 1131 2804 Hoffmannsthal, Beer=Hoffmann, Salten,
1125 2762 3250 2846 Frauen aller Art erlebt, um endlich, selbst knappi ger gestellt, der trotz aller liberalen Theoreme nicht
233 2771 979 2850 nn oder gar Saar, David u. v. a.
1122 2825 3255 2897 vor seinem „Hochzeitsmorgen“, spielerisch=leicht= über eine seinerzeitige Verfehlung der Geliebten
227 2814 1127 2895 as die literarische Eigenart Schnitzlers be¬
2171 2868 2662 2950 hinwegkommen kann.
1115 2879 2184 2946 sinnig wie stets, noch eine letzte Liebesepisode aus¬
222 2883 1126 2955 so sind sein Gebiet die Beziehungen von
2266 2917 3252 2985 Einer der merkwürdigsten Frauencharaktere,
1121 2920 2190 3002 zukosten. Im Gegensatz zu „Anatol“, den Episoden
238 2932 1130 3004 zu Mensch, Mann und Frau in all ihrer
2172 2950 3240 3029 man könnte meinen die Quintessenz aller Weiblich¬
223 2978 2176 3048 taltigkeit, besonders ihre schwankenden Gren= einer wachen Jugend und Schilderung allerlei leicht¬
2171 3023 3239 3087 keit, ist in „Beatrice“ enthalten, jenem schönen
231 3026 2180 3097 hs Unausgesprochene, mehr oder weniger lebiger Frauennaturen, ist der Dreiakter „Liebelei“
1115 3078 3251 3134 so recht das Drama des „süßen Mädels“ gewor= Kinde, das schuldig=unschuldig, spielend Leben und
230 3087 1127 3150 ßte, Verborgene. Aus diesem Streben und
1119 3119 3251 3193 den, jener gutherzigen, naiven, liebe=innigen Ge= Liebe gegenübersteht. (Vergleiche die Ahnlichkeit
263 3135 1133 3210 schöpfte er die Stimmungen und Reizun¬
217 3165 3253 3255 n könnte sagen, die Wahrheiten des Augen= schöpfe aus dem Mittelstande. Sie opfern ihr mit Grillparzers „Jüdin von Toledo“.) Ist Bet¬
239 3227 3249 3318 deren großer Meister er ist, ähnlich seinem Bestes, ihre Ehre, der flüchtigen Laune eines Kava=tricens Wesen unwissend, erkennen wir dafür in de
1045 3298 1158 3393 11
3007 4118 3236 4182 S
2849 4117 2952 4181 PLLL
