3344 4352
820 202 1296 314 box 37/4
132 208 833 330 2. Cuttings
2032 1294 3153 1404 det: Ministerprasident Freiherr von Bienerih gios¬
977 1388 3149 1487 des Bandes „Dämmerseelen“ („Das Schicksal dis Im „Weg ins Freie“ ist gleich wie im „Ver¬
206 1312 989 1568 Feuilleton. ¼
989 1468 3126 1551 Freiherrn von Leisenbohg", „Die Weissagung“, mächtnis) und „Frau Berta Garlan“ das vorhan¬
997 1530 3131 1597 „Das neue Lied", „Die Fremde", „Andreas dene oder nicht vorhandene Kind der Beweggrund
122 1536 973 1638 äts aus der literarischen Moderne.
1002 1569 3143 1631 Thameyers letzter Brief“) und den Einaktern der der Endereignisse. — Solange nicht die Sehnsucht
361 1606 583 1674 (Schluß.)
994 1616 3135 1681 „Marionetten“ („Der Puppenspieler“, „Der tapfere nach einem Kinde von dem Geliebten hinzukommt,
117 1657 3139 1725 gleichartiges Problem, doch im gegensätz=] Kassian“, „Zum großen Wurstel"). Wie schon die ist es immer bloß eine sehnsüchtige Anwandlung
110 1691 3147 1783 Enne behandeln die „Lebendigen Stunden“] Namen sagen, sind es um ersteren Falle ewig träu= der Weiblichkeit, wenn nicht das Dirnenhafte.
114 1759 1002 1842 eratur“. Hier gipfelt es in der Frage, was
1000 1766 2589 1831 mende Menschen, „Dämmerseelen“, denen das („Frau Berta Garlan.“)
119 1815 2068 1887 rt sei, „lebendige Stunden“ zu leben, oder Schicksal jämmerlich genug zusetzt, sie eine lächerliche
2132 1809 3125 1891 Mit dem Tode des Kindes (im „Vermächt¬
119 1867 1008 1927 sch zu gestalten, ihnen Dauer zu verleihen.
995 1870 3135 1949 Figur spielen läßt, ohne sie dies je ahnen zu lassen.l nis“) reißt auch das Band mit der Mutter. Oder
110 1916 1009 2000 cter, der sich mit Heinrich in „lebendigen
1088 1921 3128 1998 Die grotesk=burlesken Geschichten der „Däm= im Roman „Der Weg ins Freie“. Der angehende
144 1977 3128 2029 identifiziert, möchte zwar gerne dem merseelen“ finden eine Ergägzung in den „Mario= Künstler Georg von Wergenthin, der durch längere
120 2021 2050 2077 recht geben, doch fühlt auch er das Zwei= netten“, wo Naturen gezeigt werden, die die Dinge
2056 2026 3129 2102 Zeit ein Verhältnis mit dem hochachtbaren, lieb¬
109 2073 2069 2152 hieser Stellungnahme. Ist nicht jede Litera= zu beherrschen vermeinen und hiebei „Marionetten“
2046 2071 3129 2130 werten Mädchen, Anna Rosner, unterhalten, findet,
103 2124 1906 2188 Ihrem letzten Grunde Indiskretion an sich in fremder Hand oder dem Schicksal sind.
2041 2127 3132 2182 nach mancherlei Abirrungen und der Totgeburt
121 2150 1006 2233 eren? Verrat und Selbstverrat, wenn nicht
1089 2167 3139 2230 Ahnliche problematische Charaktere enthält das seines Sohnes endlich den „Weg ins Freie“, wenn
125 2227 999 2288 limmeres? Wird nicht das Beste in uns,
992 2219 3137 2295 tiefsinnige Schauspiel „Der einsame Weg“, die sen= uns auch der Schluß keineswegs überzeugt oder gar
123 2273 1004 2341 oder sonstige Sinnfälligkeit gebracht, eine
993 2277 3126 2333 sationell gewordene Novelle „Leutnant Gustl“ und befriedigt. Andernteils ist letzterer Roman haupt¬
112 2327 824 2395 ung oder bestenfalls Stückwerk?
986 2324 3127 2401 Schnitzlers neuester großer Roman „Der Weg ins sächlich der Judenfrage gewidmet, die hier eine
143 2344 1189 2449 nicht jede Frau die „Gefährtin“ ihres Freie“.
2044 2374 2925 2453 allseitige, interessante Würdigung erfährt.
119 2424 1003 2482 sein kann, ist wohl ebenso einleuchtend, als
1084 2401 2074 2499 Julian Fichtners (im „Einsamen Weg“) späte
2128 2414 3141 2501 Mit den Tatsachen und Problem des Lebens
118 2471 1003 2537 sheit jenes Mannes, bessen schweigendes
997 2475 2058 2540 Liebe zu seinem natürlichen Sohn Felix vermag
2048 2473 3132 2548 und Sterbens findet sich Schnitzler in den Novellen
123 2515 2065 2586 n um seine Frau den Schein der Schuld ihn nicht vor dem „einsamen Weg“ auch im Alter
2050 2528 3130 2585 „Sterben“ und „Der Tod des Junggesellen“, den
106 2563 3131 2642 WDie Frau des Weisen.“) Die Feigheit un= zu bewahren, ungleich seinem Widerpart Stephan Schauspielen „Der Schleier der Beatrice" und „Der
111 2623 3128 2698 Liebe wird in „Ein Abschied“ und „Die von Sala, einer aus Seelentiefen des Dichters ge= Ruf des Lebens“, dann in den Einaktern „Letzte
105 2684 3111 2733 weigen“, das Unedle in der Abwehr eines schöpften Gestalt, der selbstherrlich, ein starker Masken“, „Paracelsus“ und „Der grüne Kakadu“
113 2725 2164 2793 Mebenbuhlers in dem „Ehrentag“ gerichtet.! Egoiß, als Vereinsamter zu leben und zu sterben ab.
105 2763 1155 2853 umen" führen wieder einen rührenden Ver= weiß.
2121 2752 3130 2847 Im „Sterben“ ist das Sichsträuben des Ich¬
135 2811 1016 2898 verlorene Liebe zu gewinnen, während
1071 2818 3129 2896 Leutnant Gustls anfängliche Unehr' und gefühls gegen das Ende in erschütternder Weise zum
118 2887 3106 2939 mtesse und der Familientag“ ein satyrisches' schließliche Befreiung durch eine merkwürdige Ausdruck gebracht. Im „Tod des Junggesellen“
121 2930 1005 3010 istokratischer Verhälinisse und Wechsel¬
990 2912 3131 3002 Schicksalsfügung ist wohl nicht typisch, höchstens als die Grausamkeit und der Egoismus der Sterbenden.
987 2974 3143 3062 ein spezieller Fall aufzufassen. Nicht unerwähnt In den „Letzten Masken“ wiederum das Erkenne##
110 2969 460 3053 gen entwerfen.
130 3037 3095 3086 Kategorie der Halbwachen, vom Leben bleibe die hier, wie ähnlich auch in „Freiwild“ der Nichtigkeit alles Irdischen angesichts des To¬
128 3062 3131 3167 elten, zeichnet Schnitzler in den Novellen! angeschnittene Frage des so vielbekämpften Duells. des. Die Schauspiele „Der Schleier der Beatrife“
