3344 4320
1303 100 1754 192 box 34/5
704 106 892 174 GSSC
192 105 1149 210 4. Absch Sauper
1420 604 1791 670 Telefon 12801.
876 715 2066 779 Nr 1 Unternehmen für Zeitungs-Ausschnitte
2122 723 2341 794 Ausschnitt
2070 779 2333 889 Nr. 44
1249 787 1912 883 „OBSERVER“
868 882 2339 957 I. österr. behördl. concess. Bureau für Zeitungsberichte und Personalnachrichten
1178 970 2034 1036 Wien, IX/1 Türkenstrasse 17.
1077 1045 2085 1109 Filiale in Budapest: „Figyelö“, VIII. Josefsring 31a.—
858 1178 2021 1317 Ausschnitt aus: Leipzider Neueste Meunphiten
2000 1258 2289 1446 4%
869 1350 1436 1451 vom 2- J0l. 1898
1064 1519 2287 1568 A. G. Ibsen=Theater. Der Mensch giebt oft freiwillig und leichten
960 1543 2281 1606 Perzens einen Besin auf, den er eifersüchtig vertheidigen würde, wenn e
995 1605 2277 1653 ihm gewaltsam entrissen werden sollte, oder den er bereits zu schätzen wisse
997 1640 2275 1687 würde, wenn ein Anderer ihn nur seines Interesses für werth hielte. Diese
1007 1683 2275 1727 alten Erfahrungslatz lleidel MnmnScminter in seinem pikante
1008 1716 2285 1762 Einakter „Abschiedstouper“ in ein feuchtfröhliches Erlebni
1008 1748 2274 1811 in eine reizvolle Plauderei, in ein amusantes Tischgespräch. De
1004 1799 2274 1861 gute Anatel, dessen Bekanntschaft wir schen des Oeftere
999 1840 2281 1889 gemacht, hat wieder einmal mehr Glück genossen, als er vertragen kamn
997 1876 2284 1923 Während er noch auf die flotte Tänzerm Unnie einen gewissermaßen cor
1012 1921 2280 1963 tractlich geregelten Besitzanspiuch hat, gehört sein Herz bereits einer blur
1009 1960 2281 2003 jungen, zarten Fee aus den Vororten an, der zu Liebe er sich allabendlie
999 1994 2275 2038 bis 10 Uhr in einem Vierlocale durch schlechte Cigarren anräuchern läß
1002 2038 2286 2086 um sich dann beim Champagner der Ballerina zu widmen. Doch die Seci
1006 2074 2276 2120 stunden sind ihm diesmal qualvoller als die Bierstunden, und er ist der ewige
1011 2106 2302 2163 Heuchelei gründlich müde. Die Eine möchte er gern los sein und die Ander
999 2159 2280 2211 erringen, und keines von Beiden ist ihm bisher geglückt, in vollem Maß
1011 2199 2270 2245 geglückt, denn die Vorortsschöne ist bisher nur erst der Gegenstand seine
1004 2236 2269 2283 Wunsches. Heute Abend soll nun offen und ehrlich gebrechen werden. E
1005 2264 2278 2317 hat mit Annie s. J. ausgemacht, daß jeder der beiden Contrahenten berechtig
1006 2310 2272 2365 sein soll, das Verhältniß aufzuheben, sobald sein Herz eine Wandlung durchge
1007 2349 2278 2413 macht haben sollte, und von diesem Paragraphen willer Gebrauch machen. Z
999 2392 2294 2447 laden, da er als alter Divlomat die Lücke, die er aufreißt, sofort wiever
1009 2441 2295 2490 schließen möchte — dem Freunde soll Annie feierlichst dedicirt werden. Ta
1001 2486 2293 2539 erscheint Annie. Sie kommt direct von der Bühne und hat ihm eine
996 2518 2295 2577 Neuigkeit mitzutheilen — sie will den Liebescontract, den sie mit Anatol
997 2565 2294 2616 geschlossen, aufheben, denn soeben hat sie gefühlt, daß ihr Herz einem
1003 2600 2275 2664 jungen, armen, aber bildhübschen Tänzer gehört. Anatol hat das Gefüh'
993 2630 1690 2693 als falle er aus den Wolken —
1685 2642 2213 2698 sie setzt ihm den Stuhl
995 2683 2265 2739 die Thür! Er ist empört, nein, er ist sogar eifersüchtig, rasend eifersüch:
975 2723 2252 2777 auf den jungen Tänzer! Sein Besitz soll ihm ja genommen werden —
845 2718 958 2781 Für
946 2761 2272 2815 Unur freiwillig hätte er ihn aufgegeben. Doch was hilft alle Rasere
939 2798 2285 2854 24 Annie schluckt mit gutem Appetite eine Auster nach der anderen hinunfe:
999 2835 2292 2879 und vertieft sich in Anatols guten Bordeaux, bis der gute Junge zur
939 2847 995 2890 5
884 2870 2292 2936 " 10 höchsten Wuth gereizt wird und der überraschten Annie entgegenschleudert,
984 2916 2300 2974 auch er habe längst ein zweites Liebesverhältniß, aber es sei
998 2951 2304 2993 das doch noch anderer Art, denn er habe sie, Annie, seit geraumer Zeit —
859 2958 990 3024 Abont
996 2988 2306 3033 betrogen. Wie ein wüthender Löwe springt Annie auf. Das ist empörend,
862 3014 999 3073 Abonn
1000 3029 2293 3080 das ist rücksichtslos, das ist gemein, denn das habe ich Dir — so haucht
999 3070 2285 3120 sie den guten Anatol an — nicht gesagt und hätte es Dir auch nie gesagt.
993 3112 2292 3169 O weh! Anatol ist abermals geschlagen, selbst im unehrlichen Spiele, in
990 3158 2312 3206 der Untreue übertrumpft. In scheinbarer Entrüstung will Annie von
986 3202 2243 3251 dannen eilen, da begegnet ihr der Kellner mit der Vanillenerôme -
1004 3231 2297 3283 gierig greift sie nach ihrer Lieblingsspeise und mit vollem Genusse
995 3274 2304 3322 löffelt sie das Schüsselchen aus. Armer Anatol! Eine Stärkere ist über Dich
993 3313 2301 3364 gekommen. — In einem überaus gefälligen, spannenden Dialoge theilt
987 3338 2295 3397 uns Schnitzler den kleinen Scherz mit, aber die Art, in der er dramatisch
999 3385 2288 3434 zu plandern versteht, macht die kleine Sache zu einer Delieatesse, aus der
1002 3425 1859 3476 jeder sein Lieblingsgericht herausschmecken wird
1857 3424 2288 3479 — die Damen Vanille¬
1004 3469 2299 3514 crôme die Männer Austern und Bordeaux. In der Zierlichkeit und
993 3498 2284 3555 Formschönheit ist auch dieser kleine Einacter gleich der erst jüngst
998 3540 2293 3591 gedachten „Episode“ desselben Verfassers vorbildlich für den
993 3573 2292 3633 Tialog des modernen Lustspieles. Unsere Darsteller, Herr Waldemar
996 3616 2289 3667 als Anatol, Frau Helene Riechers als Annie und Herr Eugen Albu
994 3658 2299 3703 als Mar gingen in der angenehmen Aufgabe auf, dem lustigen amusanten
991 3686 2300 3737 Stücke Fleisch und Blut zu geben, denn Witz hat ihm der Dichter schon
1004 3735 2288 3780 hinreichend verliehen. Herr Waldemar in seiner legeren Art, Frau Riechers
991 3772 2287 3821 in der drolligen Leichtlebigkeit der Ballerina, Herr Albu als belustigter
984 3814 2290 3849 Dritter — sie Alle spielten ganz reizend, unh das Publicum brachte ihnen
991 3851 2297 3899 laute Beifallsstürme. Das Ensemble des Herrn Dr. Heine konnte einen
965 3895 1485 3962 weiteren Erfolg verzeichnen.
