3344 4320
1270 171 1738 267 box 34/5
186 185 1140 284 4. Abschiedssonper
1110 629 1488 704 Telephon 12801.
445 811 1489 906 MMA WATAGSNINNE
337 777 435 916 5
356 889 1493 954 ∆ l. österr. behördl. konz. Unternehmen für Zeitungs-Ausschaitte
512 953 1396 1029 Wien, I., Concordiaplatz 4.
737 1025 1179 1091 Vertretungen
368 1071 1489 1128 0 in Berlin, Budapest, Chicago, Christiania, Genf, Kopen¬
332 1117 1486 1173 hagen, London, Madrid, Mailand, Minncapolis, New-Vork,
440 1155 1467 1207 Paris, Rom, San Francisco, Stockholm, St. Petersburg.
358 1175 427 1215 0
760 1202 1168 1241 (Quellenangabe ohne Gewähr.)
345 1247 395 1297 4
379 1250 951 1333 □Ausschnitt aus: 100.
978 1287 1416 1395 Stage, London
337 1361 576 1429 E vom:
566 1509 1225 1567 The committeo 01 cu0 „
537 1551 1259 1600 announce the performance of twooncaet
543 1584 1269 1646 plays by Dr. Arthur Schmizler, entitled
532 1622 1255 1672 Dhe Fareuell Supper and Literature attho
544 1653 1258 1703 Bilion, Bayswater, on Weduesdaw evening,
537 1687 1270 1739 March 11. The translations of these plays
541 1719 1263 1764 into Englisf are by Edith A. Browne and
553 1757 1266 1803 Alix Grein. The production is under tho¬
543 1781 1233 1846 direction of Mr. Jerrard Grant Allen,
502 1906 665 2012 DIT7
1127 2517 1489 2592 Telephon 12801.
352 2693 1461 2783 • Md ABRTN SMN
348 2769 1510 2819 O l. österr. behördl. konz. Unternehmen für Zeitungs-Ausschnitte
517 2842 1414 2903 Wien, I., Concordiaplatz 4.
342 2894 440 2957 2
737 2904 1184 2974 Vertretungen
386 2957 1489 3025 D in Berlin, Budapest, Chicago, Christiania, Genf, Kopen¬
335 2994 1499 3061 hagen, London, Madrid, Mailand, Minneapolis, New-Vork,
436 3043 1479 3114 Paris, Rom, San Francisco, Stockholm, St. Petersburg.
357 3050 426 3091 9
761 3087 1167 3133 (anellenangabe ohne Gewähr.)
344 3138 837 3209 0 Ausschnitt aus:
641 3203 868 3270 3. 1905
944 3203 1371 3296 Stage, London
338 3239 562 3303 E vom:
561 3401 1258 3467 Apropos of the performances of the #vo
539 3452 1258 3491 plavs by Dr. Schmitsle-, it is interesting
538 3474 1267 3534 to hear that ihis Well-Khown dramatirt
540 3519 1264 3568 has beon awarded tho Grillparzor
542 3555 1261 3598 prize, always a great distinction for a
541 3584 1270 3629 German dramatist. Dr. Schnitzler has
536 3613 1263 3647 had nothing produged in this conntry until
537 3646 1264 3697 now, with the exception of a oneruct play,
521 3674 812 3729 The Hospital.
810 3713 882 3756 —
1269 3790 1373 3903 un
1933 231 2803 301 tices decided that they could only conscne to im
2866 269 2960 327 The
1936 287 2803 336 renewal of licenees upon the publicans consenting 10
1931 323 2812 364 give a written undertaking to abolish the long pull,
2830 300 3003 375 beginn.
1939 350 2476 384 che chairman intimating that
2485 352 2756 398 11 any breach
2755 359 2809 400 Of
1936 375 2811 436 agreement was discovered the licenecs would all be
2834 372 3001 443 ARMT
1929 410 2089 455 TCTUSCI
1993 445 2764 504 (Letters on this subject appear on pago 5.)
2855 472 3083 534 In tho Hou.
2828 516 3089 575 dale, Mr. Ha
2120 520 2660 600 NEI STAGE CLUB.
2839 560 3095 613 253,000 is vot¬
2826 598 3107 653 stud farms, W
2831 639 3088 691 horses, with a
1923 633 2803 697 TIIE WORK OF DR. SCHINITZLER.
2830 673 3109 730 horses genera
2837 714 3090 772 which good 1
1963 728 2802 788 Bofore expressing a decided opinion upon the work
2828 750 3094 806 bought. A su
1933 775 2811 825 of Dr. Arthur Schmtzler, who has alrcady impressed
2827 790 3106 846 premiums to b
1938 804 2806 847 the Continent with a sense of the value of his
2830 830 3102 887 purposes. A S
1930 830 2811 874 talents as a dramatist, we should prefer to have the
1937 873 2807 910 opportunity of considering a more ambitions exampie
2829 870 3107 923 prizes for milit
1929 909 2807 944 of his art. But, judging From the two one-act plays
2846 908 3113 962 Finally, turn
1938 930 2815 981 produced bythe New Stage Club at the Bijon
2828 947 3113 1000 man stated ch
1928 961 2816 1013 Theatre, Bayswater, last night, it is evident that
2832 982 3102 1045 from Army Es¬
1933 997 2805 1040 he possesses wit, humour, kcen observation, and ihe
1935 1037 2807 1078 power of exträcting all the possibillties of a thenie
1939 1065 2824 1119 and à situation. Ilis character drawing is admirable
1934 1094 2727 1134 and diversilied, and he is a skilled craftsman.
2922 1092 3116 1167 RELI
1953 1111 2828 1176 Dr. Schnitzler relies on a combinatien of realities
1932 1161 2818 1208 and o, quite legitimate use of exaggeration to gain
1937 1188 2805 1232 his ends. Ilis bent so far as one could gather
2825 1196 3118 1266 WIIAT EN(
1937 1222 2801 1267 from the specimens of his styie submitted to us, is
1926 1256 2812 1296 to the shadv side of nature-he does not gloss over
1939 1286 2813 1331 things as they arc; d woman can love and lie to
1930 1312 2805 1355 her lover; a man can be an aristocrat and some¬
1930 1355 2816 1388 thing of a prig; à poct can be a chenk and a coward.
2848 1346 3097 1409 Speaking at
1929 1378 2813 1438 De strips nature—yet far from brutally; his modium
2824 1395 3092 1450 gesterday, the
1931 1416 2795 1462 is more towards laughter than towards tears. No
2812 1436 3110 1493 Frodsham, denl
1940 1454 2794 1499 100d purpose would bo served on this oscasion by
2821 1474 3114 1525 exists in Englan
1934 1484 2802 1523 telling the stories of bis plays—time enongh for that
1935 1521 2797 1564 when they are presented to the real publie under the
2817 1513 3115 1564 in Austmlia. P
1928 1554 2807 1591 ordinary conditions of the theatre. Exeelient as is
2827 1548 3083 1598 were adopted,
1929 1585 2804 1640 much of the work of the New Stage Club, its appeal
2827 1590 3112 1642 portion of childt
1931 1607 2272 1666 is ouly to the few.
2815 1625 3110 1682 tion at all. 1
1975 1638 2794 1690 Literature and" The Farewell Supper“ were
2827 1666 3108 1714 schoclroom for“
1931 1678 2793 1723 exceedingly well translated hy Mesdames Edith A.
2815 1694 3118 1753 of dismissal froß
1921 1708 2798 1762 Browne and Alix Grein, and were excellently inter¬
2824 1733 3119 1784 Somlle parrenté w
1929 1746 2793 1791 preted. The two pieces went with a smoothness and
2815 1769 3111 1817 maining, und ti
1925 1778 2799 1818 a spirit which reflected great credit upon Mr. Jer¬
1931 1809 2594 1862 rard Grant Allen, who produced them.
2825 1801 3100 1862 would implant
2816 1833 2954 1878 ligion.
2848 1862 3102 1914 In Qucenslam¬
2815 1894 3120 1960 for 34 years, an
2064 1900 2673 1979 ROYAL LITERARY FUND.
2820 1928 3082 1976 lieved in it, it
2822 1961 3120 2004 profouml dieconi
2903 1997 3014 2024 #00
1943 1984 2057 2062 Th
2108 2167 2793 2273 omiam. Viet ank eis ecurt adfournbs #
2089 2253 2262 2300 to-day
2117 2272 2968 2368 TW0 NEW ONE-ACT PLATS, P0
2885 2328 2959 2375 fea
2132 2360 2862 2437 Two new ong-act plays, produced by the
2881 2393 2969 2450 Wel
2098 2406 2854 2478 New Stage Club at the Bijon Theatre last
2870 2436 2963 2491 me.
2092 2457 2813 2515 night, proved to be very amusing fare.
2133 2465 2876 2536 Both were English versions from the
2116 2490 2889 2571 German of Herr Arthur Schnitzler, made
2109 2541 2883 2607 by Mrs. Edith A. Browne and Mrs. Alix
2115 2574 2886 2634 Grein, the latter gaining additional credit
2110 2597 2880 2674 by playing with excellent humour the prin¬
2701 2633 2874 2675 This. en¬
2108 2641 2688 2705 aipal part in che second play.
2118 2663 2881 2740 titied“ The Farewell Supper,“ had for its
2122 2700 2888 2770 story the struggle of a man to tell a woman
2122 2726 2889 2796 that someone else had supplanted her in
2113 2761 2890 2827 his affections, and his disappointment when
2120 2788 2908 2858 he learned that she had already made up
2116 2826 2893 2900 her mind to“throw him over“ for an¬
2124 2878 2259 2947 othér.
2147 2879 2918 2950 The first play on the programme, with##
2120 2918 2907 2992 the vague title of“ Literature,“ was an
2125 2945 2895 3026 droll sketch, in which two men and al
2129 2980 2888 3047 woman ßgure. It was creditably acted by¬
2131 3020 2906 3079 Miss Louise Salom, Mr. W. Lawson Butt,
2116 3065 2559 3138 and Mr. F. A. Flower.
2231 3097 2861 3199 d A
2009 3403 2345 3488 TPrWVincial IOWns.
2055 3467 2949 3532 Dr. Schmitzler, whose two onc-act plays,“ The Fare¬
2036 3522 2943 3560 well Supper and“ Literature,' are to be given at
2036 3549 2937 3590 the Ryon Theatre Barswater, on Wednesday, has
2034 3581 2942 3636 been awarded the Grillparzer prize, the blue-ribben of
2027 3618 2468 3680 the German drumatiste.
2097 3735 2912 3824 Kaa
