3344 4320
1487 228 1950 334 box 36/3
280 228 1337 338 Panphlets offerints
806 1149 2055 1213 Wir mußten an den Philosophischen Arbeiten unserer Kol¬
696 1206 2061 1273 legen Kassowitz und Reibmayr trolz ihrer grundlegenden
691 1244 2069 1306 Probleme vorbeieilen; wir dürfen auch bei den künstierisch lütigen
690 1302 2061 1369 Kollegen nicht länger verweilen. In aller Eile sei noch mitgeteilt,
693 1366 2057 1422 daß Hermann Vinzenz Heller im Künsllerhause eine Büste des
696 1408 2057 1479 Kammersängers Mayerhofer, ein Werk von geradezu frappierendem
692 1451 2065 1509 künstlerischem Wurfe, ausgestellt hat, und daß weit draußen in
698 1510 2069 1555 der weißen Märchenstadt „Am Steinhof“ im Schatten der Otto
704 1549 2062 1629 Wagner’schen Goldkuppel, zwei Psychiater komponieren:
696 1613 2061 1662 Schlöß, der Direktor, schreibt fröhliche Tänze und Pilcz,
686 1666 1976 1731 Professor und Primarius, dichtet ernste symphonische Musik.
1193 2202 1402 2266 —
706 3355 2011 3465 Verlag von Moritz Perles, k. und k. Hotbuchhanclung. Druckerei derk. Wiener Zeilung.
