3344 4320
1934 171 2408 248 —
1488 253 1944 340 box 36//3
275 255 1373 353 PanphletsOffprints
1134 1168 2488 1238 Külpe (Berlin, Scholllaender) leint uns den Arzt Hans Rleder
163 1150 641 1240 t wir bereis an dieser
1133 1223 2487 1283 kennen, dessen Frau Nora, eine Schauspielerin, langsam erblindet:
157 1235 634 1288 kecke Liebesmotive alt¬
1134 1285 2497 1343 ein Augenarzt in dieser Novelle teilt der Heldin mit, daß sie „in
162 1281 648 1346 hmlung sehr verliebler
1129 1328 2483 1392 längstens zwei Jahren unrettbar erblinden werde“ (Augenärzte
165 1325 646 1401 el (Wien, Jahoda &
1127 1383 2491 1435 zeiehnen sich in Romanen durch besondere Härte aus, in der
165 1386 656 1458 ersuchung des jungen
1127 1427 2488 1481 Malerei sind sie die größten Wohltäter der Menschheit). Marie
169 1437 648 1511 r Prinz Eugen“, „Das
1132 1476 2496 1546 Diers schildert: „Die sieben Sorgen des Doktor Joost“ (Dresden,
164 1494 656 1556 ke. Dagegen versagt
1126 1536 2498 1586 Seyfert); der verwitwete Landarzt ist mit sieben Mädeln behaftet
163 1542 659 1608 oblemen in modernem
1136 1588 2479 1639 und traut ihnen nicht recht; er packt sie deshalb jeden Morgen
161 1585 652 1651 uch an Ubertreibungen
1137 1629 2486 1701 in seinen Wagen, seizt sich auf dem Kutschbock und kutschiert von
164 1633 653 1700 hlüsselbund“ und „Die
1130 1676 2493 1735 einem Kranken zum anderen; das originelle Thema ist leider fast
180 1697 646 1759 der junge Kollege in
1132 1734 2483 1790 gar nicht ansgearbeitet. Kurt Arams „Der Zahnarzt“ (Berlin,
191 1746 662 1811 und leichter Hand er
1133 1777 2496 1827 Fleischel) schwankt zwischen Dentistik und Dichtkunst, zwischen
1137 1842 2491 1892 der braven Gatlin lise und der Geliebten Elsa. Ernst Walters
160 1841 647 1906 it feurigem Herzen eine
1137 1878 2483 1936 Roman „Auch eine mit dem Kreppschleier (Wien, Konegen) bringt
174 1885 662 1947 ) merkte wohl, daß er die
164 1928 657 1976 en) selber aus dem Glorien¬
1143 1941 2489 1988 einen berühmten Chirurgen, Hofrat Kelsen, auf die Szene, zu dem sich
169 1967 660 2021 er warseit zwei Jahren stels
1131 1974 2492 2039 Kranke, Studenlen und schöne Frauen drängen. Gesunde schöne
166 2008 660 2062 Knaben Katechismus und
1133 2025 2480 2086 Frauen. Er aber bleibt tapferer Junggeselle bis zum 42. Lebens¬
189 2047 664 2105 die anderen zwei waren
1131 2084 2493 2143 jahre. „Die Frauen sind ihm nur Nebensache... Nicht der geistige
178 2093 651 2147 und verregneten Sommer¬
180 2125 656 2179 er Frühling war, da hätte
1141 2125 2490 2184 Mensch, nur das Geschlecht zicht ihn beim Weibe an. Da kommt
186 2175 671 2222 nd gänzlich verblüht sein
1142 2194 2501 2235 die schöne Frau Helene, „ein geistiger Mensch“, deren Mann zu
176 2213 659 2263 Glanze der letzten Triebe
1147 2224 2498 2297 Tode krank ist. Helene liebt den Hofrat; dieser geht aber „Damen
181 2248 670 2308 Das erkaunte Herr Walter.
1144 2286 2491 2343 mit dem Kreppschleier“, das sind jene, welche jede pikante Situation
178 2299 669 2357 nur, wenn es eine holle
216 2326 662 2387 ob der Prenberger dies
1139 2327 2492 2387 mit Reden einleiten und beenden: Wozu hast du mich gebracht?
190 2366 659 2423 itten sie mileinander über
1138 2377 2495 2438 Was wirst du von mir denken? u. dgl. m., aus dem Wege. Helene
193 2408 654 2461 chmalbrüstigen Häuschen,
1147 2428 2493 2483 entsagt dem Chirurgen, wird von einem Anderen erbeutet und
188 2451 664 2509 zweimal so hoch war als
1133 2475 2494 2531 lehnt schließlich ehrlich und charaktervoll sogar die Hand Keisens
195 2488 657 2553 Hölzernen Solllen der
220 2520 657 2588 lem allenthalben Gras
1143 2526 2495 2601 ab. Ernst Walter (eine Schriftstellerin, wie ja die Handlung verrät)
259 2567 659 2626 schmeilerte fröhlicher
1144 2592 2498 2641 schreibt hübsch, sogar geistreich, bleibt aber an der Oberfläche,
192 2617 666 2665 ihren Kätigen saßen, daß
1138 2636 1962 2700 an der Epidermis des Lebens hängen.
237 2652 664 2708 Stadt zu sein. Als sie
1264 2677 2491 2745 Hans Bartsch schildert in dem Roman: „Zwölf aus der
208 2697 659 2748 die Lauben, wo die ge¬
281 2732 652 2792 das Getöse von Aus¬
1140 2726 2494 2785 Steiermark“ (Leipzig. Stackmann), den poetischen Kantilener, den
326 2768 659 2841 grüßten viele den
1140 2784 2492 2848 Humanität von der Kunstgeschichte zur Medizin treibt, und den
185 2817 285 2875 in he
1149 2829 2498 2894 Arzt Vollrat mit demn Motto: Beherrsche alles und alle! Georg
346 2848 663 2921 einen neuen
1134 2877 2477 2937 Hirschfeld läßt seinen Arzt in: „Der Wirt von Veladuz“
301 2906 659 2965 n, Fleischel), die
1148 2934 2492 2997 (Berlin, Fischer) schuldig werden durch Leidenschaft für die Frau
312 2950 653 3021 om Klerikalismus
1145 2994 2496 3043 des Wirtes. Heimdalls Doktor in „Berlins Ende* (Berlin,
380 3008 659 3079 hes Interesse
1148 3045 2500 3095 Seemann) vollbringt es um den Preis von 30.000 Mark, seine Geliebte
1152 3079 2497 3142 sitzen zu lassen. Karl Rosners „Der Ruf des Lebens“ (Berlin,
428 3104 647 3164 und Prosa¬
1146 3144 2495 3189 Ehbock) schildert die Seelenqualen eines eifersfichtigen Lungen¬
408 3154 648 3222 umgeht. In
1148 3171 2499 3255 kranken. „Das graue Haus“ von Hermann Bang (Berlin, Fischer)
441 3203 654 3272 narzt eine
1136 3224 2511 3302 gehört dem alten Gynäkologen Holde und birgt eine absterbende
400 3258 673 3322 Aus meinem
1150 3292 1323 3351 Familie.
419 3308 662 3364 1 Correi
1260 3326 2484 3399 Die Schwedin Gabriele Ringertz zeichnet im „Opferfeuer“
435 3358 652 3419 anzes kon¬
1146 3374 2517 3457 (Berlin. Schuster und Loelller) eine schwindsüchtige Frau, die vom
427 3411 675 3484 schen“ von
2079 3788 2379 3900 W
