3344 4352
527 128 1491 201 Bahris selbst in Wien stets zu den beiuchtesten
524 179 1493 246 macht. Hermann Bahr hat ebensooiel Freunde
509 226 1500 304 wie Feinde, daß er sich trotz dieses Umstandes
511 268 1488 336 doch eine so angeheme Stellung in der öster=
523 324 1495 410 reichis den Literatur nicht nur zu erringen, sondern
508 365 1481 451 auch bis heute zu erhalten wußte, erhöht die Be¬
509 416 1491 490 deutung seiner Person. Am letzten Sonntag
504 459 1486 537 besprach er nun die Geschichte der Schriftsteller=
512 512 1489 583 einigung „Jung=Oesterreich", die gewissermaßen
512 575 1493 631 auch seine eigene Geschichte ist, da er ja als
511 614 1489 678 geistiges Haupt dieser Vereinigung gilt und alle
518 658 1483 733 Phasen der Entwicklung derselben selbst mit=
511 722 1498 800 gemacht hat. Er leitete seinen Vortrag mit zwei
506 757 1478 817 selbsterlebten Aneedoten in, welche als Basis und
507 799 1488 873 programm für die jung österreichische Schrift¬
506 856 1493 934 stellerwelt zu gelten! n. Die erste Aneedote
499 910 1488 966 spielt in Salzburg, wo Bahr das Obergynnasium
502 954 1478 1016 besuchte. Sein Geschichts Professor, der heute einen
499 1000 1486 1078 hohen Rang in der Gelehrtenwelt einnimmt, ist
487 1060 1484 1109 der Held derselben. Derselbe liebte es, in seinen
490 1112 1483 1162 Vorttägen von seinem Thema so weit abzu-
488 1141 1469 1222 schweifen, daß er schließlich nicht mehr wußte,
490 1195 1468 1259 über was er anfange sprechen wollte. Bei diesen
1454 1239 1512 1315 d
493 1251 1319 1300 — Uhi-hmeiiungen kam er aber -regeim-
495 1286 1478 1369 Interpretation des Wortes Genie zurück. Ein
494 1340 1470 1405 Gem:e ist derjenige â behauptete er — der das
487 1364 1468 1465 G fühl für das Nothwendige hat. Goethe ware zum
485 1422 1461 1499 Beispiel, würde er in der heutigen Zeit leben,
484 1475 1473 1552 ganz gewiß kein Dichter, weil eben heute das Dichten
477 1530 1471 1587 nicht das Nothwendigste ist, er wäre höchstwahr¬
485 1563 1469 1640 scheinlich ein Börseaner oder ein Großindustrieller.
485 1621 1456 1688 Diese Anekdote sei, betont Bahr, die Basis für
485 1665 1450 1747 die production der heutigen Literatenwelt. „Wo
477 1710 1454 1791 sind heute die Dichter?“ — ruft er aus. Gedichte
477 1781 1449 1846 werden heutzutage ebensowenig gekauft als gelesen,
483 1816 1456 1893 dagegen eine naturalistische Novelle, ein seichtes
477 1870 1445 1938 Theaterstück habe viel größeren Erfolg für sich.
469 1923 1452 1986 Dieses Gefühl für das Nothwendige, das Fehlende,
475 1959 1451 2032 das Gefühl für die Lücke in der heutigen Literatur
479 1999 1436 2085 habe die Schriftsteller von „Jung Oesterreich"
463 2069 1444 2136 zusammengeführt. Das Programm derselben er-
470 2119 1441 2184 gebe die zweite Anekdote. Dieselbe spielt gleich¬
472 2155 1449 2237 falls in Salzburg. Der Mond strahlte sein bleiches
470 2208 1434 2291 Licht auf die herrliche Allee des Salzburger Stadt¬
465 2264 1447 2338 parkes, in welcher der junge Bahr an der Seite
456 2314 1432 2404 einer Dame lustwandelte. Er sagte nichts und
1601 151 1806 213 Wiener J:
1998 161 2541 233 daß sie Gerhart Hauptmann
1589 195 2551 260 beneideten; tm Gegentheil, man bewunderte iha
1596 258 2562 329 und spürte nur dem Geheimnis nach, welches ihn
1583 303 2553 379 groß gemacht. Endlich hatte man's gefunden:
1584 348 2553 417 er schilderte, was er genau kannte, wäs er füg*
1584 396 2554 477 lich um sich sah, seine engere Heimath, die schle¬
1584 441 2562 527 sischen Menschen, er ließ sie in ihrer Sprache
1586 497 2554 556 reden, er beobachtete ihr Thun und Lassen, ver¬
1582 544 2553 614 pflanzte alles auf die Bühne und schaf sich so
1587 597 2551 653 einen bedeutenden Namen. Das wollte man in
1588 627 2540 703 Wien auch einmal versuchen. Das hatten bisher
1577 684 2546 747 weder Grillparzer noch Anzengruber versucht.
1568 729 2544 799 Und doch lag es so nahe. Man brauchte ja doch
1567 777 2543 851 blos auf die Straße hinauszugehen, bei jedem
1564 822 2531 890 dritten Schritte stieß man auf Interessantes, die
1568 870 2544 943 alten Straßen und Häuser, die Kirchen, die
1564 927 2548 998 Menschen, die rastlos schaffenden Bürger und
1567 968 2544 1056 Spießer in ihren niedrigen Vorstadigewölben und
1567 1024 2536 1100 Kneipen, all das war noch nicht auf der Bühne
1554 1069 2562 1151 so geschildert worden, wie man es jetzt thun.
1564 1124 2531 1182 wollte. Und erst das füße Wiener Madel! das
1561 1178 2551 1242 war jetzt das große Losungswort geworden, wel¬
1556 1206 2526 1288 ches die Bahr, Schnitzler, Ebermann
1557 1255 2535 1343 Schild erhoben. Ebermann, der, mit seiner
1554 1320 2551 1374 „Athenerin" in Wien einen großen Erfolg davon=
1548 1368 2529 1427 trug fiel in Berlin damit durch, weil sie ihn
1561 1403 2520 1481 dort nicht verstanden haben. Die Berliner sahen
1537 1466 2538 1522 eben nur Athener, während man in Wien sofort
1539 1504 2526 1581 erkannte, daß Ebermann sich selbst und seine
1538 1557 2521 1640 Liebe vorführte. Als endlich Bahr und Schnitzler
1540 1603 2536 1672 die ersten großen Erfolge mit ihren Stücken er¬
1538 1646 2520 1713 rangen, da mußte man allerdings zugeben, daß
1540 1698 2516 1758 es ein specifisch Wiener Stück gebe. Dieses spe¬
1539 1740 2509 1810 cifische Wienerthum, welches auf der Bühne ge¬
1542 1794 2512 1857 bracht, hellen Jubel erregte, welches in Novellen
1545 1837 2509 1909 Romanen verarbeitet, so überaus vertraut und
1540 1891 2512 1959 heimisch anmuthet, diese Schilderung der h.rmat¬
1543 1940 2519 1998 lichen vertrauten Gestalten, das ist es, was
1537 1998 2518 2057 „Jung Oesterreich“ vor anderen auszeichnet, das
1554 2042 2507 2109 ist ihre Arbeit, ihr Programm Bahr plaudert
1540 2090 2507 2177 weiter über die Anfeindungen, welche „Jung
1544 2135 2507 2216 Oesterreich“ auszuhalten hatte und kommt schließ¬
1527 2183 2510 2252 lich auf das „Kastl des ersten Erfolges" zu
1542 2235 2514 2300 sprechen, welches jeder Schriftsteller erhält. Als
1549 2284 2505 2344 Schnitzler sein „Süßes Mädel" über die Bretter
1542 2341 2519 2398 gehen ließ, so sprach alles hiervon. Er bekam
1554 2394 2512 2470 sein „Kastl,“ in welchem der Erfolg des süßen
1545 2460 2514 2518 Mädels hineingethan wurde. So oft er nun
1549 2499 2520 2567 Neues, Originelles, schaffen wollte, kamen seine
1550 2562 2514 2617 guten Freunde, kam das Publicum, und ver¬
1547 2601 2523 2662 langte, er möge doch ein neues süßes Mädel
1545 2647 2526 2711 machen. Das sei nun der Fluch des Ruhmes,
1538 2692 2533 2768 der jeden Schriftsteller verfolge und ihn mit der
1543 2744 2519 2821 Zeit zum Routineur mache, welcher dann Fabriks¬
1513 2793 2523 2872 waare erzeugt, statt die Literatur stets in neue
1542 2846 2524 2920 fortschreitende Bahnen zu lenken. Da sei es nun
1539 2888 2523 2950 ein Glück für die Schriftstellerwelt, daß sich auch
1550 2939 2516 3017 die Provinz zu regen beginne und neue Werke
1550 2992 2518 3052 bringt und damit zugleich eine Concurrenz und
1545 3039 2529 3105 Controlle für den Wiener Literatur=Markt bildet.
1549 3101 2524 3153 „Das geistige Schaffen in der Provinz, die Ver¬
1547 3135 2521 3195 wendung der heimischen Gestalten auf
1553 3197 2534 3249 der heimischen Bühne, das war die
1547 3236 2533 3287 Vollendung unseres Programms,
1550 3298 2523 3344 und unser Leitspruch lautet: Die
1540 3330 2518 3404 Pflicht des Schriftstellers ist es,
1545 3380 2528 3459 der Forderung des Tages Rechnung
1553 3429 2528 3492 zu tragen.“ Mit diesen Worten schloß Bahr
1553 3485 2521 3545 den ersten Theil seines Vortrages, der durch
1547 3527 2529 3594 stürmischen langanhaltenden Beifall belohnt wurde.
1556 3585 2523 3644 Anschließend an den Vortrag las Bahr drei
1550 3640 2531 3690 Werke der neuen Richtung mit großem Erfolge.
1540 3679 2528 3737 Zuerst das „Gespräch“ von Hugo v. Hofmanns¬
1542 3721 2529 3805 thal, weiters einiges aus Felix Salten's „Wurstel-
1549 3767 2538 3834 prater,“ und schließlich fein eigenes Geisteskind:
1562 3820 2535 3884 „Die schöne Frau,“ das einen durchschlagenden
1548 3868 2530 3928 Erfolg erzielte. Der Recitation folgte ein gemüth¬
1556 3918 2536 3976 liches Beisammensein, an welchem auch der ge¬
1556 3969 2535 4034 schätzte Gast theilnahm. Derselbe zeigte sich als
1554 4016 2548 4069 Gesellschafter ebenso interessant wie als Vorleser
1554 4064 2535 4131 und manches geistreiche Witzwort desselben dürfte
1558 4113 2394 4177 noch lange hier den Gesprächsstoff bilden.
