3436 4352
173 298 1059 405 11. Miscellansens
1205 270 1647 385 box 41/2
2381 134 2425 178 —
1804 145 2266 193 dann ist er ja auch schon
1794 166 3059 225 hafter Kerl, denn er lat sich nicht mit jedermann abgegeben. Der
1795 194 3080 273 Schnitzler leht war noch, #l#r da Schleuthei ihn im liebsten nicht
2092 237 3074 302 so kann ei doch, sägt der dumme Kerl von Wien, kein
1786 257 2072 322 aufführen läßt
1792 278 3086 344 Dichter sein. Nut so nebenbei: Der Schnitzter ist ja auch Arzt, allo
1791 306 3087 375 ein Jude, meint der dumme Kerl von Wien Auch sind viele seiner
1796 350 3087 406 Sachen viel zu hoch. Der J. J. David war zwar ein wirklicher
1786 387 3084 468 Dichter, aber er war ein weltschmerzlerischer Dichter, und den mögen
1783 431 3079 504 die Herren Snobs nicht. Auch ließ sich der J. J. David keinen Cham¬
1794 472 3079 539 pagner (Schampus) von ihnen zahlen, sondern robotete liober als
1788 510 3081 581 Leitartikler in einer Zeitungsplantage — also war er ein hochnasiger
1786 540 3092 614 Kerl, der sein Schicksal vollauf verdiente. Der Altekberg jedoch ist
1798 590 3094 658 ein patenter Bursche, er speist mit den Snobs, trinkt mit ihnen und
1813 629 3090 693 läßt sich von ihnen die Zeche bezahlen; also ist er ein echter Dichter.
1795 684 3095 734 Wenn der Snob und sein Herr Vetter, der dumme Kerl von Wien,
1797 711 3093 788 die gesammelten Wahnsinnsszenen Peter Altenbergs oder in einer
1794 751 3079 818 hiesigen Zeitung, zu deren Leibdichter Peter gehört, eine seiner ge¬
1806 792 3072 861 fährlichen Zusammenrottungen von Gedankenstrichen oder Ausrufungs¬
1810 850 3035 899 zeichen lesen, dann wirft sich der Snob stolz in die Brust, zündet
1807 878 3086 934 selbstgefällig ein Virginierzigarrl an und denkt sich: „Dieser Peter
1817 904 3092 973 Altenberg ist halt mein Dichter, denn so blöd wie er, kann ich auch
1810 966 2010 1022 schreiben.“
1883 973 3098 1055 Das ist es. Darum hat er „seinen“ Dichter so viel gern, weil es
1822 1025 3091 1091 seiner Eitelkeit wohltut, daß er das auch kann, was der Peter Alten¬
1796 1065 3100 1130 berg kann, der allgemein als ein großer Dichter gilt. Uebrigens hat
1802 1110 3078 1174 Peter in früherer Zeit etliche ganz nette Stimmungsbilder ge¬
1808 1140 3088 1212 schrieben, doch was er in den letzten Jahren den Musen an poetischen
1812 1183 3098 1247 Opfern dargebracht, gehört sozusagen zu seinem Handwerkszeug, um
1822 1220 3098 1283 sich bei seiner ausgebreiteten Kunoschaft in guter Erinnerung zu er¬
1792 1258 3091 1337 halten. Auch treibt er das kraufeste Zeug, um sich den Anstrich eines
1793 1299 3102 1382 genialen Sonderlings zu geben, was ihm übrigens ganz besonders
1798 1337 3104 1414 gelingt. Letzthin kam — die kleine Geschichte ist buchstäblich wahr —
1823 1371 3088 1437 der Schriftsteller Herr F. zu Peter Altenberg, der etliche Stunden
1810 1424 3094 1486 des Tages im Case Kiosk auf dem Graben thront und Audienzen er¬
1818 1437 3117 1532 teilt. Als der Schriftsteller F. um eine Unterredung bat meinte
1813 1486 3124 1556 AAltenberg lauernd: Also Sie wollen eine seelische Konsul¬
1806 1535 3111 1591 ktation — mein Lieber, ich mache Sie aufmerksam die kostet jünf
1809 1584 3100 1636 Culden.“ — „Fünf Gulden!“ jammerte der andere, „ich bitte Sie, fünf
1811 1613 3136 1675 Gulden ist ja ein Vermögen!. Sagen Sie mir, lieber Peter, könnten
2515 1653 3128 1715 „Fällt mir nicht ein,“ erwiderte
1817 1663 2518 1731 Sie mir es nicht billiger machen?“ —
1818 1688 3127 1775 grimmig Peter Altenberg und nannte den Herrn einen Mörder, der
1813 1731 3117 1786 einen armen Mann einen Dichter, um seinen Verdienst bringen
1810 1766 3116 1827 wolle. Herr Altenberg liebt es nämlich, seine Mitmenschen mit dem
1825 1811 3103 1887 Kosenamen „Mörder“ taxfrei zu belehnen. „Fällt mir nicht ein.“
1829 1845 3122 1917 sagte Altenberg voll Kummer, „da kann man sehen, was Sie für ein
1820 1878 3126 1969 Mörder sind, denn für das Wohl Ihres Bauches und sündigen Leibes
1828 1923 3114 2001 können Sie nicht genug ausgeben, wenn es aber gült, etwas für Ihre
2818 1967 3100 2026 „Aber Peter,“
1830 1978 2709 2027 seelische Entlastung zu tun, da knausern Sie.“
1838 2007 3113 2090 schluchzte der andere, „bodenken Sie, ich kann nicht mehr als drei
1829 2067 2143 2126 Gulden geben.“
1909 2076 3091 2153 Indes Peter ist im Grunde genommen ein guter Kerl und e
1826 2120 3131 2182 lerklöxte sich schließlich mit drei Gulden zufrieden. Nun beichten Sie!“
1834 2164 3125 2230 Und der andere beichtete, daß er der Weiber yöllig. überdrüssig sei
1825 2195 3142 2292 und von ihnen nichts mehr wissen wolle. Denn es sei ein treuloses!
1835 2233 3124 2299 Geschlecht, wetterwendisch und voll Lavoen, auch verschwenden sie
1834 2264 3137 2350 ein wahnsinniges Geld auf Totletten. Und ein Mensch, der kein
1835 2324 3121 2393 Geld hat, ist infolgedessen recht übel dran, denn er kunn dem Werb
1837 2360 3097 2446 keine Tolletten kaufen und dann ist der Teufel los. „So traurig is
1826 2400 3119 2453 des auch mir gegengen“, schloß der arme Narr seine Beichte, „da ich
1819 2444 3124 2513 aber nicht allein sein will, so möchte ich aus Ihrem weisen Munde,
1825 2484 3093 2545 lieber Peter, erfahren, was ich tun soll.“ Sinnend saß Peter Alten
1843 2515 3069 2572 berg auf dem Dreifuß, dachte lange nach und orakelte dann bedächt
1854 2556 3045 2607 Sehr einfache Geschichte das. Sie hassen die Frauen? Alle.Mö
1855 2602 3130 2671 hassen die Frauen. Aber da läßt sich nichts machen. Wissen Sie
1855 2625 3131 2705 was, nehmen Sie sich ein nettes, liebes Tier ins Haus. etwa eine
1853 2667 3123 2751 Katze. Sehen Sie, die Katze, das wär' was für Sie. So eine Katz'
1854 2705 3161 2785 Lumschmeichelt Sie und i#t eigentlich so falsch wie ein Meih Ak-1
1906 2789 3116 2880 die Hauptsache ist: ihre Toilette kostet nichts. Also nehmen Sie
1879 2846 3110 2920 „eine Katze ins Haus, sie ist der beste Ersatz für das gefallsüchtige,
1873 2882 3117 2978 Fülose Weib.“ — Ganz gerührt erwiderte der Andere: „Also Sie
1860 2912 3125 2998 and dafür, daß ich mir eine Katze ins Haus nehme — ich werde
1840 2963 3121 3047 Ihren bewährten Rat befolgen. Bevor er wegging, konnte der
1840 3018 3123 3062 Schriftsteller es nicht unterlassen, seinem weisen Ratgeber noch unter
1815 3026 3123 3117 [Lächeln zu sagen: „Sehen Sie. Herr Altenberg, habe ich es nicht ganz
1815 3070 3121 3179 sgut getroffen, daß ich Ihnen für Ihren wirklich guten Rat bloß drei
1836 3109 3128 3200 Gulden bezahle; wäre es nicht dasselbe gewesen, wenn ich Ihnen
1843 3150 3155 3231 fünf Gulden gezahlt hätte?" „Wieso?“ brauste Peter Altenberg, der .
1846 3185 3136 3268 Erfinder der seelischen Konsultationen, wild auf. „Woher können
1838 3225 3147 3322 Sie wissen, daß ich Ihnen für fünf Gulden nicht besser geraten
1832 3258 3124 3347 hätte? Für fünf Eulden hätte ich Ihnen einen Hund geraten!“
1907 3304 3122 3375 Noch andere lustige Anekdoten werden erzählt, aus denen un¬
1818 3337 3132 3435 zweifelhaft hervorgeht, daß Peter Altenberg sein Geschäft als Dichter
1838 3384 3126 3465 und Rentier ganz gut versteht. In den Café=Kiosk kommt ein sati¬
1843 3403 3134 3492 ischer Schriftsieller, mit dem Peter Altenberg auf einem sehr ver¬
1834 3459 3142 3543 Sächtigen Schmollfuß lebt. Peter behauptet nämlich. alle Menschen
1845 3504 3147 3572 seien leibhafti#e Engel, während die Satiriker die leibhaftigen Teufel
1844 3543 3133 3620 sind, die nichts anderes tun, als die Menschen, die sich doch gegen¬
1848 3573 3150 3658 seitig geradezu brüderlich und scwesterlich lieben, gegen einander
1847 3606 3113 3700 zu verhetzen. Peter apestrophiert den Mann mit den Worten: Sie
1845 3636 3144 3737 sind mir in die Seeie hinein verhaßt. Sie Satan, Sie Antichrist!
1851 3690 3150 3769 Sie vergisten die braven Menschen mit dem Hauch Ihres unreinen
1852 3727 3143 3803 Mundes: Sie hasse ich nicht nur objektio, sondern auch subjektiv,
1853 3772 3158 3843 Sie Satan!“ Er schimpft so lange, bis sich endlich ein Dritter ins
1836 3806 3124 3897 Mittel legt und dem entrütteten Peter Altenberg beschwichtigend zu¬
1856 3844 3119 3920 Fruft: „Schimpf doch nicht## diel. Peter, der Mann hat Dir in
1855 3902 3159 3976 Früheren Jahren schon viel Geld geborgt und kann Dir vielleicht noch
1858 3921 3166 4003 leinmal hundert Gulden leihen.“ Worauf Peter Altenberg schlagsertig
1846 3971 2745 4039 serwidert: „Nu, leihler mir sie denn?
1944 3991 3160 4079 Peter Altenberg. der Dichter, hat aus dem erfreulichen Anlaß
1856 4037 3153 4132 sseines fünfzigsten Lebensjahres ein so gutes Geschüft gemacht, daß
1879 4083 3159 4153 er diesen feierlichen Abschnitt seines Lebens vielleicht noch öfters in
2854 4114 3113 4172 Caliban.
1841 4143 2431 4213 jfestlicher Weise begehen wird.
