3392 4352
328 103 1577 173 Ster eenennnhen unste Uinteinden Romanen.
1559 126 2802 179 Freussen. Die Errungenschaften der Bewegung von 1884
312 165 1574 245 Vorbilder aus der Fremde sind, wie schon vorher, Dumas
1571 170 2796 228 sind: Bruch mit der überlieferten und schablonenhaft ge¬
315 220 1565 277 und Seribe, ferner Sardon, Feuillet, Augier, Daudet,
1568 214 2808 283 wordenen Epigonenkunst, Fühlung mit den großen sozialen
319 263 1569 325 Turgenjeff und Leopardi. Rascher als jemals schreitet die
1556 264 2812 320 Mächten der Zeit, Vertiefung in die naturwissenschaftlichen
316 312 1569 365 Entwicklung vorwärts. Schöpferische Talente sind im all¬
1571 318 2811 375 Probleme, Kultus des Lebens und der Wirklichkeit in der
314 355 1576 416 gemeinen nicht so zahlreich wie in der dritten Generation
1571 352 2808 426 weitesten Ausdehnung, Wiedererweckung Hebbels, Kellers und
327 411 1573 470 vorhanden; die vierte Generation ist kritisch und zweiflerisch
1561 402 2826 471 Anzengrubers, Ausbildung einer verfeinerten dichterischen
323 463 1572 528 angelegt. Den literarischen Übergang zur fünften Generation
1563 462 2450 530 Technik und Aufsprießen der Heimatkunst.
317 516 1309 573 bezeichnen Kirchbach, Avenarius und Spitteler.
1655 504 2808 577 Die Presse nahm zwar einen großen Aufschwung, wird
426 572 2816 618 Die fünfte Generation erhebt sich im Jahre 1884aber immer mehr vom Kapitalismus beherrscht, der die
326 606 2825 671 und bleibt über zwei Jahrzehnte im Besitz ihrer literarischen Individualitäten zermalmt. Der Absatz der Bücher wurde
322 669 1572 728 Macht. 1882 beginnt die literarische Revolution in der
1561 667 2306 738 durch die Presse vielfach erleichtert.
325 707 1581 769 Kritik (Kritische Waffengänge), Ende 1884 in der Lyrik
1659 691 2812 763 Der Verlag von Wilhelm Friedrich in Leipzig war
325 754 1574 817 (Moderne Dichtercharaktere), 1885 im Roman (Schlechte Ge¬
1568 746 2817 820 mit der Geschichte der jüngstdeutschen Literatur um 1885
320 819 1564 869 sellschaft), 1889 im Drama (Vor Sonnenaufgang). Vorboten
1574 814 2811 864 eng verknüpft. In Freud und Leid, in Eintracht und
324 860 1576 917 der Revolution zeigen sich schon um 1880. Der Widerspruch
1567 855 2813 929 Zwietracht war er mit seinen Autoren verbunden: Bleibtreu,
324 915 2826 971 kehrt sich gegen die Epigonenlyrik, gegen das akademische Conrad, Conradi, Walloth, Alberti, Lilieneron, Heiberg u. a.
330 958 2819 1011 Drama, gegen die Zahmheit und Schablonenhaftigkeit der Er war auch Verleger der „Gesellschafte und zeitweilig des
321 1008 2820 1057 Empfindung, gegen den Mangel an Zeitproblemen, gegen|=Magazins für Literatur=. Bekanntlich ist der Verlag vor einigen
325 1051 1568 1110 die veraltete Art der Technik und das Elend der literarischen
1574 1056 2821 1112 Jahren ganz eingegangen. Mit größerem Glück nahm der
316 1106 1569 1171 Kritik. Die Bewegung der jungen Generation war in den
1571 1108 2823 1167 Verlag von S. Fischer in Berlin (1886) die Pflege der
327 1158 1576 1214 politischen, wirtschaftlichen und sozialen Verhältnissen der Zeit
1573 1159 2819 1217 modernen Literatur auf und schwang sich zu dem bedeutend¬
332 1200 1566 1255 und in dem Wandel der philosophisch=naturwissenschaftlichen
1573 1196 2829 1260 sten Verleger moderner Belletristik auf. Daneben erwähnt
332 1255 1572 1307 Anschauungen begründet. In allen anderen Künsten trat
1570 1253 2841 1307 Kummer eine lange Reihe anderer Verlagshandlungen, deren
326 1305 1581 1367 zugleich die nämliche Bewegung hervor. Der Einfluß der
1567 1302 2819 1353 Aufzählung sich hier natürlich erübrigt. Einen eigenen Ab¬
330 1347 1579 1404 ausländischen Vorbilder auf die Dichtung dieser Generation
1573 1353 2832 1406 schnitt widmet er mit Recht den billigen Volksausgaben,
327 1400 1564 1459 ist nach Kummers Ansicht stark überschätzt worden; in Wirk¬
1571 1405 2830 1458 die gerade in den letzten Jahrzehnten so ungemein viel zur
329 1447 1566 1512 lichkeit habe der Geist wiedererwachter Nationalität die Dichter
1577 1444 2829 1515 Ausbreitung guter Literatur im Volke getan haben. Diese
324 1493 1573 1555 angetrieben, neue Bahnen zu suchen. Hierbei wirkten die aus¬
1569 1493 2831 1549 billigen Sammlungen und Klassikerausgaben haben erst dem
320 1546 2821 1608 ländischen Denker und Dichter mit: Darwin, Zola, Dosto=Volke die Schätze der deutschen (und zum Teil auch der aus¬
327 1598 1580 1661 jewski, Tolstoi und Ibsen (bis zu den Gespenstern). Nach 1892
1577 1590 2833 1656 ländischen) Literatur nahegebracht. Kummer sagt sogar:
328 1647 1580 1700 wird die Generation in ihrer Weltanschauung beeinflußt von
1573 1630 2835 1695 Die ganze fünfte Generation ist, soweit sie literarisch em¬
328 1693 1572 1752 Nietzsche; vereinzelte Anregungen gehen aus von dem späteren
1576 1688 2823 1759 pfänglich war, in ihrer Jugend mit Reclams Universal¬
328 1746 1574 1792 Ibsen, Baudelaire, Verlaine, Maeterlinck. Zugleich werden
1567 1740 2838 1799 Bibliothek aufgewachsen. Es ist eine ungeheure, bei keinem
318 1796 1567 1858 die Werke älterer deutscher Dichter zu neuem Leben erweckt;
1570 1782 2826 1847 andern Volk wiederzufindende Menge von Kenntnis und
324 1823 1592 1904 Grillparzers Werke, Anzengrubers Volksstücke, Mörikes Lyrik,
1576 1832 2834 1897 Bildung, von Poesie und Begeisterung, die die Reclamsche
333 1900 2841 1947 Kellers Novellen, Ludwigs Shakespearestudien und Heimat=] Universal=Bibliothek unserm Volke hat zuströmen lassen und
325 1943 1581 1999 romane, Hebbels Dramen dringen durch und wirken fast
1564 1932 2838 1997 noch immer zuströmen läßte. Mit Recht fügt der Verfasser
328 1988 1581 2050 mit der Wucht ganz neuer Werke. Den eigentlichen Wende¬
1580 1975 2832 2046 seiner Darstellung der fünften Generation auch eine Statistik
333 2030 1573 2092 punkt in der Dichtung der fünften Generation bildet das
1570 2041 2838 2115 der meistgelesenen Romane und der meistgegebenen Theater¬
1566 2083 1802 2161 stücke ein.
335 2080 1578 2142 siegreiche Durchdringen Friedrich Nietzsches, des Denkers und
329 2132 1594 2206 Dichters. Vor Nietzsche haben wir — um Schlagworte zu
1661 2127 2830 2195 Es ist sehr wohl möglich, daß die von Kummer ge¬
605 2179 1569 2238 — Sozialismus, Positivismus und in der dichte¬
1568 2159 2826 2248 wählte Einteilung auch von späteren Literarhistorikern bei¬
333 2180 588 2249 gebrauchen
332 2222 2834 2291 rischen Lebensdarstellung den physischen (äußeren) Im= behalten werden wird. Dabei wird man dann vielleicht
326 2275 2831 2325 pressionismus, nach Nietzsche Sozialaristokratismus und in den einen oder anderen Schriftsteller höher oder niedriger
333 2345 2831 2374 der Dichtung den psychischen (inneren) Impressionismus. Als werten, als er es getan hat, oder ihn in seinem Haupt¬
331 2372 2830 2440 Pfadfinder gehen der jungen Generation voran: die wirken einer anderen Generation zuweisen, da es bei
336 2429 2828 2495 beiden Hart (Kritische Waffengänge 1882 bis 1884), Kretzerl manchen, die zeitlich zu zwei Generationen gehören, immer¬
337 2475 2826 2533 (Die Lerkommenen 1883), Bleibtreu (Schlechte Gesellscheft hin fraglich ist, welcher Gruppe in der Literatur¬
335 2530 2840 2579 1885), Conradi (Moderne Dichtercharaktere 1885), M. G.geschichte sie endgültig angehören werden. Auf Einzelheiten
340 2576 2832 2625 Conrad (das zuerst auf Zola hinweisende Buch Parisiana dieser Art einzugehen, ist hier nicht der Ort. Doch sei noch
1585 2609 2831 2693 besonders hervorgehoben, daß der Verfasser es verstanden
343 2618 1586 2684 1880 und der Roman Was die Isar rauscht 1888) und
337 2674 2832 2736 Holz=Schlaf (Papa Hamlet 1889, Familie Selicke 1890) hat, den ungemein reichhaltigen Stoff, eine geradezu ge¬
1586 2722 2845 2788 waltige Fülle von Charakteristiken und tatsächlichen Angaben
344 2724 1590 2783 Als pfadfindende und führende Talente treten in den
342 2780 1588 2833 Vordergrund: Theodor Fontane (L'Adultera 1882, Irrungen
1585 2773 2832 2839 in einer durchaus übersichtlichen Form zu gruppieren. Die
403 2824 2828 2867 Wirrungen 1888), Detlev von Lilieneron (Adjutanten=Darstellung der literarischen Strömungen ist lichtvoll ge¬
337 2873 2832 2932 ritte 1883, Gedichte 1889), Friedrich Nietzsche (namentlich hhalten, und an sie schließt sich in knappem Stil und zu¬
342 2935 2837 3000 #n seiner Eigenschaft als Dichter des Zarathustra 1882 eist in kleinerer Schrift das Biographische und das Résumé
1650 2988 2906 3050 der wichtigsten Werke. Entsprechend der Grundidee des
1659 3021 2906 3108 Werkes werden auch die politischen, sozialen, philosophischen
1661 3073 2910 3143 und künstlerischen Verhältnisse, unter denen die einzelnen
1654 3124 2903 3187 Generationen lebten und wirkten, kurz, aber treffend ge¬
1654 3162 2911 3235 schildert, so daß der Leser einen eingehenden Blick in die
1661 3221 2911 3291 Literatur im Rahmen der gesamten kulturellen Umwelt ge¬
1659 3274 2909 3336 winnt. Der Verfasser gehört nicht, wie so viele Literar¬
1671 3308 2927 3393 historiker, dem Verbande einer deutschen Universität an;
1666 3363 2922 3432 er ist Feuilletonredakteur des Dresdner Anzeigers, und
1663 3391 2931 3491 diese journalistische Schulung ist ihm bei diesem Werke
1662 3460 2918 3532 vortrefflich zustatten gekommen. Auf einem solchen Posten,
1668 3511 2921 3593 dessen Inhaber viele Tausende von Büchern durch die Hände
1657 3551 2915 3655 gehen und wo man einer Unmasse von Theateraufführungen
1673 3612 2933 3680 beruflich beiwohnen muß, lernt man bei allem Wohlwollen
1657 3662 2933 3727 der Gesinnung das Wesentliche von dem Bedeutungslosen
1663 3702 2928 3771 unterscheiden, und man gewinnt zugleich eine sichere Praxis
1668 3747 2930 3829 in der Kunst, den oft noch so verworrenen Stoff übersicht=
1657 3797 2932 3881 lich und leicht verständlich einzuteilen. Dies ist neben
1669 3842 2934 3921 einem wohlüberlegten maßvollen Urteil und einer warmen
1672 3907 2907 3978 lebendigen Schilderung der Vorzug, der uns dieses Werk so
1667 3949 2932 4020 ansprechend erscheinen läßt und der auch den Erfolg und
1659 4004 2928 4092 den verhältnismäßig schnellen bisherigen Absatz des Werkes
1676 4069 1853 4135 erklärt.
2523 4079 2913 4160 Tony Kellen.
1768 4096 2295 4174 Bredeney an der Ruhr.
