3344 4352
137 291 981 407 1. Miscellancous
138 3988 942 4073 Enquete zur Bekämpfung der
191 4063 829 4150 Geschlechtskrankheiten.
158 4129 991 4209 Beginn der gestrigen Sitzung gab Vor¬
1129 301 1580 387 box 41/2
939 603 2912 664 daß alleinstehende Mädchen oder Witwen nicht] man sich klar, es handle sich nur um Art und
1945 654 2917 702 Mittel der Bekämpfung. Prof. v. Noorden
962 649 1947 714 imstande sind, aus ihren Löhnen ihren Lebens¬
1942 698 2911 746 habe zu viel grau in grau gemalt, denn die
971 710 1940 758 unterhalt zu bestreiten. In der Wäschekonfektion
1939 745 2918 800 Ueberzeugung, daß der erkrankte Mensch dem
965 746 1945 804 werden zum Beispiel Löhne von 7 bis 12 Kronen
1944 785 2913 861 Elend verfallen ist, macht Leute geisteskrank, die
972 801 1937 848 gezahlt. Zahllose alleinstehende Frauen sind in¬
1951 833 2760 881 es sonst gewiß nicht geworden wären.
971 846 1931 895 folge der tristen Lohnverhältnisse nicht imstande.
1985 860 2913 933 Hofschauspieler Gregori erklärte, daß das
964 877 1940 934 ein eigenes Zimmer zu mieten, sondern müssen
1946 927 2910 980 Theater, das in so schlechtem Rufe steht, in
959 921 1933 975 Bettgeherinnen werden. Vielfach haben sie nicht
1943 963 2914 1025 bezug auf die Moral diesen Ruf durchaus nicht
972 970 1937 1024 einmal ein eigenes Bett, sondern es muß mit
1940 1008 2914 1061 verdient. „Wir sind,“ sagte Redner, „mit
965 1010 1937 1057 anderen geteilt werden. Daß die niedrige Ent¬
1954 1048 2923 1107 Dichterwerken, die sich ums erotische Element
976 1044 1943 1105 lohnung Ursache der Frauenprostitution ist, läßt
1943 1090 2925 1156 sehr lebhaft drehen, so wenig verschwägert, in
968 1104 1942 1156 sich nicht durchaus mit exakten Daten beant¬
1954 1134 2923 1193 unserem Berufe ist täglich Geschlecht gegen Ge¬
968 1133 1940 1183 worten, aber gewiß sei, daß ein so niedrig ent¬
1941 1185 2918 1241 schlecht gestellt, und alles, was die Zuschauer
966 1183 1940 1246 lohntes Mädchen auf die abschüssige Bahn gerade¬
1949 1224 2916 1280 etwa sexuell erregt, berührt uns kaum mehr. Wir
957 1228 1379 1292 zu gewiesen werde.
1937 1266 2916 1319 sind genau so gefeit gegen das Décolleté einer
999 1260 1937 1326 Besonders traurig sind die Wohnungsverhält¬
1948 1310 2915 1368 Kollegin, wie andererseits gebildete Menschen
970 1308 1939 1362 nisse der Schuhmacher und der Heimarbeiter der
1954 1357 2921 1424 gefeit sind, etwa beim Anblick der milonischen
968 1354 1939 1424 Kleider= und Wäschebranche. Nicht selten kommt
962 1397 1938 1469 es vor daß Arbeiter beiderlei Geschlechtes und
1943 1400 2768 1456 Venus geschlechtlich erregt zu werden.“
1993 1421 2919 1503 Es sprachen dann Theaterarzt Dr. Julius
979 1443 1951 1503 sogar Kinder in demselben Zimmer wohnen. Die
978 1489 1945 1544 Zahl der jugendlichen Gefallenen wächst, und vor
1950 1479 2919 1558 Brandl, Prof. Finger, Buchhändler
971 1535 1943 1593 Kindern spielen sich die intimsten Geschehnisse ab.
1953 1526 2606 1593 Heller und Dr. Sadger.
1014 1578 1940 1634 Frau Popp=Dworzak schilderte die
2001 1556 2917 1642 Zum Schluß der Sitzung wurden einige
1947 1608 2912 1685 Arbeiterinnen und Dienstmädchen als Ex¬
977 1619 1941 1697 Lohnverhältnisse verschiedener Arbeiterinnen¬
2697 1648 2917 1717 wie eine
1938 1656 2637 1724 pertinnen einvernommen, die —
972 1669 1229 1739 kategorien.
1957 1695 2921 1764 Krawattennäherin, eine Modestickerin und eine
986 1702 1931 1790 Das sexuelle Moment in Kunst und Literatur.
1951 1745 2911 1807 Miedernäherin — über ihre furchtbar niedrigen
1017 1777 1940 1834 Der Referent Dr. Alfred Brandweiner
1950 1792 2910 1855 Löhne, die lange Arbeitszeit und das sittliche
978 1826 1928 1888 gelangt zu folgenden Schlüssen. Der Kampf
1949 1834 2931 1908 und physische Elend, dem viele ihrer Berufs¬
981 1871 1938 1923 gegen das pornographische Element ist nach zwei
1959 1881 2680 1947 genossinnen anheimfallen, erzählten.
988 1915 1947 1969 Richtungen zu führen. Er begreift einerseits
991 1936 1955 2015 repressive, andererseits erzieherische
988 2005 1955 2056 Maßnahmen in sich. Mit ersteren, also der
986 2042 1941 2098 Zensur und dergleichen Einrichtungen, kann
976 2089 1949 2152 bisweilen wenig genützt, dagegen viel geschadet
985 2133 1957 2192 werden. Das Hauptgewicht ist also auf die Er¬
986 2170 1950 2234 ziehung zu legen, und in dieser Hinsicht würde
991 2219 1948 2276 sich die Einführung eines neuen Gegenstandes
981 2263 1958 2315 in unseren Bürger= und Mittelschulen, der
986 2307 1873 2373 Kunstgeschichte, sicher sehr empfehlen.
1007 2353 1962 2405 Regierungsrat Himmelbauer kündigte
973 2393 1950 2455 eine Aktion des Volksbildungsvereins zur Be¬
963 2426 1952 2490 [kämpfung der Schmutzliteratur
978 2489 1835 2559 an, die gerade von Kindern gekauft würde.
999 2528 1772 2623 71447 Ein Brief Arthur Schnitzlers.
1015 2586 1960 2672 Vom Schriftsteller Arthur Schnitzler lag
999 2650 1533 2715 folgendes Schreiben vor:
1020 2682 1960 2755 1. Antwort auf die Frage, inwiefern Werke
981 2736 1956 2807 der Literatur und Kunst sexuell zu irritieren ver¬
987 2772 1966 2842 mögen: Ob ein Jüngling von der tizianischen
981 2824 1972 2884 Venus fortgeht und sich eine Stunde darauf bei
1001 2866 1964 2930 einer Prostituierten oder einem anderen weib¬
988 2924 1964 2973 lichen Wesen infiziert — oder ob er mit seiner
991 2962 1967 3021 Geliebten oder seiner Frau unter der Nachwirkung
978 3017 1957 3060 desselben Reizes einen neuen Shakespeare zeugt
978 3044 1969 3106 oder seinen eigenen Mörder, das ist schließlich
979 3087 1979 3146 nur eine Glücksfrage. Und zweifellos kann jede
986 3130 1972 3193 dieser Möglichkeiten eintreten, auch wenn es nicht
989 3173 1968 3234 die tizianische Venus war, der jener Jüngling
986 3207 1987 3282 seine Erregung verdankt, sondern eine völlig
990 3269 1972 3332 kunstfremde Aktphotographie oder irgendeine“
1002 3295 1972 3368 obszöne Darstellung. Sicher aber ist es, daß pro¬
994 3348 1968 3418 zentual die sexuell irritierenden Bildwerke und
990 3405 1974 3457 Druckschriften, sowohl künstlerischer als unkünst¬
1003 3427 1977 3502 lerischer Natur, den vielfachen Verlockungen des
997 3467 1974 3542 täglichen Lebens und dem steten physiologischen
1001 3540 1963 3602 Wirken der Geschlechtlichkeit gegenüber gar nicht
1001 3578 1600 3635 in Anschlag zu bringen sind.
1033 3596 1973 3678 2. Die Frage, inwiefern die seruelle Wirkung
998 3649 1972 3720 von Kunstwerken berechtigt sei, scheint mir
999 3709 1973 3768 so müßig, als es die Frage wäre, ob sexuelle
1004 3753 1984 3820 Erregung durch den Anblick einer schönen, leben¬
995 3803 1966 3861 digen Gestalt des gleichen oder des anderen Ge¬
1009 3838 1966 3902 schlechtes berechtigt ist. Die Kunst ist hin¬
1010 3899 1972 3943 sichtlich der Wirkungen, die sie erzielt, so unbe¬
997 3932 1981 3991 kümmert wie die Natur. Und ich finde, wenn
1009 3975 1972 4036 einmal ein großes Kunstwerk geschaffen würde
1009 4020 1983 4078 von so ungeheurer sexueller Reizmacht, daß eine
1005 4064 1972 4124 Flutwelle von Sinnlichkeit sich über die ganze
1007 4114 1984 4173 Menschheit ergösse, so wäre das ebensowenig An¬
1013 4165 1985 4212 laß, die Ausstellung, Weiterverbreitung, Ver¬
