3436 4352
1206 325 1662 420 box 41/2
394 333 471 398 i
197 323 1043 435 1. " scellaneous
804 390 864 435 —
1783 638 1976 898 %
699 740 1072 964 Jee
1236 955 1367 1028 14 —
870 1035 1903 1137 Nein, ich habe es gehört, denn du hast dir eine
678 1137 1141 1208 Herrscherin geschaffen!
872 1171 1270 1252 Wer sollte das sein?
856 1215 1902 1283 Man sagt, und du kennst das Gerücht ebenso gut wie
685 1252 1903 1349 ich, daß es die Witwe des Crescentius ist, die schöne Stephania.
694 1306 1920 1397 Nun, das ist deine Sache, aber Salomo rät: Nimm dich in Acht
690 1350 1905 1428 vor deinen Feinden, aber sei auch vorsichtig mit deinen Freunden!
817 1399 1922 1501 Der Kaiser sah aus, als wolle er sich verteidigen, vermochte
697 1464 1641 1555 es aber nicht, und so war das Gespräch zu Ende.
808 1568 1918 1647 Einige Tage darauf war Otto III. tot, nach der Sage ver¬
698 1618 1930 1708 giftet, auf die eine oder die andere Art, von der schönen Ste¬
714 1708 869 1771 phania.
832 1718 1551 1800 Und ein Jjahr später-starb Silvester II.
1750 1754 2019 1869 Arta.
918 1827 1733 1897 ANTWORTEN DES HERAUSGEBERS.
826 1887 1933 1980 Liebling. Die großen Leuchten der journalistischen Konfession
721 1938 1940 2024 heißen Brandes, Stein und Marmorek. Die Feststellung, daß der erste
715 1987 1941 2069 einer der tiefsten Flachköpfe des neunzehnten Jahrhunderts ist, dürfte auch
717 2033 1946 2123 durch die Tatsache nicht erschüttert werden können, daß Arthur Schnitzler.
722 2079 1944 2164 das Shakespeare-Werk des Herrn Brandes in die Reihe der vzehn
733 2130 1946 2231 besten Bücher- gestellt hat. (Ein Wiener Verleger hat eine -Rund¬
735 2187 1945 2275 fragee veranstaltet, die als Resultat eine wahre Orgie des Snobismus ergab.
737 2235 1941 2310 Die erlesensten Geister Wiens haben ihren Gibbon oder wenigstens Justi's
741 2292 1949 2383 Biographie Winckelmannss auf dem Nachtkastl liegen, und Graf
735 2339 1952 2412 Lanckoronski schwankt zwischen Homer und dem Lyriker Grafen Hoyos).
736 2388 1956 2454 Herr Brandes bleibt ein literaturhistorischer Reporter, und der
739 2427 1950 2501 dümmste Leser der „Neuen Freien Presse“ weiß heute schon, daß ein
746 2478 1960 2572 Paul Goldmann in dieser Branche nicht weniger tüchtig ist. Aber die
737 2538 1953 2605 Herren Stein und Marmorek haben sich nicht der Literatur, sondern,
742 2572 1954 2677 zursprünglich dem Pferdehandel bestimmte, der Wissenschaft gewidmet.
741 2627 1957 2712 Da ist es schon schwieriger, die Spur einer grundlos verlassenen
744 2672 1965 2751 Richtung aufzufinden. Glücklicherweise ist kürzlich den beiden Lieb¬
746 2736 1958 2804 lingen der „Neuen Freien Presse', dem Philosophen und dem Bakte¬
758 2772 1967 2857 riologen, etwas Menschliches passiert, das freilich den gläubigen
746 2824 1979 2897 Lesern der Wiener liberalen Presse nicht verraten werden durfte. Die
750 2873 1988 2949 Berliner „Post“ schreibt am 14. November unter dem Titel Ein jäher
