3344 4256
1828 155 2278 229 —
183 234 1646 336 1. Miscellaneous box 41/2
700 802 2379 872 ssseeea Die Wienerin. 188888888888 253
713 866 1545 918 Wien längst zur Legende geworden. Die
1543 863 2370 931 auch anständig auszufüllen. Dieses Verständ¬
710 915 2383 971 Legende von dem „guten“ Kleid hat aber nie wird nicht so leicht überall aufgebracht
712 955 1529 1006 in Wien überhaupt niemals bestanden. Daß
1547 959 2376 996 werden. Es ist eine alte Streitfrage, für
720 999 1541 1051 also die Hausfrau ein besonders geschätztes
1548 1002 2382 1048 wen sich die Frau eigentlich anzieht. Es
1540 1029 2378 1084 sind die Satiriker, die da behaupten: für
708 1034 1522 1086 Ausstattungsstück, etwa das „Blauseidene“
1548 1070 2373 1132 die Frau. Nach ihnen gibt es keine süßere
720 1072 1537 1119 von Saison zu Saison sorglich aufhebe und
1553 1113 2380 1167 und reinere Freude, als mit der eigenen
713 1109 1544 1165 es dann hervorhole, wenn sich nach Jahr
1548 1152 2375 1193 Pracht ein halb Dutzend Rivalinnen tot zu
720 1152 1499 1194 und Tag ein bedeutender Anlaß ergibt, -
1554 1186 2385 1234 ärgern. Ich bin kein Satiriker und möchte
712 1183 1537 1240 das gibt es in Wien nicht. Kleider muß
1552 1231 2393 1283 mich vor allen Dingen nicht in die Irrgänge
724 1229 1532 1273 man natürlich haben; man muß sich doch be¬
1547 1264 2389 1316 einer Konjekturalpsychologie verlieren. Ich
712 1268 1543 1319 kleiden. Jede Frau braucht also gelegent¬
1554 1302 2379 1349 gebe auch zu, daß nur Frauen eine Toilette
718 1306 1545 1360 lich ein neues Kleid. Was die Wienerin
1547 1353 2387 1401 kritisch zu betrachten und zu würdigen wissen
718 1346 1545 1389 betrifft, so glaube ich, daß es in ihrem gan¬
1551 1385 2382 1437 und daß die Männer meist nichts davon
721 1391 1537 1433 zen Leben keine Phase gibt, in der sie nicht,
1555 1435 2376 1476 verstehen und kein Interesse dafür haben.
714 1429 1541 1475 und zwar besonders dringend ein neues
1557 1463 2393 1512 Dennoch möchte ich dabei bleiben: der tiefste
716 1466 1541 1516 Kleid brauchte. Ich kann da sämtliche Ehe¬
1557 1505 2395 1549 metaphysische Grund für jeglichen Toilette¬
717 1507 1546 1561 männer Wiens zu Zeugen aufrufen. Sie
1557 1537 2388 1587 aufwand ist der Mann. Er erkennt die Ur¬
723 1542 1548 1596 werden einstimmig bekunden, daß eine
1551 1574 2395 1630 sache nicht, aber er spürt die Wirkung. Schon
717 1581 1548 1629 Wienerin nie „etwas zum Anziehen“ hat.
1923 1615 2329 1671 Blitz und Schlag —
716 1622 1543 1672 Die aber müssen es wissen; sie haben es aus
1562 1618 1916 1670 mancher hat sich —
1552 1654 2380 1708 in eine Frau verliebt, und wenn er dann
720 1660 1538 1708 erster Quelle. Es muß also immer ein
1563 1694 2380 1751 angedonnert nach Hause kommt, und Du
724 1698 1544 1745 neues Kleid her. Verstehen wir uns recht;
1565 1732 2384 1783 fragst ihn: Was hat sie denn angehabt?
716 1735 1549 1776 nicht immer ist ein Kleid ein Kleid. Mein
1559 1775 2377 1820 dann weiß er es nicht einmal, der Arme.
722 1778 1539 1823 Gott, ein Kleid — bekleidet ist man bald!
1557 1813 2382 1860 Er weiß es nicht, und doch war es vielleicht
727 1817 1543 1856 Man nennt es ein Kleid, weil das die Sache
1553 1850 2386 1908 gerade die Kunst der Toilette, die ihn zur
723 1855 1548 1920 dringlicher erscheinen läßt; gemeint ist eine
1551 1889 2383 1945 Strecke gebracht hat. Mitgeholfen hat sie
718 1894 913 1952 Toilette.
1560 1933 2387 1972 jedenfalls. Die Wienerin hat die Bedeutung
774 1926 1547 1982 Nun sind wir beim springenden Punkt.
1559 1966 2392 2016 der Kunst des Sichanziehens vollkommen
717 1963 1548 2028 Die Wienerin hat keinen Sinn dafür, eine
1553 2004 2384 2062 begriffen und übt sie mit Virtuosität und
717 2006 1531 2055 Toilette zur Tracht erstarren zu lassen, sie
1565 2053 2384 2091 weil sie sie begriffen hat, tut sie gern in
717 2044 1550 2096 hält sich an die Mode. Darum kann sie
1562 2080 2385 2131 übriges. Das Ergebnis: hoch hinaus, sehr
722 2082 1545 2143 auch nicht das „Blauseidene“ für große An¬
1552 2123 2394 2175 häufig um einen Grad zu hoch. Wie ich
728 2125 1547 2173 lässe parat liegen haben. Ist der Anlaß da,
1564 2167 2387 2213 kein Satiriker bin, bin ich auch kein Sitten¬
725 2166 1544 2214 dann — verlassen Sie sie darauf — ist auch
1565 2198 2394 2252 richter. Ich halte es da genau so wie mit
727 2201 1540 2257 das seiner würdige neue Kleid zur Stelle.
1556 2239 2387 2290 dem gedichteten Schwert an meiner Linken:
711 2242 1550 2291 Manchmal findet sich auch so ein Esel von
1557 2283 2173 2337 hab' ine Freude dran, hurra!
714 2277 1552 2323 einem Ehemann, der praktische Ratschläge
1731 2302 2376 2371 soll das Volk bei der Arbeit auf¬
719 2319 1546 2369 gibt. Manchmal, nicht oft, und die prak¬
1555 2354 2384 2412 suchen. Die Wienerin verträgt es, auch bei
726 2358 1546 2408 tischen Ratschläge gewöhnt er sich dann auch
1554 2392 2387 2446 der Arbeit aufgesucht zu werden. Man geht
725 2399 1550 2447 sehr bald ab. Er hat irgend einmal irgend
1562 2433 2383 2478 auch in Wien mit der Zeit. Die Befreiung
728 2431 1548 2487 etwas in einem deutschen Roman von dem
718 2479 1547 2527 guten Blauseidenen gelesen und meint nun
1557 2475 2386 2525 der Frau macht auch da ihre Fortschritte,
1554 2518 2397 2569 und wie anderwärts haben sich auch in
726 2520 1551 2566 in seiner Unschuld, daß ein solches für einen
1560 2543 2383 2597 Wien die Frauenberufe vervielfacht. Tau¬
727 2557 1548 2618 vorliegenden Fall ganz leicht ein wenig ge¬
1565 2585 2396 2643 sende von Wienerinnen stehen im Berufe,
726 2593 1551 2633 ändert, adaptiert, modernisiert werden
1558 2629 2395 2676 was den Hauptberuf, zu gefallen, nicht
728 2628 1551 2680 könnte. Selten wird so fröhlich gelacht, wie
1550 2678 2392 2719 ausschließt. Nun denn — nach allem, was
712 2679 1551 2728 bei derartigen Vorschlägen. Machen Sie
1562 2699 2390 2755 man sieht und hört, ist die Wienerin bei der
718 2712 1547 2768 aus halblangen engen Armeln ganz lange,
1554 2751 2390 2803 Arbeit tüchtig und anstellig. Das ist wie
725 2751 1546 2803 weit ausgebauchte; aus einer Küraßtaille
1568 2782 2397 2832 anderswo auch. Auf vielen ihrer neuen
722 2795 1541 2839 eine Blusentaille; schinden Sie aus dieser
1563 2824 2406 2877 Gebiete bewährt sich die Frau sogar besser
728 2828 1549 2871 die Princesse=Form heraus und modernisieren
1552 2863 2395 2909 als der Mann. Sie arbeitet flink, verstän¬
725 2875 1548 2915 Sie aus einer englischen Toilette den Em¬
1563 2901 2399 2951 dig, gewissenhaft. Daß die Wienerin auch
722 2901 1538 2956 pire= oder Altwiener Stil heraus! Sie können
1554 2945 2394 2993 bei der Arbeit ihren Humor behält und lustig
718 2945 1551 3003 es nicht; dann reden Sie aber auch nichts!
1560 2981 2389 3030 bleibt, schadet weder ihr noch der Arbeit.
766 2984 1550 3029 Mit solchen Naivitäten hat man kein
1565 3019 2388 3065 Sie bleibt in ihrer Branche. Wie sie im
718 3023 1547 3070 Glück bei der Wienerin. Es gibt also gar
1559 3062 2390 3106 Hause und in der Gesellschaft bezaubert, was
725 3068 1548 3110 keinen anderen Ausweg, als — ein neues
1567 3098 2392 3144 ihr nahe kommt, so auch bei der Arbeit im
726 3101 1543 3149 Kleid. Und das ist denn zur richtigen Zeit
1566 3131 2387 3181 Berufe. Das allerdings hat seine bedenklichen
719 3140 1550 3185 da, und die Wienerin sieht dann darin so
1558 3176 2393 3223 übelstände. Sie werden gewöhnlich viel
725 3178 1552 3232 aus, daß der weise Ratgeber selber seine
1559 3219 2392 3267 rascher, als es für die Kontinuität des ge¬
720 3228 1556 3278 Freude daran hat und ohne weiteres zugibt,
1552 3250 2390 3314 regelten Geschäftsbetriebes zuträglich ist, sei
723 3258 1430 3308 daß er wirklich ein Esel gewesen sei.
1555 3293 2392 3339 es vom Herrn Chef, sei es von anderen her¬
790 3290 1561 3342 Das ist nämlich eine der wichtigsten Künste
1565 3340 2394 3380 ausgeheiratet. Das ist in der Tat ein Un¬
713 3337 1555 3383 der Wienerin, wie sie eine Toilette zu tragen
718 3372 2395 3416 versteht! Die Pariserin mag das ebensogut glück, aber es kann gleich hinzugefügt werden,
731 3422 2392 3461 verstehen. Zugegeben. Die Wienerin ver= daß sie dieses Unglück mit bewunderswerter
726 3459 2034 3520 steht es aber entschieden besser, eine Toilette Würde zu tragen wissen.
