<?xml version="1.0" encoding="UTF-8" standalone="yes"?>
<PcGts xmlns="http://schema.primaresearch.org/PAGE/gts/pagecontent/2013-07-15" xmlns:xsi="http://www.w3.org/2001/XMLSchema-instance" xsi:schemaLocation="http://schema.primaresearch.org/PAGE/gts/pagecontent/2013-07-15 http://schema.primaresearch.org/PAGE/gts/pagecontent/2013-07-15/pagecontent.xsd">
    <Metadata>
        <Creator>prov=University of Rostock/Institute of Mathematics/CITlab/Gundram Leifert/gundram.leifert@uni-rostock.de:name=ONB_Newseye_GT_M1+(htr_id=10810)::::v=2.4.2
prov=University of Rostock/Institute of Mathematics/CITlab/Tobias Gruening/tobias.gruening@uni-rostock.de:name=de.uros.citlab.module.baseline2polygon.B2PSeamMultiOriented:v=2.4.2
prov=University of Rostock/Institute of Mathematics/CITlab/Tobias Gruening/tobias.gruening@uni-rostock.de:name=/mnt/transkribus/LA/DEA/URO/LA_news_onb_att.pb:de.uros.citlab.segmentation.CITlab_LA_ML:v=2.4.2
Transkribus</Creator>
        <Created>2019-10-07T20:34:49.107+02:00</Created>
        <LastChange>2019-10-08T22:01:43.867+02:00</LastChange>
        <TranskribusMetadata docId="224449" pageId="9576394" pageNr="7" tsid="16611395" status="IN_PROGRESS" userId="40391" imgUrl="https://files.transkribus.eu/Get?id=LHDWYBEDIUGVCEZYHBZNOQVC&amp;fileType=view" xmlUrl="https://files.transkribus.eu/Get?id=EDVFZOZMXJGHIQENQPESVNTD" imageId="6207381"/>
    </Metadata>
    <Page imageFilename="224449_0007.jpeg" imageWidth="3344" imageHeight="4256">
        <ReadingOrder>
            <OrderedGroup id="ro_1711442233639" caption="Regions reading order">
                <RegionRefIndexed index="0" regionRef="r1"/>
            </OrderedGroup>
        </ReadingOrder>
        <TextRegion orientation="0.0" id="r1" custom="readingOrder {index:0;}">
            <Coords points="109,406 109,4254 3176,4254 3176,406"/>
            <TextLine id="r1l1" custom="readingOrder {index:0;}">
                <Coords points="1123,452 1152,440 1183,453 1282,444 1325,423 1360,447 1424,452 1510,453 1549,430 1572,435 1572,402 1521,371 1488,368 1459,394 1422,371 1394,388 1341,363 1309,383 1185,396 1148,378 1124,392"/>
                <Baseline points="1133,427 1158,428 1183,428 1208,428 1234,428 1259,429 1284,429 1310,430 1335,430 1360,430 1385,431 1411,431 1436,431 1461,431 1487,430 1512,430 1537,429 1563,428"/>
                <TextEquiv>
                    <Unicode>box 41/2</Unicode>
                </TextEquiv>
            </TextLine>
            <TextLine id="r1l2" custom="readingOrder {index:1;}">
                <Coords points="698,440 813,440 836,429 857,440 893,432 921,439 946,423 962,427 962,397 940,399 924,386 896,395 868,380 840,397 810,390 799,401 764,387 741,398 719,380 698,387"/>
                <Baseline points="708,434 735,435 762,436 789,435 816,435 844,435 871,434 898,434 925,434 953,435"/>
                <TextEquiv>
                    <Unicode>neous</Unicode>
                </TextEquiv>
            </TextLine>
            <TextLine id="r1l3" custom="readingOrder {index:2;}">
                <Coords points="463,441 479,440 484,435 502,440 533,441 535,383 506,384 501,380 496,385 485,383 474,394 464,394"/>
                <Baseline points="471,434 497,434 524,435"/>
                <TextEquiv>
                    <Unicode>e</Unicode>
                </TextEquiv>
            </TextLine>
            <TextLine id="r1l4" custom="readingOrder {index:3;}">
                <Coords points="100,457 153,443 335,477 528,461 734,477 764,472 765,435 615,379 507,441 375,384 297,379 222,425 161,383 134,403 101,383"/>
                <Baseline points="109,433 141,437 173,441 205,444 238,446 270,448 302,449 335,451 367,451 399,451 432,451 464,451 496,451 528,450 561,449 593,449 625,448 658,447 690,446 722,445 755,445"/>
                <TextEquiv>
                    <Unicode>1. Mis. 11a.</Unicode>
                </TextEquiv>
            </TextLine>
            <TextLine id="r1l5" custom="readingOrder {index:4;}">
                <Coords points="2864,980 2907,977 2940,988 2976,976 3068,983 3087,969 3116,972 3117,917 3040,926 3025,913 3002,913 2973,930 2957,921 2924,928 2897,910 2866,911"/>
                <Baseline points="2874,971 2899,971 2925,971 2951,972 2977,973 3002,973 3028,974 3054,974 3080,974 3106,974"/>
                <TextEquiv>
                    <Unicode>Nr. 207.</Unicode>
                </TextEquiv>
            </TextLine>
            <TextLine id="r1l6" custom="readingOrder {index:5;}">
                <Coords points="2221,976 2250,990 2350,981 2433,991 2478,977 2516,991 2561,980 2561,939 2523,925 2513,934 2484,924 2440,934 2283,915 2221,926"/>
                <Baseline points="2231,978 2257,979 2284,979 2311,979 2338,978 2364,978 2391,978 2418,978 2445,978 2471,978 2498,978 2525,978 2552,978"/>
                <TextEquiv>
                    <Unicode>29. Juli 1906.</Unicode>
                </TextEquiv>
            </TextLine>
            <TextLine id="r1l7" custom="readingOrder {index:6;}">
                <Coords points="1431,976 1489,999 2062,987 2062,966 1993,943 1797,915 1647,950 1520,922 1431,941"/>
                <Baseline points="1440,985 1470,984 1501,983 1532,982 1562,981 1593,981 1624,980 1654,980 1685,980 1716,980 1747,980 1777,980 1808,980 1839,980 1869,981 1900,981 1931,982 1961,982 1992,983 2023,984 2054,985"/>
                <TextEquiv>
                    <Unicode>Fremden-Slatt.</Unicode>
                </TextEquiv>
            </TextLine>
            <TextLine id="r1l8" custom="readingOrder {index:7;}">
                <Coords points="921,981 942,978 970,1004 993,1006 1016,992 1041,1003 1072,991 1111,1002 1274,996 1274,959 1177,940 1115,956 1087,943 1046,957 921,940"/>
                <Baseline points="930,986 955,988 981,988 1007,989 1033,989 1059,989 1085,989 1110,989 1136,989 1162,989 1188,989 1214,990 1240,990 1266,991"/>
                <TextEquiv>
                    <Unicode>Wien, Sonntag</Unicode>
                </TextEquiv>
            </TextLine>
            <TextLine id="r1l9" custom="readingOrder {index:8;}">
                <Coords points="369,997 395,996 402,1003 409,998 429,1008 469,998 552,1003 581,984 595,984 596,961 571,961 539,944 516,947 504,958 483,954 468,961 453,946 435,955 416,947 370,952"/>
                <Baseline points="378,989 404,988 430,989 456,990 482,990 508,991 534,992 560,992 586,991"/>
                <TextEquiv>
                    <Unicode>Seite 16.</Unicode>
                </TextEquiv>
            </TextLine>
            <TextLine id="r1l10" custom="readingOrder {index:9;}">
                <Coords points="1742,1065 3140,1074 3140,1012 1742,1043"/>
                <Baseline points="1751,1061 1820,1061 1889,1061 1958,1060 2027,1060 2096,1060 2165,1059 2234,1059 2303,1058 2372,1057 2441,1057 2510,1056 2579,1056 2648,1055 2717,1055 2786,1055 2855,1054 2924,1054 2993,1055 3062,1055 3131,1055"/>
                <TextEquiv>
                    <Unicode>gibts bei der nichts aus. — Die Gattin des Angeklagten entschlug sich</Unicode>
                </TextEquiv>
            </TextLine>
            <TextLine id="r1l11" custom="readingOrder {index:10;}">
                <Coords points="310,1073 1602,1087 1740,1064 1740,1017 310,1052"/>
                <Baseline points="319,1077 389,1077 460,1078 530,1078 601,1078 672,1078 742,1078 813,1078 884,1078 954,1078 1025,1077 1096,1077 1166,1076 1237,1075 1308,1074 1378,1074 1449,1073 1520,1072 1590,1071 1661,1070 1732,1070"/>
                <TextEquiv>
                    <Unicode>Beethoven, Grillparzer, Schubert und Lenau gewandelt, die großen</Unicode>
                </TextEquiv>
            </TextLine>
            <TextLine id="r1l12" custom="readingOrder {index:11;}">
                <Coords points="1750,1104 3137,1098 3045,1054 1750,1067"/>
                <Baseline points="1758,1104 1826,1104 1895,1104 1963,1104 2032,1104 2100,1104 2169,1104 2237,1103 2306,1103 2374,1102 2443,1101 2511,1101 2580,1100 2648,1100 2717,1100 2785,1100 2854,1100 2922,1100 2991,1101 3059,1102 3128,1103"/>
                <TextEquiv>
                    <Unicode>der Zeugenaussage und bat um Nachsicht für ihren Mann, der infolge</Unicode>
                </TextEquiv>
            </TextLine>
            <TextLine id="r1l13" custom="readingOrder {index:12;}">
                <Coords points="315,1135 1571,1134 1730,1089 314,1074"/>
                <Baseline points="323,1126 392,1126 462,1126 532,1126 602,1125 672,1125 742,1125 812,1125 882,1125 952,1125 1022,1125 1091,1125 1161,1124 1231,1124 1301,1123 1371,1122 1441,1121 1511,1120 1581,1118 1651,1117 1721,1115"/>
                <TextEquiv>
                    <Unicode>Unsterblichen, die gleich ihm nie völlig gewürdigt wurden, die gleich</Unicode>
                </TextEquiv>
            </TextLine>
            <TextLine id="r1l14" custom="readingOrder {index:13;}">
                <Coords points="1751,1156 2739,1146 2739,1116 2658,1099 1751,1105"/>
                <Baseline points="1760,1145 1808,1145 1857,1146 1905,1146 1954,1147 2002,1147 2051,1147 2099,1147 2148,1147 2196,1147 2245,1147 2293,1147 2342,1147 2390,1146 2439,1146 2487,1145 2536,1145 2584,1144 2633,1144 2681,1143 2730,1142"/>
                <TextEquiv>
                    <Unicode>dessen mit der Strafe des Verweises davonkam.</Unicode>
                </TextEquiv>
            </TextLine>
            <TextLine id="r1l15" custom="readingOrder {index:14;}">
                <Coords points="310,1179 1665,1175 1727,1168 1727,1110 1275,1150 310,1135"/>
                <Baseline points="319,1174 389,1173 459,1173 529,1172 599,1172 669,1172 739,1172 809,1172 879,1172 949,1172 1019,1172 1089,1172 1159,1172 1229,1172 1299,1171 1369,1170 1439,1169 1509,1167 1579,1165 1649,1162 1719,1160"/>
                <TextEquiv>
                    <Unicode>ihm, vom Undank der Zeit im Herzen krank, gestrebt und gelitten!</Unicode>
                </TextEquiv>
            </TextLine>
            <TextLine id="r1l16" custom="readingOrder {index:15;}">
                <Coords points="313,1225 1727,1211 1726,1169 1615,1166 312,1185"/>
                <Baseline points="321,1220 390,1220 460,1221 530,1220 600,1220 670,1220 740,1219 809,1219 879,1218 949,1217 1019,1216 1089,1215 1159,1214 1229,1213 1298,1213 1368,1212 1438,1211 1508,1210 1578,1209 1648,1209 1718,1208"/>
                <TextEquiv>
                    <Unicode>Wie oft mag sein Genius bei seinen einsamen Spaziergängen</Unicode>
                </TextEquiv>
            </TextLine>
            <TextLine id="r1l17" custom="readingOrder {index:16;}">
                <Coords points="1886,1229 3081,1229 3144,1222 3144,1167 1979,1165 1886,1201"/>
                <Baseline points="1895,1221 1957,1223 2019,1223 2081,1224 2143,1224 2205,1224 2267,1224 2329,1224 2391,1223 2453,1223 2515,1222 2577,1222 2639,1221 2701,1221 2763,1220 2825,1220 2887,1219 2949,1219 3011,1219 3073,1220 3135,1220"/>
                <TextEquiv>
                    <Unicode>— (Eingestellte Untersuchung.) Im Jänner 1906 geriet die</Unicode>
                </TextEquiv>
            </TextLine>
            <TextLine id="r1l18" custom="readingOrder {index:17;}">
                <Coords points="330,1273 1695,1269 1726,1214 330,1229"/>
                <Baseline points="339,1267 407,1266 476,1266 545,1265 614,1264 683,1263 752,1263 821,1262 890,1262 959,1261 1028,1261 1096,1260 1165,1260 1234,1259 1303,1258 1372,1258 1441,1257 1510,1256 1579,1255 1648,1254 1717,1252"/>
                <TextEquiv>
                    <Unicode>Zwiesprache gehalten haben mit ihrem Geiste, der über allen</Unicode>
                </TextEquiv>
            </TextLine>
            <TextLine id="r1l19" custom="readingOrder {index:18;}">
                <Coords points="1752,1277 3044,1273 3138,1266 3138,1221 1752,1224"/>
                <Baseline points="1761,1267 1829,1267 1897,1266 1966,1266 2034,1265 2103,1265 2171,1265 2240,1264 2308,1264 2377,1264 2445,1264 2513,1264 2582,1264 2650,1264 2719,1264 2787,1263 2856,1263 2924,1263 2993,1262 3061,1262 3130,1261"/>
                <TextEquiv>
                    <Unicode>Fima Brüder Robitschek u. Ehrlich, deren Alleminhaber Herr</Unicode>
                </TextEquiv>
            </TextLine>
            <TextLine id="r1l20" custom="readingOrder {index:19;}">
                <Coords points="325,1312 1589,1318 1686,1301 1686,1262 325,1268"/>
                <Baseline points="334,1315 401,1313 468,1312 535,1311 602,1311 669,1310 736,1309 804,1309 871,1309 938,1308 1005,1308 1072,1308 1139,1307 1206,1307 1274,1306 1341,1305 1408,1304 1475,1303 1542,1302 1609,1300 1677,1299"/>
                <TextEquiv>
                    <Unicode>Wipfeln webt und bebt. Nun ruht er auch in ihrer Erde —</Unicode>
                </TextEquiv>
            </TextLine>
            <TextLine id="r1l21" custom="readingOrder {index:20;}">
                <Coords points="1747,1317 3137,1321 3097,1264 1747,1276"/>
                <Baseline points="1757,1309 1825,1311 1894,1311 1962,1312 2031,1312 2099,1312 2168,1311 2236,1311 2305,1310 2373,1310 2442,1309 2510,1308 2579,1308 2647,1307 2716,1306 2784,1306 2853,1305 2921,1305 2990,1305 3058,1305 3127,1305"/>
                <TextEquiv>
                    <Unicode>Hermann Ehrlich ist, mit einem Passivum von zirka 300.000 Kronen</Unicode>
                </TextEquiv>
            </TextLine>
            <TextLine id="r1l22" custom="readingOrder {index:21;}">
                <Coords points="1753,1364 3137,1353 3047,1304 1753,1316"/>
                <Baseline points="1762,1351 1830,1352 1898,1353 1966,1353 2035,1353 2103,1353 2171,1353 2240,1352 2308,1352 2376,1351 2445,1350 2513,1349 2581,1348 2649,1348 2718,1347 2786,1346 2854,1346 2923,1346 2991,1346 3059,1347 3128,1347"/>
                <TextEquiv>
                    <Unicode>in Konkurs. Es wurde gegen Herrn Hermann Ehrlich das Stajverfahren</Unicode>
                </TextEquiv>
            </TextLine>
            <TextLine id="r1l23" custom="readingOrder {index:22;}">
                <Coords points="324,1368 1726,1365 1702,1302 324,1327"/>
                <Baseline points="333,1359 402,1358 471,1357 540,1356 609,1355 679,1355 748,1354 817,1354 886,1354 955,1353 1025,1353 1094,1353 1163,1353 1232,1352 1301,1352 1371,1352 1440,1351 1509,1350 1578,1349 1647,1348 1717,1346"/>
                <TextEquiv>
                    <Unicode>seiner wahren Heimaterde! . .. Sein Wirken aber wird unvergessen</Unicode>
                </TextEquiv>
            </TextLine>
            <TextLine id="r1l24" custom="readingOrder {index:23;}">
                <Coords points="1746,1409 3144,1390 3133,1353 2845,1344 1745,1370"/>
                <Baseline points="1754,1394 1823,1394 1892,1395 1961,1395 2030,1395 2099,1395 2168,1394 2237,1394 2306,1394 2375,1393 2444,1393 2513,1392 2582,1391 2651,1391 2720,1390 2789,1389 2858,1389 2927,1388 2996,1387 3065,1386 3135,1385"/>
                <TextEquiv>
                    <Unicode>eingeleitet, dies umso mehr, als von verschiedenen Seiten Anzeigen über</Unicode>
                </TextEquiv>
            </TextLine>
            <TextLine id="r1l25" custom="readingOrder {index:24;}">
                <Coords points="321,1421 1721,1404 1674,1355 320,1368"/>
                <Baseline points="330,1406 399,1405 468,1404 537,1404 606,1403 675,1402 744,1402 813,1402 882,1401 951,1401 1020,1400 1089,1400 1158,1400 1227,1399 1296,1399 1365,1398 1434,1398 1503,1397 1572,1397 1641,1396 1711,1395"/>
                <TextEquiv>
                    <Unicode>bleiben! Die neue Zeit, der Saar so oft sinnend entgegenträumte,</Unicode>
                </TextEquiv>
            </TextLine>
            <TextLine id="r1l26" custom="readingOrder {index:25;}">
                <Coords points="1753,1441 3137,1426 3136,1391 2838,1382 1752,1405"/>
                <Baseline points="1762,1436 1830,1436 1898,1436 1966,1437 2035,1437 2103,1437 2171,1437 2240,1436 2308,1436 2376,1436 2445,1436 2513,1435 2581,1434 2649,1434 2718,1433 2786,1432 2854,1431 2923,1430 2991,1429 3059,1428 3128,1426"/>
                <TextEquiv>
                    <Unicode>angeblich unkorrektes Gebaren einliesen. Da sich jedoch diese Anzeigen als</Unicode>
                </TextEquiv>
            </TextLine>
            <TextLine id="r1l27" custom="readingOrder {index:26;}">
                <Coords points="324,1475 1678,1457 1722,1409 324,1420"/>
                <Baseline points="333,1454 402,1453 471,1452 540,1452 609,1451 678,1450 747,1449 816,1449 885,1448 954,1448 1023,1447 1092,1447 1161,1447 1230,1446 1299,1445 1368,1445 1437,1444 1506,1443 1575,1442 1644,1441 1714,1440"/>
                <TextEquiv>
                    <Unicode>wird kommen. Mehr und mehr wird das alte Wien, das er so sehr</Unicode>
                </TextEquiv>
            </TextLine>
            <TextLine id="r1l28" custom="readingOrder {index:27;}">
                <Coords points="1757,1483 2976,1485 3146,1475 3146,1443 1757,1449"/>
                <Baseline points="1766,1480 1834,1479 1903,1479 1971,1479 2040,1479 2108,1478 2177,1478 2245,1478 2314,1477 2382,1477 2451,1477 2520,1476 2588,1476 2657,1476 2725,1475 2794,1474 2862,1473 2931,1472 2999,1471 3068,1470 3137,1469"/>
                <TextEquiv>
                    <Unicode>unbegründet herausstellten, wurde die Untersuchung gegen Hermann</Unicode>
                </TextEquiv>
            </TextLine>
            <TextLine id="r1l29" custom="readingOrder {index:28;}">
                <Coords points="329,1519 1676,1510 1725,1467 329,1475"/>
                <Baseline points="337,1505 406,1503 475,1501 544,1500 613,1498 682,1497 751,1496 820,1495 889,1494 958,1494 1027,1493 1096,1493 1165,1493 1234,1492 1303,1492 1372,1492 1441,1491 1510,1491 1579,1491 1648,1490 1717,1489"/>
                <TextEquiv>
                    <Unicode>geliebt, dessen wehmütiger Sänger er gewesen, verschwinden. Stolzer,</Unicode>
                </TextEquiv>
            </TextLine>
            <TextLine id="r1l30" custom="readingOrder {index:29;}">
                <Coords points="1751,1533 2923,1513 3052,1548 3142,1528 3142,1482 1751,1486"/>
                <Baseline points="1760,1522 1828,1522 1897,1522 1965,1521 2034,1521 2103,1521 2171,1520 2240,1520 2309,1519 2377,1519 2446,1518 2515,1518 2583,1517 2652,1517 2721,1516 2789,1516 2858,1516 2927,1516 2995,1516 3064,1516 3133,1516"/>
                <TextEquiv>
                    <Unicode>Ehrlich, für den Dr. Viktor Rosenfeld als Verleidiger fungierte,</Unicode>
                </TextEquiv>
            </TextLine>
            <TextLine id="r1l31" custom="readingOrder {index:30;}">
                <Coords points="335,1548 1722,1556 1722,1498 334,1514"/>
                <Baseline points="343,1550 411,1549 480,1548 548,1547 617,1546 685,1545 754,1544 822,1543 891,1542 959,1541 1028,1540 1097,1539 1165,1539 1234,1538 1302,1537 1371,1537 1439,1536 1508,1535 1576,1535 1645,1535 1714,1534"/>
                <TextEquiv>
                    <Unicode>moderner, weltstädtischer wird sich die neue Stadt immer wieder</Unicode>
                </TextEquiv>
            </TextLine>
            <TextLine id="r1l32" custom="readingOrder {index:31;}">
                <Coords points="1743,1577 2784,1580 2851,1533 1743,1542"/>
                <Baseline points="1752,1563 1806,1563 1861,1563 1915,1563 1970,1563 2024,1563 2079,1563 2133,1563 2188,1562 2242,1562 2297,1562 2352,1562 2406,1561 2461,1561 2515,1560 2570,1560 2624,1559 2679,1559 2733,1558 2788,1557 2843,1556"/>
                <TextEquiv>
                    <Unicode>mangels jeglichen strafbaren Tatbestandes eingestellt.</Unicode>
                </TextEquiv>
            </TextLine>
            <TextLine id="r1l33" custom="readingOrder {index:32;}">
                <Coords points="321,1595 1686,1599 1726,1546 321,1582"/>
                <Baseline points="330,1596 399,1594 468,1593 538,1592 607,1591 676,1590 746,1589 815,1588 884,1588 954,1587 1023,1586 1092,1586 1162,1585 1231,1585 1300,1584 1370,1584 1439,1583 1508,1583 1578,1582 1647,1582 1717,1581"/>
                <TextEquiv>
                    <Unicode>ausbreiten und nur die besten Kostbarkeiten der Vergangenheit werden</Unicode>
                </TextEquiv>
            </TextLine>
            <TextLine id="r1l34" custom="readingOrder {index:33;}">
                <Coords points="326,1651 1728,1642 1727,1586 326,1619"/>
                <Baseline points="334,1644 403,1642 472,1641 541,1639 611,1638 680,1637 749,1636 818,1635 888,1634 957,1633 1026,1633 1095,1632 1165,1631 1234,1631 1303,1630 1372,1630 1442,1629 1511,1629 1580,1628 1649,1628 1719,1627"/>
                <TextEquiv>
                    <Unicode>einer späteren Zeit erhalten bleiben. Je mehr aber die alten Mauern</Unicode>
                </TextEquiv>
            </TextLine>
            <TextLine id="r1l35" custom="readingOrder {index:34;}">
                <Coords points="1906,1651 3058,1655 3143,1600 1906,1613"/>
                <Baseline points="1914,1643 1975,1643 2036,1642 2097,1642 2158,1642 2219,1642 2280,1641 2341,1641 2402,1640 2463,1640 2524,1639 2585,1639 2646,1638 2707,1638 2768,1637 2829,1637 2890,1637 2951,1636 3012,1636 3073,1636 3134,1636"/>
                <TextEquiv>
                    <Unicode>(Ein Prozeßz gegen die türkische Regierung.) Ein öster¬</Unicode>
                </TextEquiv>
            </TextLine>
            <TextLine id="r1l36" custom="readingOrder {index:35;}">
                <Coords points="321,1708 1662,1693 1727,1687 1727,1641 320,1651"/>
                <Baseline points="330,1690 399,1689 468,1688 538,1687 607,1686 677,1685 746,1685 816,1684 885,1683 955,1682 1024,1682 1093,1681 1163,1680 1232,1680 1302,1679 1371,1678 1441,1678 1510,1677 1580,1676 1649,1675 1719,1674"/>
                <TextEquiv>
                    <Unicode>fallen und stürzen, desto inniger, desto mehr von Poesie umflossen</Unicode>
                </TextEquiv>
            </TextLine>
            <TextLine id="r1l37" custom="readingOrder {index:36;}">
                <Coords points="1747,1685 3143,1700 3143,1637 1747,1655"/>
                <Baseline points="1755,1684 1827,1686 1900,1687 1972,1687 2045,1688 2117,1688 2190,1688 2263,1688 2335,1687 2408,1687 2480,1686 2553,1685 2625,1684 2698,1684 2771,1683 2843,1683 2916,1682 2988,1682 3061,1682 3134,1683"/>
                <TextEquiv>
                    <Unicode>reichischer Prozeß gegen die türtische Regierung, dessen Vorgeschichte auf</Unicode>
                </TextEquiv>
            </TextLine>
            <TextLine id="r1l38" custom="readingOrder {index:37;}">
                <Coords points="1753,1729 3023,1737 3140,1699 1752,1683"/>
                <Baseline points="1762,1726 1830,1727 1899,1728 1967,1728 2036,1728 2104,1729 2173,1729 2241,1729 2310,1729 2378,1728 2447,1728 2515,1728 2584,1727 2652,1727 2721,1727 2789,1726 2858,1726 2926,1725 2995,1725 3063,1725 3132,1724"/>
                <TextEquiv>
                    <Unicode>85 Jahre zurückgeht, wird demnächst zur Austragung gelangen. In Perzagno</Unicode>
                </TextEquiv>
            </TextLine>
            <TextLine id="r1l39" custom="readingOrder {index:38;}">
                <Coords points="314,1751 1683,1739 1731,1686 313,1711"/>
                <Baseline points="323,1736 396,1734 470,1733 543,1732 617,1731 691,1730 764,1730 838,1729 912,1728 985,1728 1059,1727 1132,1727 1206,1727 1280,1726 1353,1726 1427,1726 1501,1726 1574,1726 1648,1726 1722,1726"/>
                <TextEquiv>
                    <Unicode>wir die Vergangenheit emporsteigen. Denn wundersame Macht liegt</Unicode>
                </TextEquiv>
            </TextLine>
            <TextLine id="r1l40" custom="readingOrder {index:39;}">
                <Coords points="1757,1778 2971,1783 3155,1761 3155,1725 1757,1734"/>
                <Baseline points="1766,1770 1835,1770 1904,1770 1973,1770 2042,1770 2111,1770 2180,1770 2249,1770 2318,1769 2387,1769 2456,1768 2525,1768 2594,1767 2663,1767 2732,1766 2801,1766 2870,1765 2939,1765 3008,1765 3077,1765 3146,1764"/>
                <TextEquiv>
                    <Unicode>starb vor turzem der Kontreadmiral d. R. Markus Ritter v. Florio.</Unicode>
                </TextEquiv>
            </TextLine>
            <TextLine id="r1l41" custom="readingOrder {index:40;}">
                <Coords points="332,1774 1681,1784 1725,1734 332,1740"/>
                <Baseline points="342,1783 410,1781 479,1780 548,1779 616,1778 685,1777 754,1776 822,1775 891,1775 960,1775 1029,1774 1097,1774 1166,1774 1235,1774 1303,1773 1372,1773 1441,1772 1509,1772 1578,1771 1647,1770 1716,1768"/>
                <TextEquiv>
                    <Unicode>im Zauber des Einst! Als ein immer teureres Vermächinis wird</Unicode>
                </TextEquiv>
            </TextLine>
            <TextLine id="r1l42" custom="readingOrder {index:41;}">
                <Coords points="1754,1822 3149,1818 3148,1765 3060,1762 1754,1774"/>
                <Baseline points="1762,1811 1830,1811 1899,1811 1968,1811 2037,1811 2106,1811 2175,1810 2244,1810 2313,1810 2382,1810 2451,1810 2519,1809 2588,1809 2657,1809 2726,1808 2795,1808 2864,1807 2933,1807 3002,1806 3071,1806 3140,1805"/>
                <TextEquiv>
                    <Unicode>Er hatte von seinem Vater, dem Kavitän Lukas v. Florio, als Erbstück</Unicode>
                </TextEquiv>
            </TextLine>
            <TextLine id="r1l43" custom="readingOrder {index:42;}">
                <Coords points="334,1833 1734,1832 1734,1774 334,1780"/>
                <Baseline points="344,1834 413,1831 482,1829 551,1828 620,1826 689,1825 758,1824 827,1824 896,1823 965,1823 1035,1822 1104,1822 1173,1822 1242,1821 1311,1821 1380,1821 1449,1820 1518,1819 1587,1818 1656,1817 1726,1815"/>
                <TextEquiv>
                    <Unicode>das Wien des Fischer v. Erlach dem kommenden Geschlecht er¬</Unicode>
                </TextEquiv>
            </TextLine>
            <TextLine id="r1l44" custom="readingOrder {index:43;}">
                <Coords points="1745,1861 3158,1841 3007,1806 1745,1824"/>
                <Baseline points="1755,1854 1824,1854 1894,1853 1963,1853 2033,1853 2103,1853 2172,1852 2242,1852 2312,1851 2381,1851 2451,1851 2521,1850 2590,1850 2660,1849 2730,1849 2799,1849 2869,1849 2939,1849 3008,1849 3078,1849 3148,1849"/>
                <TextEquiv>
                    <Unicode>einen Prozeß übernommen, dessen Ausgang auch er, der Sohn, nicht mehr</Unicode>
                </TextEquiv>
            </TextLine>
            <TextLine id="r1l45" custom="readingOrder {index:44;}">
                <Coords points="335,1886 1731,1878 1731,1838 334,1833"/>
                <Baseline points="344,1880 412,1879 481,1878 550,1876 619,1875 688,1874 757,1873 826,1872 895,1871 964,1870 1033,1869 1101,1868 1170,1867 1239,1867 1308,1866 1377,1866 1446,1865 1515,1865 1584,1865 1653,1865 1722,1865"/>
                <TextEquiv>
                    <Unicode>scheinen, jene feine, edle, traumumsponnene Kultur des alten Wiener</Unicode>
                </TextEquiv>
            </TextLine>
            <TextLine id="r1l46" custom="readingOrder {index:45;}">
                <Coords points="1747,1894 2685,1915 3111,1898 3145,1852 1747,1874"/>
                <Baseline points="1755,1894 1824,1895 1893,1895 1962,1896 2031,1896 2100,1896 2169,1896 2238,1895 2307,1895 2376,1894 2445,1894 2514,1893 2583,1892 2652,1892 2721,1891 2790,1891 2859,1890 2928,1890 2997,1889 3066,1889 3135,1889"/>
                <TextEquiv>
                    <Unicode>erlebte und den jetzt seine Nichte Baronin Hartlieb weiterführt. De.</Unicode>
                </TextEquiv>
            </TextLine>
            <TextLine id="r1l47" custom="readingOrder {index:46;}">
                <Coords points="331,1932 1733,1912 1697,1870 331,1886"/>
                <Baseline points="340,1926 409,1924 478,1923 547,1922 616,1921 685,1920 754,1919 824,1919 893,1918 962,1917 1031,1916 1100,1916 1169,1915 1238,1915 1308,1914 1377,1914 1446,1913 1515,1913 1584,1913 1653,1912 1723,1912"/>
                <TextEquiv>
                    <Unicode>Barok und seiner Gärten, die Saar so sehr geliebt, so unvergänglich</Unicode>
                </TextEquiv>
            </TextLine>
            <TextLine id="r1l48" custom="readingOrder {index:47;}">
                <Coords points="1760,1944 3149,1929 3046,1890 1760,1901"/>
                <Baseline points="1768,1937 1836,1937 1905,1938 1973,1938 2042,1938 2111,1938 2179,1937 2248,1937 2316,1937 2385,1937 2454,1936 2522,1936 2591,1936 2659,1935 2728,1935 2797,1935 2865,1935 2934,1934 3002,1934 3071,1934 3140,1934"/>
                <TextEquiv>
                    <Unicode>Sachverhalt ist folgender: Am 21. Juli 1821 lier von Venedig das</Unicode>
                </TextEquiv>
            </TextLine>
            <TextLine id="r1l49" custom="readingOrder {index:48;}">
                <Coords points="323,1995 1735,1963 1734,1912 322,1936"/>
                <Baseline points="331,1970 400,1969 470,1969 540,1968 610,1967 679,1967 749,1966 819,1966 889,1965 958,1964 1028,1964 1098,1963 1168,1963 1237,1962 1307,1961 1377,1961 1447,1960 1516,1960 1586,1959 1656,1959 1726,1958"/>
                <TextEquiv>
                    <Unicode>besungen . .. Dann werden auch des Dichters Werke ihren stärksten</Unicode>
                </TextEquiv>
            </TextLine>
            <TextLine id="r1l50" custom="readingOrder {index:49;}">
                <Coords points="1753,1982 3153,1998 3152,1927 1753,1950"/>
                <Baseline points="1762,1980 1831,1981 1900,1981 1969,1982 2038,1982 2107,1982 2176,1981 2245,1981 2314,1980 2383,1979 2453,1978 2522,1977 2591,1976 2660,1976 2729,1975 2798,1974 2867,1974 2936,1973 3005,1973 3074,1974 3144,1974"/>
                <TextEquiv>
                    <Unicode>Bartschiff „Ovidio“, dessen Eigentümer und Kommandant Kapitän Lukas</Unicode>
                </TextEquiv>
            </TextLine>
            <TextLine id="r1l51" custom="readingOrder {index:50;}">
                <Coords points="338,2033 1727,2017 1727,1964 338,1982"/>
                <Baseline points="347,2018 415,2017 484,2016 552,2015 621,2014 689,2014 758,2013 826,2012 895,2012 963,2011 1032,2010 1101,2010 1169,2009 1238,2009 1306,2008 1375,2008 1443,2007 1512,2007 1580,2006 1649,2006 1718,2005"/>
                <TextEquiv>
                    <Unicode>Zauber ausstrahlen, den seinen Duft ihrer echten Wiener Art!</Unicode>
                </TextEquiv>
            </TextLine>
            <TextLine id="r1l52" custom="readingOrder {index:51;}">
                <Coords points="1752,2036 3153,2021 3005,1974 1752,1990"/>
                <Baseline points="1761,2025 1830,2025 1899,2025 1968,2025 2037,2025 2106,2024 2175,2024 2245,2023 2314,2022 2383,2021 2452,2020 2521,2020 2590,2019 2659,2019 2729,2018 2798,2018 2867,2018 2936,2019 3005,2020 3074,2021 3144,2022"/>
                <TextEquiv>
                    <Unicode>Florio, Vater des eben verstorbenen Admirals war, mit einer Ladung</Unicode>
                </TextEquiv>
            </TextLine>
            <TextLine id="r1l53" custom="readingOrder {index:52;}">
                <Coords points="325,2071 1727,2055 1727,2019 1619,2008 325,2011"/>
                <Baseline points="335,2062 404,2062 473,2062 542,2061 611,2060 680,2060 749,2059 819,2058 888,2058 957,2057 1026,2056 1095,2056 1164,2055 1233,2054 1303,2054 1372,2054 1441,2053 1510,2053 1579,2053 1648,2053 1718,2054"/>
                <TextEquiv>
                    <Unicode>Vielleicht wird dann auch ein neues Geschlecht kommen, ein Geschlecht</Unicode>
                </TextEquiv>
            </TextLine>
            <TextLine id="r1l54" custom="readingOrder {index:53;}">
                <Coords points="1749,2079 3140,2080 3152,2032 1749,2035"/>
                <Baseline points="1757,2067 1826,2067 1895,2067 1965,2066 2034,2066 2103,2066 2173,2066 2242,2065 2311,2065 2381,2065 2450,2064 2519,2064 2589,2064 2658,2063 2727,2063 2797,2063 2866,2062 2935,2062 3005,2062 3074,2061 3144,2061"/>
                <TextEquiv>
                    <Unicode>leerer Fässer nach Mytilene aus. Auf der Höhe von Andros Oros</Unicode>
                </TextEquiv>
            </TextLine>
            <TextLine id="r1l55" custom="readingOrder {index:54;}">
                <Coords points="1750,2116 3155,2098 3008,2061 1750,2078"/>
                <Baseline points="1759,2107 1828,2107 1897,2107 1967,2107 2036,2107 2105,2107 2175,2106 2244,2106 2313,2106 2383,2106 2452,2105 2521,2105 2591,2105 2660,2104 2729,2104 2799,2103 2868,2102 2937,2102 3007,2101 3076,2101 3146,2100"/>
                <TextEquiv>
                    <Unicode>wurde das Barkschiff von einer türkischen Fregatte angehalten, ein Offizier</Unicode>
                </TextEquiv>
            </TextLine>
            <TextLine id="r1l56" custom="readingOrder {index:55;}">
                <Coords points="338,2113 1643,2119 1729,2109 1729,2072 338,2081"/>
                <Baseline points="346,2110 414,2110 483,2109 552,2109 620,2108 689,2107 758,2107 826,2106 895,2105 964,2104 1033,2104 1101,2103 1170,2102 1239,2102 1307,2101 1376,2101 1445,2101 1513,2101 1582,2101 1651,2101 1720,2102"/>
                <TextEquiv>
                    <Unicode>mit „weniger Geist und mehr Haltung“, wie es Artur Schnitzler,</Unicode>
                </TextEquiv>
            </TextLine>
            <TextLine id="r1l57" custom="readingOrder {index:56;}">
                <Coords points="1749,2159 3078,2160 3159,2112 1749,2117"/>
                <Baseline points="1757,2151 1826,2151 1896,2150 1965,2150 2035,2149 2105,2149 2174,2149 2244,2148 2314,2148 2383,2148 2453,2148 2523,2148 2592,2148 2662,2147 2732,2147 2801,2147 2871,2146 2941,2146 3010,2145 3080,2144 3150,2143"/>
                <TextEquiv>
                    <Unicode>mit zwanzig türtischen Soldaten kam an Bord und erklärte, die Schiffs¬</Unicode>
                </TextEquiv>
            </TextLine>
            <TextLine id="r1l58" custom="readingOrder {index:57;}">
                <Coords points="339,2162 1728,2148 1516,2103 339,2114"/>
                <Baseline points="348,2159 416,2158 485,2158 553,2157 622,2157 691,2156 759,2155 828,2155 896,2154 965,2153 1034,2153 1102,2152 1171,2151 1239,2150 1308,2150 1377,2149 1445,2148 1514,2148 1582,2147 1651,2147 1720,2146"/>
                <TextEquiv>
                    <Unicode>der Beste der jüngeren Gencration, ahnend verkündet! Und dann</Unicode>
                </TextEquiv>
            </TextLine>
            <TextLine id="r1l59" custom="readingOrder {index:58;}">
                <Coords points="1761,2207 3161,2192 3104,2148 1761,2158"/>
                <Baseline points="1769,2194 1838,2193 1907,2193 1976,2192 2045,2192 2114,2191 2183,2191 2253,2190 2322,2190 2391,2190 2460,2190 2529,2189 2598,2189 2667,2189 2737,2189 2806,2189 2875,2189 2944,2189 3013,2189 3082,2189 3152,2189"/>
                <TextEquiv>
                    <Unicode>papiere für gefälscht, obwohl sie vollkommen in Ordnung waren. In Chios</Unicode>
                </TextEquiv>
            </TextLine>
            <TextLine id="r1l60" custom="readingOrder {index:59;}">
                <Coords points="338,2210 1711,2210 1730,2157 337,2173"/>
                <Baseline points="346,2205 414,2204 483,2204 552,2203 621,2203 689,2202 758,2202 827,2201 896,2201 964,2200 1033,2200 1102,2199 1171,2199 1239,2198 1308,2198 1377,2197 1446,2196 1514,2196 1583,2195 1652,2194 1721,2193"/>
                <TextEquiv>
                    <Unicode>wird vielleicht wieder einmal ein junger Poet, blond und blauäugig</Unicode>
                </TextEquiv>
            </TextLine>
            <TextLine id="r1l61" custom="readingOrder {index:60;}">
                <Coords points="1759,2241 3052,2246 3154,2201 1759,2207"/>
                <Baseline points="1769,2235 1837,2235 1906,2235 1975,2234 2044,2234 2113,2234 2182,2233 2250,2233 2319,2233 2388,2232 2457,2232 2526,2232 2595,2232 2664,2231 2732,2231 2801,2231 2870,2230 2939,2230 3008,2230 3077,2230 3146,2229"/>
                <TextEquiv>
                    <Unicode>wurde Florio dem Gouverneur vorgefährt, der das Schiff als „gute</Unicode>
                </TextEquiv>
            </TextLine>
            <TextLine id="r1l62" custom="readingOrder {index:61;}">
                <Coords points="400,2249 1733,2257 1732,2215 1633,2198 399,2214"/>
                <Baseline points="408,2250 473,2250 539,2249 605,2248 671,2248 736,2247 802,2247 868,2246 934,2246 999,2246 1065,2245 1131,2245 1197,2245 1262,2244 1328,2244 1394,2244 1460,2243 1525,2242 1591,2241 1657,2240 1723,2239"/>
                <TextEquiv>
                    <Unicode>wie einst der junge Saar — dieselbe Straße ziehen, den Berg</Unicode>
                </TextEquiv>
            </TextLine>
            <TextLine id="r1l63" custom="readingOrder {index:62;}">
                <Coords points="1748,2286 3155,2272 3137,2229 1747,2248"/>
                <Baseline points="1757,2279 1826,2278 1895,2278 1965,2277 2034,2277 2104,2276 2173,2276 2243,2276 2312,2275 2382,2275 2451,2275 2520,2274 2590,2274 2659,2274 2729,2273 2798,2273 2868,2272 2937,2272 3007,2271 3076,2270 3146,2269"/>
                <TextEquiv>
                    <Unicode>Prise“ und den Kapitän nebst der ganzen Besatzung des „Ovidio“ als</Unicode>
                </TextEquiv>
            </TextLine>
            <TextLine id="r1l64" custom="readingOrder {index:63;}">
                <Coords points="340,2313 1734,2299 1688,2246 340,2253"/>
                <Baseline points="349,2298 417,2298 486,2297 555,2296 624,2296 693,2296 761,2295 830,2295 899,2294 968,2294 1037,2294 1105,2293 1174,2293 1243,2293 1312,2292 1381,2292 1449,2291 1518,2291 1587,2290 1656,2289 1725,2288"/>
                <TextEquiv>
                    <Unicode>hinauf, an dem Döblinger Kirchhof vorbei, und den Hut ziehend,</Unicode>
                </TextEquiv>
            </TextLine>
            <TextLine id="r1l65" custom="readingOrder {index:64;}">
                <Coords points="1761,2333 3147,2313 3053,2268 1761,2287"/>
                <Baseline points="1769,2321 1837,2321 1905,2321 1974,2321 2042,2321 2111,2320 2179,2320 2247,2320 2316,2319 2384,2319 2453,2318 2521,2318 2589,2317 2658,2317 2726,2316 2795,2316 2863,2315 2931,2315 3000,2314 3068,2314 3137,2313"/>
                <TextEquiv>
                    <Unicode>seine Gefangenen erklärte. Erst nach fünf Monaten wurde Florio</Unicode>
                </TextEquiv>
            </TextLine>
            <TextLine id="r1l66" custom="readingOrder {index:65;}">
                <Coords points="344,2360 1613,2353 1729,2345 1729,2299 343,2315"/>
                <Baseline points="353,2345 421,2344 489,2343 558,2343 626,2342 695,2342 763,2342 831,2341 900,2341 968,2341 1037,2341 1105,2340 1173,2340 1242,2340 1310,2340 1379,2339 1447,2339 1515,2338 1584,2337 1652,2336 1721,2335"/>
                <TextEquiv>
                    <Unicode>mit hellen Augen vom grünen Kahlenberge seinen zukunftsfrohen</Unicode>
                </TextEquiv>
            </TextLine>
            <TextLine id="r1l67" custom="readingOrder {index:66;}">
                <Coords points="1753,2372 3008,2375 3151,2339 1752,2333"/>
                <Baseline points="1761,2364 1830,2364 1899,2365 1968,2364 2037,2364 2106,2364 2175,2363 2244,2363 2313,2362 2382,2361 2451,2360 2520,2360 2589,2359 2658,2358 2727,2358 2796,2357 2865,2357 2934,2357 3003,2357 3072,2357 3142,2357"/>
                <TextEquiv>
                    <Unicode>und dessen Leute auf Intervention des Konsuls in Chios wieder frei¬</Unicode>
                </TextEquiv>
            </TextLine>
            <TextLine id="r1l68" custom="readingOrder {index:67;}">
                <Coords points="341,2389 1674,2409 1737,2393 1737,2336 341,2359"/>
                <Baseline points="350,2391 418,2391 487,2392 556,2391 625,2391 694,2391 763,2390 832,2389 901,2388 970,2387 1039,2387 1107,2386 1176,2385 1245,2385 1314,2384 1383,2384 1452,2384 1521,2384 1590,2385 1659,2385 1728,2387"/>
                <TextEquiv>
                    <Unicode>Gruß hinübersenden in die schweigende Vergangenheit, zu dem</Unicode>
                </TextEquiv>
            </TextLine>
            <TextLine id="r1l69" custom="readingOrder {index:68;}">
                <Coords points="1760,2416 3158,2391 2906,2357 1759,2374"/>
                <Baseline points="1769,2407 1841,2406 1914,2406 1986,2405 2059,2405 2131,2404 2204,2404 2277,2403 2349,2403 2422,2402 2494,2402 2567,2401 2639,2400 2712,2400 2785,2400 2857,2399 2930,2399 3002,2398 3075,2398 3148,2397"/>
                <TextEquiv>
                    <Unicode>gelassen und die Pforte verpflichtete sich zu einer Entschädigung von</Unicode>
                </TextEquiv>
            </TextLine>
            <TextLine id="r1l70" custom="readingOrder {index:69;}">
                <Coords points="340,2445 1653,2443 1522,2384 340,2399"/>
                <Baseline points="349,2440 413,2439 478,2439 543,2439 608,2438 672,2438 737,2437 802,2437 867,2437 931,2436 996,2436 1061,2436 1126,2436 1190,2435 1255,2435 1320,2435 1385,2435 1449,2435 1514,2435 1579,2435 1644,2435"/>
                <TextEquiv>
                    <Unicode>teuren Dichter, der dort ruht, unserem lieben, alten Saar!...</Unicode>
                </TextEquiv>
            </TextLine>
            <TextLine id="r1l71" custom="readingOrder {index:70;}">
                <Coords points="1743,2457 3152,2451 3134,2398 1743,2421"/>
                <Baseline points="1751,2452 1820,2451 1890,2450 1959,2449 2029,2448 2099,2447 2168,2446 2238,2445 2307,2444 2377,2444 2447,2443 2516,2443 2586,2443 2655,2443 2725,2443 2795,2443 2864,2443 2934,2444 3003,2444 3073,2445 3143,2446"/>
                <TextEquiv>
                    <Unicode>10.000 fürkischen Pfund; in der Zwischenzeit war aber das Barkschiff</Unicode>
                </TextEquiv>
            </TextLine>
            <TextLine id="r1l72" custom="readingOrder {index:71;}">
                <Coords points="1764,2507 3109,2506 3157,2458 1764,2470"/>
                <Baseline points="1773,2492 1841,2492 1910,2491 1979,2490 2048,2490 2116,2489 2185,2489 2254,2489 2323,2488 2391,2488 2460,2488 2529,2487 2598,2487 2666,2487 2735,2487 2804,2487 2873,2487 2941,2487 3010,2487 3079,2487 3148,2487"/>
                <TextEquiv>
                    <Unicode>„Ovidio“ gänzlich unbrauchbar geworden. Kapitän Florio gab sich aber</Unicode>
                </TextEquiv>
            </TextLine>
            <TextLine id="r1l73" custom="readingOrder {index:72;}">
                <Coords points="1765,2540 3073,2541 3172,2486 1765,2508"/>
                <Baseline points="1774,2534 1843,2533 1912,2533 1982,2532 2051,2531 2121,2531 2190,2530 2259,2530 2329,2530 2398,2530 2468,2530 2537,2530 2606,2530 2676,2530 2745,2530 2815,2530 2884,2530 2953,2529 3023,2529 3092,2528 3162,2527"/>
                <TextEquiv>
                    <Unicode>mit der ihm angebotenen Schadloshaltung nicht zufrieden und erhe2</Unicode>
                </TextEquiv>
            </TextLine>
            <TextLine id="r1l74" custom="readingOrder {index:73;}">
                <Coords points="685,2567 852,2542 936,2559 991,2543 1073,2575 1255,2553 1313,2569 1387,2543 1387,2511 1224,2479 1072,2508 1025,2487 947,2510 754,2491 685,2519"/>
                <Baseline points="695,2543 729,2544 763,2545 797,2545 831,2545 866,2546 900,2546 934,2546 968,2546 1002,2546 1037,2546 1071,2546 1105,2545 1139,2545 1173,2545 1208,2545 1242,2544 1276,2544 1310,2544 1344,2543 1379,2543"/>
                <TextEquiv>
                    <Unicode>Aus dem Gerichtssaale.</Unicode>
                </TextEquiv>
            </TextLine>
            <TextLine id="r1l75" custom="readingOrder {index:74;}">
                <Coords points="1760,2589 3129,2593 3170,2524 1759,2541"/>
                <Baseline points="1768,2576 1837,2576 1907,2576 1977,2575 2046,2575 2116,2575 2186,2575 2255,2574 2325,2574 2395,2574 2465,2573 2534,2573 2604,2573 2674,2573 2743,2573 2813,2573 2883,2573 2952,2573 3022,2573 3092,2573 3162,2574"/>
                <TextEquiv>
                    <Unicode>dagegen Einspruch, ohne jedoch zum Ziele zu gelangen. Ebensowen##</Unicode>
                </TextEquiv>
            </TextLine>
            <TextLine id="r1l76" custom="readingOrder {index:75;}">
                <Coords points="1343,2606 1405,2613 1420,2601 1453,2603 1488,2617 1504,2605 1540,2614 1579,2602 1601,2614 1713,2597 1713,2567 1690,2571 1660,2553 1570,2566 1540,2554 1492,2568 1397,2551 1344,2570"/>
                <Baseline points="1353,2596 1378,2595 1403,2595 1428,2595 1453,2595 1478,2596 1503,2596 1529,2596 1554,2597 1579,2597 1604,2597 1629,2597 1654,2597 1679,2597 1705,2596"/>
                <TextEquiv>
                    <Unicode>Wien, 29. Juli.</Unicode>
                </TextEquiv>
            </TextLine>
            <TextLine id="r1l77" custom="readingOrder {index:76;}">
                <Coords points="1755,2633 3150,2635 3174,2576 1755,2587"/>
                <Baseline points="1763,2623 1833,2621 1903,2620 1973,2619 2043,2618 2113,2617 2183,2616 2253,2616 2323,2615 2393,2615 2464,2615 2534,2614 2604,2614 2674,2614 2744,2614 2814,2614 2884,2614 2954,2615 3024,2615 3094,2615 3165,2615"/>
                <TextEquiv>
                    <Unicode>gelangte sein Sohn, der jetzt verstorbene Admiral, zum Ziele. Der Prozeß</Unicode>
                </TextEquiv>
            </TextLine>
            <TextLine id="r1l78" custom="readingOrder {index:77;}">
                <Coords points="521,2659 1711,2661 1737,2599 521,2625"/>
                <Baseline points="530,2652 589,2652 649,2651 709,2651 769,2651 829,2650 889,2650 949,2650 1009,2649 1069,2649 1129,2649 1188,2649 1248,2648 1308,2648 1368,2648 1428,2647 1488,2647 1548,2646 1608,2646 1668,2645 1728,2644"/>
                <TextEquiv>
                    <Unicode>(Alle Neun — am Schnürchen.) In einem Hernalser Gast¬</Unicode>
                </TextEquiv>
            </TextLine>
            <TextLine id="r1l79" custom="readingOrder {index:78;}">
                <Coords points="1764,2668 3170,2667 3169,2628 2904,2611 1764,2635"/>
                <Baseline points="1774,2661 1843,2661 1912,2660 1981,2660 2051,2659 2120,2659 2189,2658 2259,2657 2328,2656 2397,2656 2467,2655 2536,2655 2605,2655 2674,2654 2744,2654 2813,2655 2882,2655 2952,2656 3021,2657 3090,2658 3160,2659"/>
                <TextEquiv>
                    <Unicode>wird nun, wie erwähnt, von dessen Nichte Baronin Hartlieb übernommen¬:</Unicode>
                </TextEquiv>
            </TextLine>
            <TextLine id="r1l80" custom="readingOrder {index:79;}">
                <Coords points="342,2714 1738,2708 1738,2657 342,2658"/>
                <Baseline points="351,2705 419,2704 488,2703 557,2702 626,2701 695,2701 764,2700 833,2700 902,2700 971,2699 1040,2699 1108,2699 1177,2698 1246,2698 1315,2698 1384,2697 1453,2697 1522,2696 1591,2695 1660,2694 1729,2693"/>
                <TextEquiv>
                    <Unicode>hausgarten veranstaltete kürzlich eine Stammgesellschaft das sogenannte</Unicode>
                </TextEquiv>
            </TextLine>
            <TextLine id="r1l81" custom="readingOrder {index:80;}">
                <Coords points="1756,2717 3163,2704 3125,2660 2887,2651 1756,2662"/>
                <Baseline points="1765,2705 1834,2705 1903,2705 1973,2705 2042,2704 2112,2704 2181,2703 2251,2703 2320,2702 2390,2702 2459,2701 2528,2700 2598,2700 2667,2699 2737,2699 2806,2699 2876,2698 2945,2698 3015,2698 3084,2699 3154,2699"/>
                <TextEquiv>
                    <Unicode>die sich auf den türkischen Schuldschein aus dem Jahre 1823 stützt, des</Unicode>
                </TextEquiv>
            </TextLine>
            <TextLine id="r1l82" custom="readingOrder {index:81;}">
                <Coords points="1751,2754 3115,2752 3175,2708 1751,2717"/>
                <Baseline points="1759,2748 1829,2747 1899,2746 1970,2745 2040,2745 2111,2744 2181,2744 2251,2743 2322,2743 2392,2743 2463,2743 2533,2742 2603,2742 2674,2742 2744,2741 2815,2741 2885,2740 2955,2739 3026,2738 3096,2737 3167,2736"/>
                <TextEquiv>
                    <Unicode>im Jahre 1853 von der türkischen Regierung dem österreichischen Konst#</Unicode>
                </TextEquiv>
            </TextLine>
            <TextLine id="r1l83" custom="readingOrder {index:82;}">
                <Coords points="339,2755 1734,2759 1689,2697 339,2710"/>
                <Baseline points="348,2751 416,2751 485,2750 554,2750 623,2750 692,2750 761,2749 829,2749 898,2749 967,2748 1036,2748 1105,2748 1174,2747 1243,2746 1311,2745 1380,2745 1449,2744 1518,2742 1587,2741 1656,2740 1725,2738"/>
                <TextEquiv>
                    <Unicode>Bestschieben mit namhaften Einsätzen. Der Gewinn sollte jenem Spieler</Unicode>
                </TextEquiv>
            </TextLine>
            <TextLine id="r1l84" custom="readingOrder {index:83;}">
                <Coords points="1767,2800 3149,2804 3179,2751 1767,2758"/>
                <Baseline points="1775,2790 1844,2789 1914,2789 1984,2789 2054,2788 2124,2788 2193,2787 2263,2787 2333,2787 2403,2786 2473,2786 2542,2786 2612,2786 2682,2786 2752,2785 2822,2785 2891,2785 2961,2785 3031,2785 3101,2785 3171,2785"/>
                <TextEquiv>
                    <Unicode>gegenüber anerkannt wurde. Das Ministerium des Aeußern hat die</Unicode>
                </TextEquiv>
            </TextLine>
            <TextLine id="r1l85" custom="readingOrder {index:84;}">
                <Coords points="336,2814 1738,2799 1711,2748 335,2747"/>
                <Baseline points="345,2801 414,2800 483,2799 552,2798 621,2797 691,2797 760,2796 829,2796 898,2796 967,2796 1037,2795 1106,2795 1175,2794 1244,2794 1313,2793 1383,2792 1452,2791 1521,2790 1590,2788 1659,2786 1729,2784"/>
                <TextEquiv>
                    <Unicode>zugesprochen werden, der auf einen Schub die meisten Kegel umwarf.</Unicode>
                </TextEquiv>
            </TextLine>
            <TextLine id="r1l86" custom="readingOrder {index:85;}">
                <Coords points="1759,2840 3185,2857 3185,2802 3054,2780 1759,2795"/>
                <Baseline points="1768,2831 1838,2832 1908,2832 1979,2832 2049,2832 2120,2832 2190,2831 2260,2831 2331,2830 2401,2829 2472,2829 2542,2828 2612,2828 2683,2827 2753,2827 2824,2827 2894,2828 2964,2829 3035,2830 3105,2831 3176,2833"/>
                <TextEquiv>
                    <Unicode>Erlaubnis erteilt, den Prozeß wieder aufzunehmen, beziehungsweise ###</Unicode>
                </TextEquiv>
            </TextLine>
            <TextLine id="r1l87" custom="readingOrder {index:86;}">
                <Coords points="326,2859 1667,2853 1743,2803 326,2818"/>
                <Baseline points="335,2847 405,2846 475,2845 545,2844 615,2844 685,2843 755,2843 825,2842 895,2842 965,2841 1035,2841 1105,2840 1175,2840 1245,2839 1315,2839 1385,2838 1455,2837 1525,2837 1595,2836 1665,2835 1735,2833"/>
                <TextEquiv>
                    <Unicode>Zum höchsten Erstaunen der Spieler machte der Schirmmacher Johann</Unicode>
                </TextEquiv>
            </TextLine>
            <TextLine id="r1l88" custom="readingOrder {index:87;}">
                <Coords points="1758,2887 1854,2886 1866,2877 1877,2888 2084,2881 2084,2845 2047,2840 2015,2845 1969,2830 1877,2849 1759,2839"/>
                <Baseline points="1768,2871 1793,2872 1819,2873 1844,2873 1870,2873 1895,2874 1921,2874 1946,2874 1972,2874 1997,2874 2023,2874 2048,2874 2074,2874"/>
                <TextEquiv>
                    <Unicode>Ende zu führen.</Unicode>
                </TextEquiv>
            </TextLine>
            <TextLine id="r1l89" custom="readingOrder {index:88;}">
                <Coords points="342,2900 1707,2904 1733,2842 342,2862"/>
                <Baseline points="352,2892 420,2891 489,2890 557,2889 626,2889 695,2889 763,2888 832,2888 901,2888 969,2888 1038,2888 1107,2888 1175,2888 1244,2888 1313,2888 1381,2887 1450,2886 1519,2885 1587,2884 1656,2882 1725,2880"/>
                <TextEquiv>
                    <Unicode>Baumann, der nicht gerade eine geschickte Hand bewies, „alle Neunt.</Unicode>
                </TextEquiv>
            </TextLine>
            <TextLine id="r1l90" custom="readingOrder {index:89;}">
                <Coords points="332,2958 1698,2946 1744,2903 331,2904"/>
                <Baseline points="341,2938 410,2938 480,2937 550,2936 619,2936 689,2935 759,2934 828,2934 898,2933 968,2932 1038,2932 1107,2931 1177,2931 1247,2930 1316,2930 1386,2930 1456,2930 1525,2930 1595,2930 1665,2930 1735,2931"/>
                <TextEquiv>
                    <Unicode>Pflichtgemäß schrie der Kegelbub das unerwarteie Resultat aus. Einige</Unicode>
                </TextEquiv>
            </TextLine>
            <TextLine id="r1l91" custom="readingOrder {index:90;}">
                <Coords points="3072,2969 3095,2968 3114,2948 3127,2951 3160,2930 3176,2939 3185,2938 3183,2889 3171,2891 3162,2884 3155,2888 3149,2883 3132,2885 3121,2877 3105,2883 3070,2879"/>
                <Baseline points="3080,2942 3111,2941 3143,2940 3175,2939"/>
                <TextEquiv>
                    <Unicode></Unicode>
                </TextEquiv>
            </TextLine>
            <TextLine id="r1l92" custom="readingOrder {index:91;}">
                <Coords points="1882,2985 2971,2989 3033,2962 3033,2916 1882,2937"/>
                <Baseline points="1891,2972 1947,2972 2004,2973 2060,2973 2117,2973 2174,2973 2230,2973 2287,2973 2344,2973 2400,2972 2457,2972 2514,2972 2570,2972 2627,2971 2684,2971 2740,2970 2797,2970 2854,2969 2910,2969 2967,2969 3024,2968"/>
                <TextEquiv>
                    <Unicode>Internationaler telegraphischer Weiterbericht</Unicode>
                </TextEquiv>
            </TextLine>
            <TextLine id="r1l93" custom="readingOrder {index:92;}">
                <Coords points="331,2993 1749,2980 1736,2932 331,2961"/>
                <Baseline points="339,2989 409,2987 479,2985 549,2984 619,2982 689,2981 759,2980 829,2979 899,2978 969,2977 1039,2977 1109,2976 1179,2976 1249,2975 1319,2975 1389,2975 1459,2974 1529,2974 1599,2974 1669,2973 1739,2973"/>
                <TextEquiv>
                    <Unicode>ungläubige Pariner, die absolut nicht an die Meisterschaft Baumanns</Unicode>
                </TextEquiv>
            </TextLine>
            <TextLine id="r1l94" custom="readingOrder {index:93;}">
                <Coords points="1351,3027 1511,3041 1535,3026 1564,3038 1611,3016 1680,3038 1742,3025 1741,2981 1724,2976 1704,2990 1639,2979 1616,2992 1524,2977 1473,2996 1384,2979 1351,2996"/>
                <Baseline points="1361,3021 1387,3022 1414,3023 1440,3023 1467,3023 1493,3023 1520,3022 1547,3021 1573,3021 1600,3020 1626,3019 1653,3019 1679,3018 1706,3018 1733,3019"/>
                <TextEquiv>
                    <Unicode>die „toten“ Kegel</Unicode>
                </TextEquiv>
            </TextLine>
            <TextLine id="r1l95" custom="readingOrder {index:94;}">
                <Coords points="326,3050 1270,3028 1269,2984 1196,2980 325,2994"/>
                <Baseline points="335,3039 381,3035 427,3033 473,3031 520,3029 566,3027 612,3026 659,3026 705,3025 751,3025 798,3025 844,3025 890,3025 936,3025 983,3024 1029,3024 1075,3024 1122,3023 1168,3022 1214,3021 1261,3020"/>
                <TextEquiv>
                    <Unicode>Eglauben wollten, eilten zum Kegelstand und siehe</Unicode>
                </TextEquiv>
            </TextLine>
            <TextLine id="r1l96" custom="readingOrder {index:95;}">
                <Coords points="1793,3035 3149,3032 3039,2977 1793,2993"/>
                <Baseline points="1802,3036 1868,3035 1935,3035 2002,3035 2069,3034 2136,3034 2203,3034 2270,3033 2337,3033 2404,3033 2471,3033 2537,3033 2604,3033 2671,3032 2738,3032 2805,3032 2872,3032 2939,3031 3006,3031 3073,3030 3140,3030"/>
                <TextEquiv>
                    <Unicode>der Zentralanstalt für Meteorologie in Wien am 28. Juli, 7 Uhr morgens.</Unicode>
                </TextEquiv>
            </TextLine>
            <TextLine id="r1l97" custom="readingOrder {index:96;}">
                <Coords points="331,3082 1669,3086 1741,3078 1741,3027 330,3052"/>
                <Baseline points="340,3080 409,3079 479,3078 548,3077 618,3077 688,3076 757,3076 827,3075 896,3075 966,3074 1036,3074 1105,3073 1175,3073 1244,3072 1314,3072 1384,3071 1453,3070 1523,3069 1592,3068 1662,3068 1732,3066"/>
                <TextEquiv>
                    <Unicode>lagen alle an Schnürchen befestigt, deren Enden vom Kegeljungen</Unicode>
                </TextEquiv>
            </TextLine>
            <TextLine id="r1l98" custom="readingOrder {index:97;}">
                <Coords points="3033,3107 3071,3111 3091,3097 3119,3104 3123,3098 3139,3098 3150,3089 3167,3090 3159,3036 3147,3039 3135,3034 3131,3038 3111,3028 3095,3049 3086,3052 3025,3048"/>
                <Baseline points="3042,3102 3071,3101 3100,3095 3129,3089 3158,3090"/>
                <TextEquiv>
                    <Unicode>.</Unicode>
                </TextEquiv>
            </TextLine>
            <TextLine id="r1l99" custom="readingOrder {index:98;}">
                <Coords points="344,3132 1735,3122 1641,3072 344,3084"/>
                <Baseline points="353,3122 421,3123 490,3123 559,3123 627,3123 696,3122 765,3122 833,3122 902,3121 971,3121 1040,3120 1108,3119 1177,3118 1246,3118 1314,3117 1383,3117 1452,3116 1520,3116 1589,3116 1658,3116 1727,3116"/>
                <TextEquiv>
                    <Unicode>marionettenartig gehandhabt werden konnten. Das war des Rätsels Lölung,</Unicode>
                </TextEquiv>
            </TextLine>
            <TextLine id="r1l100" custom="readingOrder {index:99;}">
                <Coords points="2147,3142 2162,3146 2191,3139 2206,3148 2235,3148 2246,3140 2255,3140 2256,3114 2212,3109 2191,3086 2170,3087 2162,3091 2150,3089"/>
                <Baseline points="2156,3131 2186,3134 2216,3136 2246,3137"/>
                <TextEquiv>
                    <Unicode>52</Unicode>
                </TextEquiv>
            </TextLine>
            <TextLine id="r1l101" custom="readingOrder {index:100;}">
                <Coords points="2342,3139 2351,3139 2365,3125 2370,3125 2374,3128 2386,3128 2386,3081 2377,3081 2374,3084 2365,3081 2358,3086 2353,3083 2342,3084"/>
                <Baseline points="2350,3137 2378,3137"/>
                <TextEquiv>
                    <Unicode>55</Unicode>
                </TextEquiv>
            </TextLine>
            <TextLine id="r1l102" custom="readingOrder {index:101;}">
                <Coords points="2016,3175 2026,3173 2034,3179 2043,3180 2061,3156 2086,3158 2104,3155 2095,3096 2083,3099 2069,3114 2038,3095 2022,3097 2016,3105 2006,3107"/>
                <Baseline points="2022,3162 2058,3156 2094,3152"/>
                <TextEquiv>
                    <Unicode>52</Unicode>
                </TextEquiv>
            </TextLine>
            <TextLine id="r1l103" custom="readingOrder {index:102;}">
                <Coords points="2153,3179 2164,3181 2169,3177 2190,3176 2211,3160 2217,3163 2250,3162 2249,3136 2198,3134 2191,3128 2180,3129 2170,3138 2152,3137"/>
                <Baseline points="2161,3157 2187,3159 2214,3158 2241,3155"/>
                <TextEquiv>
                    <Unicode>S —</Unicode>
                </TextEquiv>
            </TextLine>
            <TextLine id="r1l104" custom="readingOrder {index:103;}">
                <Coords points="335,3179 1650,3181 1740,3133 335,3135"/>
                <Baseline points="344,3175 413,3174 482,3172 552,3171 621,3170 690,3169 760,3169 829,3168 898,3167 968,3167 1037,3166 1106,3166 1176,3165 1245,3165 1314,3165 1384,3164 1453,3164 1522,3164 1592,3164 1661,3164 1731,3163"/>
                <TextEquiv>
                    <Unicode>daß alle neun Kegel umgefallen waren, obgleich die Kugel Baumanns</Unicode>
                </TextEquiv>
            </TextLine>
            <TextLine id="r1l105" custom="readingOrder {index:104;}">
                <Coords points="2047,3177 2072,3179 2081,3174 2088,3178 2098,3177 2100,3156 2086,3157 2084,3155 2077,3155 2071,3156 2070,3158 2064,3157 2061,3154 2057,3157 2048,3156"/>
                <Baseline points="2057,3170 2089,3172"/>
                <TextEquiv>
                    <Unicode>1</Unicode>
                </TextEquiv>
            </TextLine>
            <TextLine id="r1l106" custom="readingOrder {index:105;}">
                <Coords points="2344,3188 2372,3184 2376,3186 2391,3185 2388,3142 2360,3145 2353,3140 2340,3141"/>
                <Baseline points="2353,3181 2383,3179"/>
                <TextEquiv>
                    <Unicode>5</Unicode>
                </TextEquiv>
            </TextLine>
            <TextLine id="r1l107" custom="readingOrder {index:106;}">
                <Coords points="2179,3194 2192,3193 2201,3184 2219,3194 2240,3195 2243,3192 2254,3191 2249,3156 2236,3158 2231,3155 2221,3162 2212,3159 2207,3164 2203,3162 2193,3175 2177,3177"/>
                <Baseline points="2187,3187 2215,3185 2243,3179"/>
                <TextEquiv>
                    <Unicode>1</Unicode>
                </TextEquiv>
            </TextLine>
            <TextLine id="r1l108" custom="readingOrder {index:107;}">
                <Coords points="2980,3202 2996,3204 3022,3187 3029,3193 3063,3187 3076,3199 3116,3193 3146,3212 3165,3199 3176,3200 3181,3149 3161,3147 3101,3095 3081,3099 3059,3082 3009,3107 2990,3105"/>
                <Baseline points="2991,3178 3016,3181 3041,3183 3066,3184 3091,3185 3116,3188 3141,3192 3167,3200"/>
                <TextEquiv>
                    <Unicode>„R.</Unicode>
                </TextEquiv>
            </TextLine>
            <TextLine id="r1l109" custom="readingOrder {index:108;}">
                <Coords points="2893,3196 2901,3195 2905,3192 2914,3195 2921,3190 2928,3190 2918,3114 2906,3116 2904,3114 2893,3123 2884,3124"/>
                <Baseline points="2900,3188 2918,3186"/>
                <TextEquiv>
                    <Unicode>2</Unicode>
                </TextEquiv>
            </TextLine>
            <TextLine id="r1l110" custom="readingOrder {index:109;}">
                <Coords points="1780,3208 1812,3208 1821,3215 1837,3205 1858,3210 1888,3194 1928,3214 1955,3205 1969,3218 1985,3220 1985,3154 1955,3163 1932,3149 1906,3161 1881,3147 1871,3155 1851,3145 1837,3159 1800,3144 1780,3151"/>
                <Baseline points="1789,3190 1815,3190 1842,3190 1869,3189 1896,3189 1923,3189 1950,3191 1977,3193"/>
                <TextEquiv>
                    <Unicode>Stationen</Unicode>
                </TextEquiv>
            </TextLine>
            <TextLine id="r1l111" custom="readingOrder {index:110;}">
                <Coords points="2831,3237 2870,3238 2883,3226 2893,3226 2906,3233 2920,3232 2921,3181 2905,3182 2900,3187 2893,3180 2881,3181 2870,3172 2833,3177"/>
                <Baseline points="2841,3208 2876,3207 2911,3210"/>
                <TextEquiv>
                    <Unicode>5</Unicode>
                </TextEquiv>
            </TextLine>
            <TextLine id="r1l112" custom="readingOrder {index:111;}">
                <Coords points="2146,3215 2158,3218 2169,3211 2193,3208 2208,3216 2224,3234 2240,3221 2264,3224 2268,3180 2250,3175 2236,3181 2218,3178 2192,3192 2165,3195 2157,3187 2148,3187"/>
                <Baseline points="2156,3205 2181,3206 2206,3207 2231,3210 2256,3213"/>
                <TextEquiv>
                    <Unicode>2 5</Unicode>
                </TextEquiv>
            </TextLine>
            <TextLine id="r1l113" custom="readingOrder {index:112;}">
                <Coords points="2332,3232 2342,3229 2344,3231 2351,3223 2373,3230 2383,3226 2391,3216 2400,3216 2397,3182 2378,3186 2369,3184 2353,3188 2348,3184 2342,3187 2328,3186"/>
                <Baseline points="2339,3211 2365,3210 2391,3207"/>
                <TextEquiv>
                    <Unicode>5</Unicode>
                </TextEquiv>
            </TextLine>
            <TextLine id="r1l114" custom="readingOrder {index:113;}">
                <Coords points="341,3236 1739,3227 1739,3172 341,3181"/>
                <Baseline points="350,3223 419,3221 488,3219 557,3218 626,3217 695,3216 764,3216 833,3215 902,3215 971,3215 1040,3215 1109,3215 1178,3214 1247,3214 1316,3214 1385,3214 1454,3213 1523,3213 1592,3212 1661,3210 1731,3209"/>
                <TextEquiv>
                    <Unicode>sogar „gewandelt“ hatte. Der entlarvte Kegeljunge suchte schleunigst das</Unicode>
                </TextEquiv>
            </TextLine>
            <TextLine id="r1l115" custom="readingOrder {index:114;}">
                <Coords points="2031,3214 2042,3213 2051,3216 2071,3235 2077,3232 2082,3237 2091,3231 2105,3233 2111,3189 2103,3188 2085,3175 2068,3179 2049,3179 2037,3175"/>
                <Baseline points="2041,3212 2070,3220 2099,3220"/>
                <TextEquiv>
                    <Unicode>S</Unicode>
                </TextEquiv>
            </TextLine>
            <TextLine id="r1l116" custom="readingOrder {index:115;}">
                <Coords points="2151,3246 2162,3241 2167,3243 2170,3241 2176,3243 2184,3239 2171,3208 2161,3213 2146,3208 2145,3210 2137,3214"/>
                <Baseline points="2157,3237 2171,3231"/>
                <TextEquiv>
                    <Unicode>4</Unicode>
                </TextEquiv>
            </TextLine>
            <TextLine id="r1l117" custom="readingOrder {index:116;}">
                <Coords points="2338,3282 2347,3282 2357,3275 2366,3280 2372,3279 2385,3269 2391,3272 2410,3269 2404,3209 2395,3210 2372,3230 2354,3222 2346,3230 2334,3231"/>
                <Baseline points="2344,3252 2371,3249 2399,3247"/>
                <TextEquiv>
                    <Unicode>8</Unicode>
                </TextEquiv>
            </TextLine>
            <TextLine id="r1l118" custom="readingOrder {index:117;}">
                <Coords points="3003,3269 3017,3267 3026,3272 3038,3263 3061,3262 3072,3253 3084,3255 3088,3251 3105,3249 3104,3196 3095,3196 3088,3202 3085,3198 3076,3199 3065,3188 3053,3187 3019,3194 3002,3193"/>
                <Baseline points="3011,3253 3039,3251 3068,3251 3097,3251"/>
                <TextEquiv>
                    <Unicode>5</Unicode>
                </TextEquiv>
            </TextLine>
            <TextLine id="r1l119" custom="readingOrder {index:118;}">
                <Coords points="2004,3275 2013,3275 2026,3270 2034,3272 2041,3266 2049,3268 2056,3261 2061,3261 2070,3254 2080,3254 2080,3231 2068,3233 2054,3220 2031,3217 2026,3212 2020,3213 2013,3219 2004,3219"/>
                <Baseline points="2013,3259 2042,3257 2071,3259"/>
                <TextEquiv>
                    <Unicode>64</Unicode>
                </TextEquiv>
            </TextLine>
            <TextLine id="r1l120" custom="readingOrder {index:119;}">
                <Coords points="342,3271 1570,3280 1713,3272 1743,3227 341,3236"/>
                <Baseline points="350,3271 419,3269 488,3267 557,3266 627,3265 696,3264 765,3263 834,3262 904,3262 973,3262 1042,3261 1111,3261 1181,3261 1250,3261 1319,3261 1388,3261 1458,3260 1527,3260 1596,3259 1665,3258 1735,3257"/>
                <TextEquiv>
                    <Unicode>Weite, es wäre ihm sonst vermutlich recht übel ergangen. Die geprellten</Unicode>
                </TextEquiv>
            </TextLine>
            <TextLine id="r1l121" custom="readingOrder {index:120;}">
                <Coords points="2148,3281 2160,3280 2177,3286 2180,3282 2187,3285 2192,3281 2205,3284 2208,3280 2222,3279 2219,3228 2201,3228 2189,3241 2163,3241 2158,3245 2146,3246"/>
                <Baseline points="2157,3271 2185,3270 2213,3267"/>
                <TextEquiv>
                    <Unicode>8</Unicode>
                </TextEquiv>
            </TextLine>
            <TextLine id="r1l122" custom="readingOrder {index:121;}">
                <Coords points="2821,3282 2844,3280 2847,3277 2862,3279 2870,3273 2895,3275 2895,3245 2886,3245 2879,3250 2863,3238 2821,3243"/>
                <Baseline points="2829,3271 2858,3269 2887,3271"/>
                <TextEquiv>
                    <Unicode>2</Unicode>
                </TextEquiv>
            </TextLine>
            <TextLine id="r1l123" custom="readingOrder {index:122;}">
                <Coords points="344,3326 1747,3329 1747,3264 343,3275"/>
                <Baseline points="352,3314 421,3313 490,3312 559,3312 629,3311 698,3311 767,3310 837,3310 906,3310 975,3310 1045,3309 1114,3309 1183,3309 1252,3309 1322,3308 1391,3308 1460,3307 1530,3307 1599,3306 1668,3305 1738,3304"/>
                <TextEquiv>
                    <Unicode>Spieler aber schlugen Lärm, sprachen erregt von Betrug und verlangten</Unicode>
                </TextEquiv>
            </TextLine>
            <TextLine id="r1l124" custom="readingOrder {index:123;}">
                <Coords points="2959,3357 2980,3351 3002,3360 3019,3353 3039,3361 3046,3357 3060,3360 3081,3349 3104,3346 3101,3311 3085,3308 3079,3316 3069,3311 3054,3314 3048,3309 3032,3315 3021,3309 3003,3319 2991,3309 2977,3310 2966,3322 2957,3322"/>
                <Baseline points="2967,3353 2992,3351 3018,3349 3043,3346 3069,3346 3095,3345"/>
                <TextEquiv>
                    <Unicode>heiter</Unicode>
                </TextEquiv>
            </TextLine>
            <TextLine id="r1l125" custom="readingOrder {index:124;}">
                <Coords points="2450,3364 2472,3351 2609,3365 2806,3349 2905,3365 2963,3353 2963,3307 2804,3321 2758,3307 2715,3323 2662,3305 2622,3337 2572,3316 2450,3314"/>
                <Baseline points="2460,3346 2486,3348 2512,3349 2538,3350 2564,3351 2590,3351 2616,3351 2642,3351 2668,3351 2694,3350 2720,3350 2746,3349 2772,3349 2798,3349 2824,3348 2850,3348 2876,3349 2902,3349 2928,3350 2954,3351"/>
                <TextEquiv>
                    <Unicode>Lemberg + 168 WNW 2</Unicode>
                </TextEquiv>
            </TextLine>
            <TextLine id="r1l126" custom="readingOrder {index:125;}">
                <Coords points="2237,3363 2254,3365 2270,3356 2286,3362 2295,3356 2320,3362 2334,3356 2357,3361 2377,3342 2395,3341 2394,3327 2384,3329 2347,3312 2318,3324 2297,3323 2275,3308 2256,3318 2234,3317"/>
                <Baseline points="2245,3353 2273,3352 2301,3351 2330,3349 2358,3348 2387,3347"/>
                <TextEquiv>
                    <Unicode>1 trüb</Unicode>
                </TextEquiv>
            </TextLine>
            <TextLine id="r1l127" custom="readingOrder {index:126;}">
                <Coords points="334,3371 1668,3368 1753,3361 1753,3322 334,3341"/>
                <Baseline points="342,3364 412,3362 482,3361 552,3359 622,3358 692,3358 762,3357 833,3357 903,3356 973,3356 1043,3356 1113,3356 1183,3356 1253,3356 1324,3356 1394,3356 1464,3356 1534,3355 1604,3355 1674,3355 1745,3354"/>
                <TextEquiv>
                    <Unicode>ihr Geld zurück. In dem Wirrwarr erschien ein Sicherheitswachmann, ließ</Unicode>
                </TextEquiv>
            </TextLine>
            <TextLine id="r1l128" custom="readingOrder {index:127;}">
                <Coords points="1774,3370 1893,3384 1972,3356 2025,3366 2117,3352 2151,3370 2223,3358 2222,3328 2125,3309 2058,3323 2008,3315 1986,3331 1964,3322 1940,3342 1896,3347 1837,3321 1773,3320"/>
                <Baseline points="1783,3360 1808,3362 1833,3363 1859,3364 1884,3364 1909,3364 1935,3364 1960,3362 1985,3362 2011,3360 2036,3359 2061,3358 2087,3357 2112,3357 2137,3357 2163,3357 2188,3358 2214,3360"/>
                <TextEquiv>
                    <Unicode>Wien+ 19·4 NW</Unicode>
                </TextEquiv>
            </TextLine>
            <TextLine id="r1l129" custom="readingOrder {index:128;}">
                <Coords points="2660,3392 2741,3395 2803,3384 2869,3400 2906,3387 2905,3359 2870,3352 2817,3358 2798,3349 2764,3360 2722,3355 2660,3368"/>
                <Baseline points="2669,3392 2694,3389 2719,3388 2745,3387 2770,3387 2795,3387 2821,3387 2846,3388 2871,3388 2897,3388"/>
                <TextEquiv>
                    <Unicode>+ 21·0 |NW</Unicode>
                </TextEquiv>
            </TextLine>
            <TextLine id="r1l130" custom="readingOrder {index:129;}">
                <Coords points="1989,3406 2003,3408 2013,3416 2042,3397 2078,3397 2081,3401 2092,3396 2101,3398 2124,3390 2125,3362 2085,3357 2079,3362 2076,3358 2042,3360 2038,3364 1990,3369"/>
                <Baseline points="1998,3385 2027,3389 2056,3389 2085,3389 2115,3392"/>
                <TextEquiv>
                    <Unicode>+ 15·6</Unicode>
                </TextEquiv>
            </TextLine>
            <TextLine id="r1l131" custom="readingOrder {index:130;}">
                <Coords points="2466,3389 2496,3389 2522,3398 2540,3388 2566,3401 2582,3394 2596,3408 2619,3400 2658,3401 2661,3358 2630,3364 2618,3356 2602,3364 2540,3360 2535,3354 2514,3360 2493,3350 2468,3356"/>
                <Baseline points="2475,3384 2504,3386 2533,3388 2562,3390 2591,3392 2620,3393 2649,3394"/>
                <TextEquiv>
                    <Unicode>Budapest.</Unicode>
                </TextEquiv>
            </TextLine>
            <TextLine id="r1l132" custom="readingOrder {index:131;}">
                <Coords points="2280,3405 2312,3399 2319,3403 2349,3392 2381,3400 2395,3397 2426,3415 2441,3402 2455,3403 2453,3350 2400,3347 2389,3357 2354,3362 2329,3356 2321,3362 2313,3357 2303,3361 2278,3353"/>
                <Baseline points="2289,3397 2315,3392 2341,3389 2367,3387 2393,3388 2419,3388 2445,3387"/>
                <TextEquiv>
                    <Unicode>½bewölk</Unicode>
                </TextEquiv>
            </TextLine>
            <TextLine id="r1l133" custom="readingOrder {index:132;}">
                <Coords points="2956,3385 3002,3402 3013,3391 3042,3398 3062,3398 3073,3390 3155,3392 3153,3352 3124,3354 3102,3344 3059,3361 3018,3353 2988,3359 2977,3350 2964,3364 2955,3364"/>
                <Baseline points="2965,3397 2990,3394 3016,3391 3042,3389 3067,3388 3093,3387 3119,3386 3145,3385"/>
                <TextEquiv>
                    <Unicode>¾ bewölkt</Unicode>
                </TextEquiv>
            </TextLine>
            <TextLine id="r1l134" custom="readingOrder {index:133;}">
                <Coords points="2906,3397 2921,3394 2925,3396 2937,3392 2941,3394 2953,3392 2948,3353 2927,3358 2912,3378 2903,3379"/>
                <Baseline points="2914,3392 2944,3388"/>
                <TextEquiv>
                    <Unicode>1</Unicode>
                </TextEquiv>
            </TextLine>
            <TextLine id="r1l135" custom="readingOrder {index:134;}">
                <Coords points="1765,3401 1793,3410 1813,3405 1864,3415 1885,3406 1905,3417 1914,3410 1933,3412 1947,3398 1972,3396 1969,3371 1930,3376 1912,3369 1891,3385 1849,3368 1824,3375 1803,3366 1766,3367"/>
                <Baseline points="1774,3403 1801,3402 1828,3402 1855,3402 1882,3403 1909,3403 1936,3404 1964,3404"/>
                <TextEquiv>
                    <Unicode>Prag</Unicode>
                </TextEquiv>
            </TextLine>
            <TextLine id="r1l136" custom="readingOrder {index:135;}">
                <Coords points="334,3443 1681,3416 1746,3410 1746,3364 334,3386"/>
                <Baseline points="343,3417 412,3414 482,3411 552,3409 622,3407 691,3406 761,3405 831,3404 901,3404 970,3403 1040,3403 1110,3403 1180,3403 1249,3403 1319,3403 1389,3404 1459,3404 1528,3404 1598,3403 1668,3403 1738,3402"/>
                <TextEquiv>
                    <Unicode>sich den merkwürdigen „Fall“ erzählen und erstauete die Meldung. Gegen</Unicode>
                </TextEquiv>
            </TextLine>
            <TextLine id="r1l137" custom="readingOrder {index:136;}">
                <Coords points="2660,3425 2700,3440 2719,3430 2788,3429 2800,3416 2814,3428 2843,3431 2879,3416 2879,3398 2858,3399 2845,3389 2812,3391 2804,3384 2790,3392 2718,3393 2706,3401 2699,3394 2660,3394"/>
                <Baseline points="2669,3432 2694,3425 2719,3422 2744,3420 2770,3420 2795,3422 2820,3423 2845,3423 2871,3420"/>
                <TextEquiv>
                    <Unicode>+ 19·3 W</Unicode>
                </TextEquiv>
            </TextLine>
            <TextLine id="r1l138" custom="readingOrder {index:137;}">
                <Coords points="2283,3436 2292,3436 2297,3430 2327,3431 2336,3438 2349,3433 2368,3436 2375,3429 2380,3432 2386,3428 2398,3429 2397,3401 2379,3398 2374,3402 2361,3392 2282,3403"/>
                <Baseline points="2291,3429 2323,3425 2356,3423 2389,3425"/>
                <TextEquiv>
                    <Unicode>trüb</Unicode>
                </TextEquiv>
            </TextLine>
            <TextLine id="r1l139" custom="readingOrder {index:138;}">
                <Coords points="2961,3438 2986,3431 3000,3441 3030,3427 3037,3434 3092,3436 3121,3453 3155,3452 3152,3403 3131,3394 3072,3391 3046,3398 3014,3391 3002,3402 2980,3391 2959,3392"/>
                <Baseline points="2971,3437 3000,3428 3029,3423 3058,3422 3087,3422 3116,3424 3145,3423"/>
                <TextEquiv>
                    <Unicode>¾ bewölkt</Unicode>
                </TextEquiv>
            </TextLine>
            <TextLine id="r1l140" custom="readingOrder {index:139;}">
                <Coords points="2452,3433 2477,3425 2515,3434 2546,3428 2586,3445 2604,3437 2623,3443 2659,3430 2659,3414 2647,3410 2608,3414 2582,3395 2564,3400 2540,3389 2506,3398 2497,3389 2488,3394 2454,3378"/>
                <Baseline points="2460,3427 2487,3425 2514,3425 2541,3426 2568,3427 2595,3429 2622,3431 2649,3432"/>
                <TextEquiv>
                    <Unicode>Berlmn</Unicode>
                </TextEquiv>
            </TextLine>
            <TextLine id="r1l141" custom="readingOrder {index:140;}">
                <Coords points="1992,3446 2011,3452 2024,3441 2084,3433 2111,3436 2121,3445 2148,3434 2187,3444 2188,3405 2159,3390 2146,3395 2138,3386 2109,3397 2088,3393 2038,3403 1994,3401"/>
                <Baseline points="2001,3426 2026,3426 2051,3426 2076,3427 2102,3428 2127,3430 2152,3431 2178,3431"/>
                <TextEquiv>
                    <Unicode>+ 18·1 W</Unicode>
                </TextEquiv>
            </TextLine>
            <TextLine id="r1l142" custom="readingOrder {index:141;}">
                <Coords points="1772,3439 1828,3448 1837,3443 1849,3451 1873,3441 1888,3453 1906,3448 1923,3456 1954,3434 1966,3438 1968,3414 1948,3406 1912,3424 1893,3409 1853,3412 1805,3405 1793,3410 1773,3404"/>
                <Baseline points="1780,3437 1805,3437 1830,3438 1855,3439 1881,3440 1906,3442 1931,3442 1957,3444"/>
                <TextEquiv>
                    <Unicode>Graz</Unicode>
                </TextEquiv>
            </TextLine>
            <TextLine id="r1l143" custom="readingOrder {index:142;}">
                <Coords points="350,3456 1753,3455 1698,3407 350,3422"/>
                <Baseline points="358,3458 427,3456 496,3453 565,3452 635,3451 704,3450 773,3449 843,3449 912,3449 981,3449 1051,3449 1120,3449 1189,3449 1258,3450 1328,3450 1397,3450 1466,3449 1536,3449 1605,3448 1674,3447 1744,3445"/>
                <TextEquiv>
                    <Unicode>Baumann wurde die Betrugsanzeige erstattet. Bei der gestrigen Verhand¬</Unicode>
                </TextEquiv>
            </TextLine>
            <TextLine id="r1l144" custom="readingOrder {index:143;}">
                <Coords points="2452,3463 2625,3482 2766,3465 2864,3482 2961,3472 2960,3429 2923,3435 2902,3417 2844,3432 2801,3415 2708,3439 2660,3418 2618,3449 2545,3428 2451,3433"/>
                <Baseline points="2461,3464 2486,3465 2512,3465 2538,3466 2564,3465 2590,3465 2616,3465 2641,3464 2667,3463 2693,3463 2719,3462 2745,3461 2771,3460 2796,3460 2822,3460 2848,3460 2874,3460 2900,3462 2926,3463 2952,3464"/>
                <TextEquiv>
                    <Unicode>Paris+ 15·3 SSW 1</Unicode>
                </TextEquiv>
            </TextLine>
            <TextLine id="r1l145" custom="readingOrder {index:144;}">
                <Coords points="2286,3470 2325,3468 2334,3477 2346,3478 2362,3478 2373,3471 2382,3475 2398,3475 2405,3469 2417,3471 2417,3439 2385,3432 2373,3432 2364,3441 2355,3434 2337,3438 2327,3431 2286,3433"/>
                <Baseline points="2296,3466 2324,3462 2352,3462 2380,3464 2409,3463"/>
                <TextEquiv>
                    <Unicode>Regen</Unicode>
                </TextEquiv>
            </TextLine>
            <TextLine id="r1l146" custom="readingOrder {index:145;}">
                <Coords points="2963,3466 2975,3463 2990,3476 2999,3468 3008,3471 3013,3466 3027,3473 3050,3468 3058,3475 3068,3474 3083,3457 3101,3455 3099,3432 3053,3434 3022,3429 3013,3430 3004,3440 2985,3432 2961,3441"/>
                <Baseline points="2973,3471 3002,3463 3032,3461 3062,3460 3092,3460"/>
                <TextEquiv>
                    <Unicode>heiter</Unicode>
                </TextEquiv>
            </TextLine>
            <TextLine id="r1l147" custom="readingOrder {index:146;}">
                <Coords points="1984,3470 2025,3483 2039,3475 2080,3470 2127,3478 2135,3471 2154,3473 2182,3464 2183,3440 2133,3435 2121,3448 2102,3435 2059,3434 2025,3445 1985,3446"/>
                <Baseline points="1994,3464 2019,3463 2045,3464 2070,3466 2096,3467 2121,3467 2147,3466 2173,3463"/>
                <TextEquiv>
                    <Unicode>+ 16·2 S</Unicode>
                </TextEquiv>
            </TextLine>
            <TextLine id="r1l148" custom="readingOrder {index:147;}">
                <Coords points="1778,3493 1810,3494 1825,3482 1837,3481 1854,3488 1869,3476 1885,3474 1883,3438 1874,3439 1868,3446 1858,3441 1850,3449 1843,3444 1829,3448 1818,3442 1807,3446 1788,3442 1775,3444"/>
                <Baseline points="1786,3484 1816,3477 1846,3477 1876,3478"/>
                <TextEquiv>
                    <Unicode>Ischl</Unicode>
                </TextEquiv>
            </TextLine>
            <TextLine id="r1l149" custom="readingOrder {index:148;}">
                <Coords points="345,3506 1741,3517 1755,3464 344,3455"/>
                <Baseline points="354,3504 423,3501 493,3499 562,3498 632,3497 702,3496 771,3496 841,3496 910,3496 980,3497 1050,3497 1119,3497 1189,3498 1258,3498 1328,3498 1398,3498 1467,3498 1537,3497 1606,3497 1676,3495 1746,3494"/>
                <TextEquiv>
                    <Unicode>lung vor dem Heinalser Strafrichter Dr. Gaunersdorfer beteuerte</Unicode>
                </TextEquiv>
            </TextLine>
            <TextLine id="r1l150" custom="readingOrder {index:149;}">
                <Coords points="2662,3495 2675,3497 2687,3509 2707,3503 2719,3509 2744,3503 2756,3507 2765,3502 2775,3509 2791,3509 2800,3500 2811,3500 2811,3482 2802,3482 2788,3468 2770,3475 2758,3466 2726,3468 2717,3475 2703,3466 2682,3472 2662,3468"/>
                <Baseline points="2671,3497 2697,3498 2723,3499 2749,3498 2775,3497 2802,3498"/>
                <TextEquiv>
                    <Unicode>+ 22•4</Unicode>
                </TextEquiv>
            </TextLine>
            <TextLine id="r1l151" custom="readingOrder {index:150;}">
                <Coords points="2296,3509 2326,3512 2342,3507 2349,3514 2359,3512 2372,3519 2409,3518 2421,3510 2435,3510 2435,3488 2426,3488 2411,3472 2380,3473 2366,3480 2347,3479 2313,3466 2306,3472 2296,3472"/>
                <Baseline points="2304,3503 2334,3502 2365,3501 2395,3502 2426,3503"/>
                <TextEquiv>
                    <Unicode>Regen</Unicode>
                </TextEquiv>
            </TextLine>
            <TextLine id="r1l152" custom="readingOrder {index:151;}">
                <Coords points="2973,3510 3005,3514 3014,3506 3044,3504 3055,3512 3067,3508 3093,3529 3137,3498 3164,3499 3161,3451 3135,3460 3083,3457 3073,3467 3033,3473 3013,3465 3001,3478 2971,3468"/>
                <Baseline points="2982,3508 3010,3505 3039,3504 3068,3503 3096,3501 3125,3499 3154,3496"/>
                <TextEquiv>
                    <Unicode>¼bewölk</Unicode>
                </TextEquiv>
            </TextLine>
            <TextLine id="r1l153" custom="readingOrder {index:152;}">
                <Coords points="2450,3502 2532,3504 2540,3510 2560,3503 2579,3511 2616,3509 2632,3522 2653,3522 2654,3489 2631,3479 2592,3486 2580,3473 2566,3480 2553,3469 2513,3472 2451,3463"/>
                <Baseline points="2460,3501 2486,3501 2512,3502 2539,3502 2565,3502 2592,3503 2618,3503 2645,3504"/>
                <TextEquiv>
                    <Unicode>Rom</Unicode>
                </TextEquiv>
            </TextLine>
            <TextLine id="r1l154" custom="readingOrder {index:153;}">
                <Coords points="2000,3514 2029,3507 2044,3513 2105,3510 2117,3520 2129,3509 2142,3509 2171,3524 2212,3509 2213,3468 2176,3464 2116,3481 2084,3471 2045,3474 2029,3484 2001,3480"/>
                <Baseline points="2010,3503 2037,3503 2065,3504 2093,3504 2120,3505 2148,3506 2176,3506 2204,3506"/>
                <TextEquiv>
                    <Unicode>+ 16·3 SW</Unicode>
                </TextEquiv>
            </TextLine>
            <TextLine id="r1l155" custom="readingOrder {index:154;}">
                <Coords points="1769,3512 1856,3527 1895,3525 1905,3518 1932,3528 1955,3513 1979,3517 1979,3490 1960,3492 1952,3485 1942,3492 1931,3485 1889,3488 1867,3477 1848,3488 1834,3481 1813,3494 1769,3486"/>
                <Baseline points="1778,3514 1805,3513 1832,3513 1860,3514 1887,3514 1915,3514 1942,3512 1970,3508"/>
                <TextEquiv>
                    <Unicode>Salzburg:</Unicode>
                </TextEquiv>
            </TextLine>
            <TextLine id="r1l156" custom="readingOrder {index:155;}">
                <Coords points="2654,3537 2670,3534 2712,3552 2758,3540 2792,3545 2801,3536 2880,3543 2907,3535 2905,3472 2882,3471 2840,3493 2808,3493 2793,3506 2708,3504 2653,3518"/>
                <Baseline points="2663,3545 2689,3539 2715,3535 2741,3534 2767,3533 2793,3534 2819,3534 2845,3535 2871,3535 2897,3535"/>
                <TextEquiv>
                    <Unicode>+ 17·4 SW</Unicode>
                </TextEquiv>
            </TextLine>
            <TextLine id="r1l157" custom="readingOrder {index:156;}">
                <Coords points="2977,3544 2995,3545 3000,3551 3007,3545 3016,3547 3019,3543 3042,3548 3069,3541 3085,3551 3094,3551 3093,3524 3077,3526 3043,3502 3013,3506 3006,3513 2976,3510"/>
                <Baseline points="2985,3538 3010,3538 3035,3537 3060,3536 3085,3538"/>
                <TextEquiv>
                    <Unicode>trüb</Unicode>
                </TextEquiv>
            </TextLine>
            <TextLine id="r1l158" custom="readingOrder {index:157;}">
                <Coords points="2282,3540 2293,3540 2304,3548 2314,3546 2322,3549 2327,3543 2359,3549 2371,3541 2388,3538 2387,3515 2375,3519 2366,3513 2350,3514 2343,3507 2332,3507 2322,3512 2281,3508"/>
                <Baseline points="2291,3541 2320,3540 2349,3538 2379,3537"/>
                <TextEquiv>
                    <Unicode>trüb</Unicode>
                </TextEquiv>
            </TextLine>
            <TextLine id="r1l159" custom="readingOrder {index:158;}">
                <Coords points="2454,3535 2494,3549 2554,3543 2572,3551 2588,3546 2604,3551 2621,3548 2641,3529 2650,3529 2651,3515 2617,3509 2599,3514 2568,3504 2537,3513 2520,3503 2513,3509 2455,3500"/>
                <Baseline points="2462,3539 2487,3539 2513,3540 2538,3540 2564,3540 2589,3541 2615,3542 2641,3544"/>
                <TextEquiv>
                    <Unicode>München</Unicode>
                </TextEquiv>
            </TextLine>
            <TextLine id="r1l160" custom="readingOrder {index:159;}">
                <Coords points="1988,3558 2026,3559 2037,3549 2088,3553 2124,3545 2141,3554 2173,3540 2189,3543 2190,3521 2170,3525 2151,3510 2132,3510 2117,3520 2087,3509 1988,3512"/>
                <Baseline points="1997,3540 2023,3541 2049,3542 2075,3542 2101,3542 2127,3542 2153,3543 2180,3545"/>
                <TextEquiv>
                    <Unicode>+ 18·1 O</Unicode>
                </TextEquiv>
            </TextLine>
            <TextLine id="r1l161" custom="readingOrder {index:160;}">
                <Coords points="343,3564 1753,3540 1544,3499 343,3511"/>
                <Baseline points="352,3547 421,3547 491,3546 560,3546 630,3545 700,3545 769,3545 839,3545 908,3545 978,3544 1048,3544 1117,3544 1187,3544 1256,3544 1326,3543 1396,3543 1465,3543 1535,3542 1604,3542 1674,3541 1744,3540"/>
                <TextEquiv>
                    <Unicode>der Schirmmacher leohaft, er sei mit dem Kegeljungen nicht im Einverständ¬</Unicode>
                </TextEquiv>
            </TextLine>
            <TextLine id="r1l162" custom="readingOrder {index:161;}">
                <Coords points="1775,3559 1796,3555 1842,3566 1875,3555 1900,3564 1976,3555 1975,3518 1961,3513 1940,3526 1906,3517 1859,3527 1827,3524 1814,3516 1774,3517"/>
                <Baseline points="1783,3553 1809,3551 1835,3550 1861,3549 1888,3548 1914,3548 1940,3549 1967,3549"/>
                <TextEquiv>
                    <Unicode>Klagenfurt</Unicode>
                </TextEquiv>
            </TextLine>
            <TextLine id="r1l163" custom="readingOrder {index:162;}">
                <Coords points="2971,3579 3066,3584 3084,3571 3088,3575 3098,3568 3121,3568 3118,3530 3102,3531 3089,3543 3007,3544 3001,3552 2991,3544 2968,3546"/>
                <Baseline points="2980,3576 3006,3574 3032,3572 3059,3570 3085,3568 3112,3564"/>
                <TextEquiv>
                    <Unicode>heiter</Unicode>
                </TextEquiv>
            </TextLine>
            <TextLine id="r1l164" custom="readingOrder {index:163;}">
                <Coords points="2660,3587 2700,3591 2810,3575 2833,3597 2882,3583 2902,3592 2927,3581 2960,3589 2960,3543 2932,3544 2916,3530 2883,3544 2803,3538 2794,3547 2739,3543 2713,3554 2660,3534"/>
                <Baseline points="2669,3578 2694,3575 2720,3573 2745,3573 2771,3572 2797,3573 2822,3574 2848,3574 2874,3575 2899,3576 2925,3576 2951,3575"/>
                <TextEquiv>
                    <Unicode>+ 18·0 WNW 1</Unicode>
                </TextEquiv>
            </TextLine>
            <TextLine id="r1l165" custom="readingOrder {index:164;}">
                <Coords points="1980,3592 1992,3590 2012,3604 2047,3587 2076,3585 2086,3590 2109,3587 2130,3597 2130,3546 2118,3542 2111,3550 2038,3548 2028,3558 1980,3558"/>
                <Baseline points="1989,3574 2015,3576 2042,3576 2068,3575 2095,3574 2122,3577"/>
                <TextEquiv>
                    <Unicode>+172</Unicode>
                </TextEquiv>
            </TextLine>
            <TextLine id="r1l166" custom="readingOrder {index:165;}">
                <Coords points="2468,3588 2484,3589 2493,3580 2516,3581 2526,3588 2537,3580 2551,3585 2564,3579 2572,3588 2583,3583 2608,3593 2613,3589 2632,3606 2655,3599 2656,3564 2644,3565 2621,3549 2572,3551 2547,3543 2540,3550 2507,3545 2469,3551"/>
                <Baseline points="2477,3580 2505,3578 2533,3577 2562,3578 2590,3580 2618,3582 2647,3584"/>
                <TextEquiv>
                    <Unicode>Hamburg.</Unicode>
                </TextEquiv>
            </TextLine>
            <TextLine id="r1l167" custom="readingOrder {index:166;}">
                <Coords points="2280,3589 2326,3590 2332,3582 2350,3581 2383,3594 2421,3586 2453,3590 2450,3533 2429,3529 2413,3535 2404,3530 2361,3549 2328,3543 2322,3549 2311,3544 2304,3548 2277,3539"/>
                <Baseline points="2288,3588 2314,3583 2340,3580 2366,3578 2392,3577 2418,3578 2444,3578"/>
                <TextEquiv>
                    <Unicode>¾ bewölk</Unicode>
                </TextEquiv>
            </TextLine>
            <TextLine id="r1l168" custom="readingOrder {index:167;}">
                <Coords points="1774,3595 1810,3605 1857,3594 1880,3601 1917,3598 1939,3610 1949,3600 1972,3599 1972,3557 1950,3554 1898,3563 1889,3555 1857,3562 1774,3560"/>
                <Baseline points="1783,3595 1808,3592 1834,3590 1860,3589 1885,3589 1911,3590 1937,3590 1963,3591"/>
                <TextEquiv>
                    <Unicode>Innsbruck</Unicode>
                </TextEquiv>
            </TextLine>
            <TextLine id="r1l169" custom="readingOrder {index:168;}">
                <Coords points="342,3616 1756,3609 1710,3551 342,3563"/>
                <Baseline points="350,3597 419,3596 489,3595 559,3594 629,3594 699,3593 769,3593 839,3592 909,3592 979,3592 1049,3592 1118,3592 1188,3592 1258,3592 1328,3592 1398,3593 1468,3593 1538,3593 1608,3594 1678,3594 1748,3594"/>
                <TextEquiv>
                    <Unicode>nisse gewesen, dieser habe sich vermutlich einen Jux erlaubt. Der Junge</Unicode>
                </TextEquiv>
            </TextLine>
            <TextLine id="r1l170" custom="readingOrder {index:169;}">
                <Coords points="2665,3621 2743,3621 2760,3613 2775,3621 2794,3615 2808,3620 2806,3579 2794,3583 2725,3581 2702,3591 2663,3588"/>
                <Baseline points="2673,3619 2698,3613 2723,3610 2748,3610 2773,3611 2799,3610"/>
                <TextEquiv>
                    <Unicode>+ 17•5</Unicode>
                </TextEquiv>
            </TextLine>
            <TextLine id="r1l171" custom="readingOrder {index:170;}">
                <Coords points="2281,3620 2293,3618 2302,3623 2314,3620 2345,3624 2366,3621 2376,3625 2385,3615 2395,3615 2394,3592 2378,3591 2371,3586 2368,3590 2360,3583 2344,3582 2332,3582 2325,3590 2279,3592"/>
                <Baseline points="2289,3617 2321,3614 2354,3612 2387,3613"/>
                <TextEquiv>
                    <Unicode>trüb</Unicode>
                </TextEquiv>
            </TextLine>
            <TextLine id="r1l172" custom="readingOrder {index:171;}">
                <Coords points="2961,3626 2984,3621 3005,3629 3014,3619 3030,3625 3070,3617 3097,3621 3123,3611 3139,3619 3170,3601 3168,3564 3101,3568 3063,3583 2958,3580"/>
                <Baseline points="2969,3622 2996,3618 3023,3616 3051,3614 3078,3612 3106,3611 3133,3610 3161,3610"/>
                <TextEquiv>
                    <Unicode>¾ bewölk</Unicode>
                </TextEquiv>
            </TextLine>
            <TextLine id="r1l173" custom="readingOrder {index:172;}">
                <Coords points="2464,3622 2533,3619 2570,3629 2590,3612 2619,3630 2643,3624 2662,3631 2663,3596 2636,3602 2613,3593 2592,3598 2564,3579 2546,3589 2516,3581 2465,3587"/>
                <Baseline points="2473,3616 2498,3614 2524,3614 2550,3614 2576,3615 2602,3617 2628,3618 2654,3619"/>
                <TextEquiv>
                    <Unicode>Zürich</Unicode>
                </TextEquiv>
            </TextLine>
            <TextLine id="r1l174" custom="readingOrder {index:173;}">
                <Coords points="1991,3633 2016,3642 2036,3625 2076,3624 2083,3629 2110,3624 2129,3617 2130,3598 2121,3598 2110,3587 2096,3585 2085,3590 2077,3583 2043,3588 2029,3598 1992,3589"/>
                <Baseline points="2001,3616 2030,3615 2060,3616 2090,3616 2120,3617"/>
                <TextEquiv>
                    <Unicode>+ 21·8</Unicode>
                </TextEquiv>
            </TextLine>
            <TextLine id="r1l175" custom="readingOrder {index:174;}">
                <Coords points="1765,3636 1840,3632 1871,3644 1889,3635 1899,3644 1944,3640 1959,3646 1960,3612 1895,3609 1872,3594 1833,3602 1766,3602"/>
                <Baseline points="1775,3631 1800,3630 1825,3629 1850,3630 1875,3630 1900,3632 1925,3633 1951,3634"/>
                <TextEquiv>
                    <Unicode>Triest</Unicode>
                </TextEquiv>
            </TextLine>
            <TextLine id="r1l176" custom="readingOrder {index:175;}">
                <Coords points="341,3651 1753,3641 1656,3597 341,3615"/>
                <Baseline points="349,3645 418,3644 488,3644 558,3643 628,3642 697,3641 767,3641 837,3641 907,3640 976,3640 1046,3640 1116,3640 1186,3640 1255,3640 1325,3640 1395,3640 1465,3640 1534,3640 1604,3640 1674,3640 1744,3641"/>
                <TextEquiv>
                    <Unicode>konnte nicht ausgeforscht werden. Da kein Schuldbeweis herzustellen war,</Unicode>
                </TextEquiv>
            </TextLine>
            <TextLine id="r1l177" custom="readingOrder {index:176;}">
                <Coords points="2684,3672 2700,3672 2714,3660 2727,3657 2774,3655 2796,3660 2803,3667 2815,3657 2826,3657 2826,3628 2813,3625 2803,3632 2789,3618 2684,3619"/>
                <Baseline points="2693,3651 2723,3648 2754,3648 2785,3649 2816,3650"/>
                <TextEquiv>
                    <Unicode>+19•0</Unicode>
                </TextEquiv>
            </TextLine>
            <TextLine id="r1l178" custom="readingOrder {index:177;}">
                <Coords points="2915,3662 2927,3664 2936,3657 2941,3657 2943,3655 2945,3657 2961,3657 2961,3616 2934,3615 2932,3613 2927,3616 2915,3616"/>
                <Baseline points="2924,3651 2952,3651"/>
                <TextEquiv>
                    <Unicode>2</Unicode>
                </TextEquiv>
            </TextLine>
            <TextLine id="r1l179" custom="readingOrder {index:178;}">
                <Coords points="2968,3656 2980,3654 3003,3668 3015,3656 3047,3657 3056,3664 3074,3655 3116,3657 3134,3669 3148,3659 3169,3664 3169,3629 3153,3625 3132,3629 3114,3618 3075,3618 3059,3627 3015,3618 3003,3629 2994,3622 2968,3622"/>
                <Baseline points="2976,3658 3002,3653 3028,3651 3054,3650 3081,3651 3107,3652 3133,3653 3160,3655"/>
                <TextEquiv>
                    <Unicode>¼ bewöll.</Unicode>
                </TextEquiv>
            </TextLine>
            <TextLine id="r1l180" custom="readingOrder {index:179;}">
                <Coords points="1983,3674 2000,3669 2016,3676 2034,3660 2043,3665 2104,3662 2122,3651 2135,3661 2149,3661 2149,3623 2136,3623 2124,3635 2110,3624 2083,3630 2064,3623 2035,3625 2018,3639 1997,3632 1982,3637"/>
                <Baseline points="1992,3653 2021,3654 2051,3653 2080,3652 2110,3652 2140,3655"/>
                <TextEquiv>
                    <Unicode>+ 20·6 (0</Unicode>
                </TextEquiv>
            </TextLine>
            <TextLine id="r1l181" custom="readingOrder {index:180;}">
                <Coords points="2288,3661 2318,3669 2350,3655 2427,3668 2500,3654 2682,3675 2682,3631 2610,3634 2590,3618 2477,3624 2451,3597 2375,3625 2288,3621"/>
                <Baseline points="2297,3658 2322,3656 2347,3654 2372,3653 2397,3651 2422,3651 2447,3651 2472,3651 2497,3652 2522,3653 2547,3653 2572,3654 2597,3656 2622,3656 2647,3658 2673,3658"/>
                <TextEquiv>
                    <Unicode>¾ bewölkt Biarritz</Unicode>
                </TextEquiv>
            </TextLine>
            <TextLine id="r1l182" custom="readingOrder {index:181;}">
                <Coords points="1775,3668 1797,3675 1896,3673 1911,3682 1936,3676 1979,3680 1979,3637 1937,3651 1928,3642 1910,3643 1896,3656 1883,3657 1866,3639 1845,3633 1825,3640 1811,3631 1776,3634"/>
                <Baseline points="1784,3668 1810,3667 1837,3667 1863,3668 1890,3670 1916,3670 1943,3670 1970,3668"/>
                <TextEquiv>
                    <Unicode>Pola</Unicode>
                </TextEquiv>
            </TextLine>
            <TextLine id="r1l183" custom="readingOrder {index:182;}">
                <Coords points="353,3708 1228,3697 1227,3660 1148,3642 352,3662"/>
                <Baseline points="361,3690 403,3690 446,3690 489,3690 532,3690 575,3690 618,3690 661,3690 704,3690 747,3690 790,3690 832,3690 875,3690 918,3689 961,3689 1004,3689 1047,3688 1090,3687 1133,3687 1176,3685 1219,3684"/>
                <TextEquiv>
                    <Unicode>mußte Baumann freigesprochen werden.</Unicode>
                </TextEquiv>
            </TextLine>
            <TextLine id="r1l184" custom="readingOrder {index:183;}">
                <Coords points="2417,3707 2723,3693 3067,3717 3161,3689 3117,3657 2958,3650 2898,3671 2857,3644 2804,3667 2417,3668"/>
                <Baseline points="2425,3692 2461,3691 2497,3689 2534,3689 2570,3688 2607,3687 2643,3687 2679,3687 2716,3688 2752,3688 2789,3689 2825,3689 2861,3690 2898,3690 2934,3690 2971,3691 3007,3691 3043,3690 3080,3690 3116,3689 3153,3688"/>
                <TextEquiv>
                    <Unicode>Nizza+ 24·0 |NO 1 ¼bewölk</Unicode>
                </TextEquiv>
            </TextLine>
            <TextLine id="r1l185" custom="readingOrder {index:184;}">
                <Coords points="1975,3714 2033,3699 2120,3711 2394,3703 2416,3693 2416,3660 2347,3654 2319,3669 2277,3649 2251,3662 2230,3645 1974,3672"/>
                <Baseline points="1983,3704 2009,3700 2036,3698 2062,3696 2089,3695 2115,3694 2142,3693 2168,3693 2195,3692 2221,3692 2248,3692 2274,3692 2301,3692 2327,3692 2354,3691 2380,3690 2407,3689"/>
                <TextEquiv>
                    <Unicode>+ 167 WNWI heiter</Unicode>
                </TextEquiv>
            </TextLine>
            <TextLine id="r1l186" custom="readingOrder {index:185;}">
                <Coords points="1775,3717 1842,3732 1865,3731 1883,3720 1898,3721 1911,3732 1978,3724 1975,3686 1848,3670 1797,3675 1775,3668"/>
                <Baseline points="1783,3704 1809,3703 1836,3703 1862,3704 1889,3704 1915,3705 1942,3705 1969,3706"/>
                <TextEquiv>
                    <Unicode>Krakau</Unicode>
                </TextEquiv>
            </TextLine>
            <TextLine id="r1l187" custom="readingOrder {index:186;}">
                <Coords points="2022,3744 2254,3771 2437,3736 2847,3763 2908,3742 2908,3712 2729,3697 2022,3701"/>
                <Baseline points="2031,3740 2074,3740 2117,3739 2161,3739 2204,3738 2248,3737 2291,3737 2334,3736 2378,3736 2421,3736 2465,3735 2508,3735 2551,3736 2595,3736 2638,3736 2682,3737 2725,3738 2768,3739 2812,3741 2855,3742 2899,3745"/>
                <TextEquiv>
                    <Unicode>Klimatische Kurorte und Gebirgsstationen.</Unicode>
                </TextEquiv>
            </TextLine>
            <TextLine id="r1l188" custom="readingOrder {index:187;}">
                <Coords points="507,3781 1722,3782 1748,3734 507,3737"/>
                <Baseline points="517,3768 578,3767 639,3766 700,3766 761,3766 822,3766 883,3766 945,3766 1006,3766 1067,3766 1128,3767 1189,3767 1250,3768 1311,3768 1373,3769 1434,3769 1495,3769 1556,3770 1617,3770 1678,3770 1740,3770"/>
                <TextEquiv>
                    <Unicode> (Der Sprung eines Einbrechers vom dritten Stocke.)</Unicode>
                </TextEquiv>
            </TextLine>
            <TextLine id="r1l189" custom="readingOrder {index:188;}">
                <Coords points="2963,3792 2982,3788 3006,3794 3011,3788 3034,3789 3037,3785 3053,3791 3065,3785 3071,3789 3085,3788 3084,3758 3061,3759 3042,3742 3030,3747 3017,3740 2998,3748 2989,3742 2980,3746 2973,3742 2961,3745"/>
                <Baseline points="2971,3785 2997,3782 3023,3781 3049,3779 3076,3780"/>
                <TextEquiv>
                    <Unicode>trüb</Unicode>
                </TextEquiv>
            </TextLine>
            <TextLine id="r1l190" custom="readingOrder {index:189;}">
                <Coords points="2289,3789 2322,3794 2331,3790 2347,3792 2354,3788 2374,3795 2388,3784 2396,3784 2396,3756 2385,3756 2369,3744 2361,3749 2352,3747 2346,3753 2327,3744 2316,3751 2309,3752 2306,3748 2299,3753 2288,3752"/>
                <Baseline points="2298,3783 2328,3783 2358,3781 2388,3783"/>
                <TextEquiv>
                    <Unicode>trüb</Unicode>
                </TextEquiv>
            </TextLine>
            <TextLine id="r1l191" custom="readingOrder {index:190;}">
                <Coords points="2456,3796 2488,3785 2598,3800 2614,3786 2649,3800 2771,3785 2806,3797 2836,3779 2836,3756 2788,3744 2778,3753 2456,3746"/>
                <Baseline points="2465,3781 2490,3783 2516,3784 2542,3785 2568,3786 2594,3786 2620,3786 2646,3786 2671,3786 2697,3785 2723,3784 2749,3784 2775,3782 2801,3782 2827,3780"/>
                <TextEquiv>
                    <Unicode>Rohitsch=S. + 18·6</Unicode>
                </TextEquiv>
            </TextLine>
            <TextLine id="r1l192" custom="readingOrder {index:191;}">
                <Coords points="1766,3801 1870,3798 1886,3810 2089,3791 2125,3804 2157,3780 2157,3754 2026,3748 1977,3756 1940,3779 1820,3737 1764,3746"/>
                <Baseline points="1775,3796 1801,3796 1828,3796 1855,3795 1881,3794 1908,3793 1935,3792 1962,3790 1988,3789 2015,3789 2042,3788 2068,3788 2095,3788 2122,3789 2149,3791"/>
                <TextEquiv>
                    <Unicode>Abbazia, + 20•5</Unicode>
                </TextEquiv>
            </TextLine>
            <TextLine id="r1l193" custom="readingOrder {index:192;}">
                <Coords points="354,3815 1752,3808 1543,3766 354,3775"/>
                <Baseline points="362,3817 431,3815 500,3814 569,3813 638,3812 707,3811 776,3811 845,3811 914,3811 983,3811 1053,3811 1122,3811 1191,3811 1260,3811 1329,3812 1398,3812 1467,3812 1536,3812 1605,3812 1674,3812 1744,3811"/>
                <TextEquiv>
                    <Unicode>Vor kurzem versuchten die zwei gerichtsbekannten schon mit vieljährigem</Unicode>
                </TextEquiv>
            </TextLine>
            <TextLine id="r1l194" custom="readingOrder {index:193;}">
                <Coords points="2906,3822 2929,3823 2945,3832 2964,3820 3005,3833 3044,3827 3085,3833 3083,3787 3013,3787 3002,3795 2979,3790 2964,3798 2935,3782 2925,3793 2905,3792"/>
                <Baseline points="2915,3822 2941,3822 2968,3821 2995,3821 3021,3820 3048,3819 3075,3817"/>
                <TextEquiv>
                    <Unicode>1 trüb</Unicode>
                </TextEquiv>
            </TextLine>
            <TextLine id="r1l195" custom="readingOrder {index:194;}">
                <Coords points="2462,3827 2604,3841 2637,3839 2655,3821 2782,3830 2811,3819 2874,3835 2895,3831 2895,3784 2855,3773 2805,3800 2766,3786 2581,3808 2517,3787 2462,3790"/>
                <Baseline points="2472,3818 2497,3821 2523,3825 2549,3826 2575,3827 2601,3827 2627,3826 2653,3826 2679,3824 2705,3823 2731,3823 2757,3822 2783,3821 2809,3821 2835,3823 2861,3824 2887,3827"/>
                <TextEquiv>
                    <Unicode>Görz.. + 22·4 NO</Unicode>
                </TextEquiv>
            </TextLine>
            <TextLine id="r1l196" custom="readingOrder {index:195;}">
                <Coords points="1984,3833 2015,3844 2037,3833 2094,3840 2120,3821 2149,3840 2182,3815 2201,3813 2273,3841 2271,3784 2244,3778 2222,3791 2179,3791 2156,3776 2124,3775 2107,3793 1983,3808"/>
                <Baseline points="1993,3831 2020,3829 2047,3827 2074,3827 2101,3825 2128,3824 2155,3823 2182,3822 2209,3822 2236,3822 2264,3822"/>
                <TextEquiv>
                    <Unicode>+18·6O 1</Unicode>
                </TextEquiv>
            </TextLine>
            <TextLine id="r1l197" custom="readingOrder {index:196;}">
                <Coords points="1777,3839 1859,3839 1866,3846 1887,3836 1903,3845 1931,3843 1943,3854 1988,3847 1988,3802 1954,3806 1947,3799 1935,3804 1922,3799 1885,3809 1871,3799 1832,3806 1827,3800 1777,3799"/>
                <Baseline points="1786,3836 1813,3833 1840,3832 1868,3832 1895,3832 1923,3833 1950,3834 1978,3834"/>
                <TextEquiv>
                    <Unicode>Gleichenbg.</Unicode>
                </TextEquiv>
            </TextLine>
            <TextLine id="r1l198" custom="readingOrder {index:197;}">
                <Coords points="353,3858 1750,3849 1511,3811 353,3814"/>
                <Baseline points="362,3859 430,3858 499,3857 568,3856 637,3855 706,3854 775,3854 844,3854 913,3854 982,3854 1051,3854 1119,3854 1188,3855 1257,3855 1326,3855 1395,3855 1464,3855 1533,3855 1602,3855 1671,3855 1740,3854"/>
                <TextEquiv>
                    <Unicode>Kerker vorbestraften Diebe Samuel Kauders und Richard Weiß in</Unicode>
                </TextEquiv>
            </TextLine>
            <TextLine id="r1l199" custom="readingOrder {index:198;}">
                <Coords points="2453,3856 2531,3872 2578,3871 2594,3855 2607,3867 2661,3855 2704,3870 2714,3860 2746,3868 2824,3856 2823,3822 2811,3819 2673,3832 2661,3823 2641,3840 2620,3831 2592,3842 2452,3817"/>
                <Baseline points="2462,3857 2487,3860 2512,3862 2537,3862 2562,3862 2588,3860 2613,3860 2638,3858 2663,3856 2688,3855 2714,3854 2739,3854 2764,3855 2789,3857 2815,3862"/>
                <TextEquiv>
                    <Unicode>Riva+ 23·4</Unicode>
                </TextEquiv>
            </TextLine>
            <TextLine id="r1l200" custom="readingOrder {index:199;}">
                <Coords points="2975,3864 2995,3862 3004,3870 3025,3863 3055,3864 3064,3871 3080,3862 3119,3866 3131,3877 3154,3873 3153,3823 3104,3822 3086,3810 3061,3830 3015,3828 3005,3833 2996,3826 2975,3827"/>
                <Baseline points="2985,3865 3011,3862 3038,3860 3065,3859 3091,3860 3118,3860 3145,3861"/>
                <TextEquiv>
                    <Unicode>½bewöllt</Unicode>
                </TextEquiv>
            </TextLine>
            <TextLine id="r1l201" custom="readingOrder {index:200;}">
                <Coords points="1770,3881 1797,3880 1802,3874 1843,3885 1979,3880 1979,3851 1953,3856 1928,3842 1893,3842 1886,3835 1866,3847 1858,3840 1833,3846 1812,3839 1771,3842"/>
                <Baseline points="1779,3874 1806,3872 1833,3872 1860,3872 1888,3872 1915,3873 1942,3874 1970,3875"/>
                <TextEquiv>
                    <Unicode>Ragusa</Unicode>
                </TextEquiv>
            </TextLine>
            <TextLine id="r1l202" custom="readingOrder {index:201;}">
                <Coords points="2971,3899 3011,3901 3029,3908 3087,3905 3094,3900 3123,3905 3123,3864 3110,3864 3103,3870 3093,3864 3063,3869 3019,3862 3004,3871 2996,3862 2971,3863"/>
                <Baseline points="2979,3895 3005,3894 3032,3894 3059,3895 3086,3895 3113,3895"/>
                <TextEquiv>
                    <Unicode>Regen</Unicode>
                </TextEquiv>
            </TextLine>
            <TextLine id="r1l203" custom="readingOrder {index:202;}">
                <Coords points="2284,3894 2317,3908 2331,3901 2344,3908 2411,3907 2416,3901 2421,3907 2439,3908 2459,3898 2459,3863 2432,3855 2404,3855 2390,3868 2379,3862 2374,3868 2345,3864 2338,3857 2284,3862"/>
                <Baseline points="2293,3896 2319,3897 2345,3897 2371,3897 2397,3896 2423,3897 2450,3897"/>
                <TextEquiv>
                    <Unicode>¼ bewölk</Unicode>
                </TextEquiv>
            </TextLine>
            <TextLine id="r1l204" custom="readingOrder {index:203;}">
                <Coords points="2462,3899 2948,3907 2968,3899 2968,3851 2895,3881 2837,3851 2704,3870 2660,3856 2462,3864"/>
                <Baseline points="2471,3897 2496,3897 2522,3897 2548,3897 2573,3897 2599,3897 2625,3897 2650,3897 2676,3897 2702,3897 2727,3897 2753,3897 2779,3897 2804,3897 2830,3897 2856,3898 2881,3898 2907,3898 2933,3898 2959,3898"/>
                <TextEquiv>
                    <Unicode>Semmering + 14·6|W 1</Unicode>
                </TextEquiv>
            </TextLine>
            <TextLine id="r1l205" custom="readingOrder {index:204;}">
                <Coords points="346,3909 1753,3903 1706,3857 1546,3850 346,3860"/>
                <Baseline points="355,3903 424,3901 493,3900 563,3898 632,3897 702,3897 771,3896 841,3896 910,3896 980,3897 1049,3897 1118,3897 1188,3898 1257,3898 1327,3898 1396,3898 1466,3898 1535,3898 1605,3897 1674,3896 1744,3894"/>
                <TextEquiv>
                    <Unicode>einer Wohnung, deren Besitzer nach Leipzig verreist war, einen Einbruchs¬</Unicode>
                </TextEquiv>
            </TextLine>
            <TextLine id="r1l206" custom="readingOrder {index:205;}">
                <Coords points="1995,3919 2018,3924 2039,3902 2062,3909 2122,3902 2121,3868 2113,3868 2105,3861 2091,3865 2081,3858 2061,3867 1994,3866"/>
                <Baseline points="2003,3899 2030,3899 2058,3899 2085,3899 2113,3897"/>
                <TextEquiv>
                    <Unicode>+ 19•5</Unicode>
                </TextEquiv>
            </TextLine>
            <TextLine id="r1l207" custom="readingOrder {index:206;}">
                <Coords points="1777,3916 1902,3918 1920,3908 1932,3920 1948,3914 1991,3928 1990,3880 1976,3877 1935,3893 1895,3881 1840,3884 1829,3878 1817,3884 1803,3873 1776,3877"/>
                <Baseline points="1786,3910 1814,3910 1842,3910 1870,3909 1898,3908 1926,3908 1954,3908 1982,3910"/>
                <TextEquiv>
                    <Unicode>Levico</Unicode>
                </TextEquiv>
            </TextLine>
            <TextLine id="r1l208" custom="readingOrder {index:207;}">
                <Coords points="2916,3957 2946,3954 2963,3967 3003,3950 3015,3956 3029,3947 3066,3953 3107,3949 3128,3944 3129,3909 3105,3899 3048,3910 2983,3898 2972,3904 2963,3896 2949,3908 2917,3904"/>
                <Baseline points="2925,3937 2952,3934 2980,3934 3008,3935 3035,3936 3063,3938 3091,3938 3119,3937"/>
                <TextEquiv>
                    <Unicode>Regen</Unicode>
                </TextEquiv>
            </TextLine>
            <TextLine id="r1l209" custom="readingOrder {index:208;}">
                <Coords points="354,3966 1759,3953 1759,3910 1656,3899 354,3905"/>
                <Baseline points="362,3947 431,3945 500,3943 570,3941 639,3940 709,3939 778,3938 848,3938 917,3938 987,3937 1056,3937 1125,3937 1195,3937 1264,3938 1334,3938 1403,3938 1473,3938 1542,3938 1612,3937 1681,3937 1751,3936"/>
                <TextEquiv>
                    <Unicode>diebstahl auszuführen. Sie erbrachen die Wohnungstür, sprengten mehrere</Unicode>
                </TextEquiv>
            </TextLine>
            <TextLine id="r1l210" custom="readingOrder {index:209;}">
                <Coords points="1765,3960 1988,3976 2081,3947 2122,3976 2222,3938 2272,3970 2537,3941 2813,3966 2850,3911 1764,3919"/>
                <Baseline points="1774,3949 1827,3946 1880,3945 1934,3943 1987,3942 2040,3940 2094,3939 2147,3938 2200,3938 2254,3937 2307,3937 2360,3936 2414,3936 2467,3936 2520,3936 2574,3937 2627,3937 2680,3937 2734,3938 2787,3939 2841,3939"/>
                <TextEquiv>
                    <Unicode>Lussinpicc. +203 O 1 Regen Schneeberg +10•4</Unicode>
                </TextEquiv>
            </TextLine>
            <TextLine id="r1l211" custom="readingOrder {index:210;}">
                <Coords points="357,3985 1704,3995 1750,3946 357,3960"/>
                <Baseline points="366,3987 434,3986 503,3984 572,3983 641,3982 709,3981 778,3981 847,3981 916,3981 984,3981 1053,3981 1122,3981 1191,3981 1259,3982 1328,3982 1397,3982 1466,3981 1534,3981 1603,3981 1672,3980 1741,3979"/>
                <TextEquiv>
                    <Unicode>Kasten auf, wurden aber bet ihrer Arbeit von Hausleuten überrascht.</Unicode>
                </TextEquiv>
            </TextLine>
            <TextLine id="r1l212" custom="readingOrder {index:211;}">
                <Coords points="1867,4005 3165,3994 3099,3947 1867,3970"/>
                <Baseline points="1876,4008 1940,4006 2004,4004 2068,4003 2132,4002 2196,4001 2260,4001 2324,4001 2388,4001 2452,4001 2516,4002 2580,4002 2644,4002 2708,4002 2772,4002 2836,4002 2900,4001 2964,4000 3028,3999 3092,3997 3156,3995"/>
                <TextEquiv>
                    <Unicode>Wetterprognose für Sonntag den 29. Juli: Ver¬</Unicode>
                </TextEquiv>
            </TextLine>
            <TextLine id="r1l213" custom="readingOrder {index:212;}">
                <Coords points="361,4034 1724,4039 1748,3986 361,3995"/>
                <Baseline points="370,4030 438,4028 506,4026 575,4025 643,4024 712,4023 780,4023 849,4022 917,4022 986,4022 1054,4022 1122,4022 1191,4023 1259,4023 1328,4023 1396,4023 1465,4023 1533,4023 1602,4023 1670,4023 1739,4022"/>
                <TextEquiv>
                    <Unicode>Während sich Kauders von einem Wachmann festnehmen ließ, sprang</Unicode>
                </TextEquiv>
            </TextLine>
            <TextLine id="r1l214" custom="readingOrder {index:213;}">
                <Coords points="1771,4055 3173,4052 3173,4013 3038,3999 1771,4009"/>
                <Baseline points="1780,4048 1849,4046 1918,4046 1987,4045 2056,4044 2126,4043 2195,4043 2264,4042 2333,4042 2402,4041 2472,4041 2541,4040 2610,4040 2679,4040 2748,4039 2818,4039 2887,4039 2956,4039 3025,4038 3094,4038 3164,4038"/>
                <TextEquiv>
                    <Unicode>änderlich, mäßige Winde, mäßig warm, allmähliche</Unicode>
                </TextEquiv>
            </TextLine>
            <TextLine id="r1l215" custom="readingOrder {index:214;}">
                <Coords points="362,4070 1746,4085 1746,4034 1647,4025 362,4034"/>
                <Baseline points="370,4071 438,4069 506,4068 574,4066 643,4065 711,4064 779,4064 848,4064 916,4063 984,4063 1053,4063 1121,4063 1189,4063 1257,4064 1326,4064 1394,4064 1462,4064 1531,4064 1599,4064 1667,4064 1736,4064"/>
                <TextEquiv>
                    <Unicode>Weiß aus dem Fenster des dritten Stockwerkes auf die</Unicode>
                </TextEquiv>
            </TextLine>
            <TextLine id="r1l216" custom="readingOrder {index:215;}">
                <Coords points="1777,4099 1802,4097 1812,4108 1920,4099 1943,4106 1982,4096 2054,4103 2054,4062 2038,4064 2020,4046 2006,4056 1895,4061 1880,4050 1857,4050 1843,4061 1813,4049 1776,4052"/>
                <Baseline points="1785,4085 1811,4086 1837,4086 1863,4086 1889,4085 1915,4085 1941,4084 1967,4083 1993,4083 2019,4083 2046,4084"/>
                <TextEquiv>
                    <Unicode>Besserung.</Unicode>
                </TextEquiv>
            </TextLine>
            <TextLine id="r1l217" custom="readingOrder {index:216;}">
                <Coords points="366,4115 1752,4117 1672,4058 366,4084"/>
                <Baseline points="374,4110 442,4109 510,4108 579,4108 647,4107 716,4107 784,4106 852,4106 921,4106 989,4105 1058,4105 1126,4105 1194,4105 1263,4105 1331,4105 1400,4105 1468,4105 1536,4105 1605,4105 1673,4105 1742,4105"/>
                <TextEquiv>
                    <Unicode>Straße und brach beide Beine. Man transportierte den Schwer¬</Unicode>
                </TextEquiv>
            </TextLine>
            <TextLine id="r1l218" custom="readingOrder {index:217;}">
                <Coords points="2368,4129 2421,4145 2445,4129 2564,4132 2582,4142 2622,4130 2668,4132 2672,4087 2611,4100 2581,4093 2505,4100 2495,4091 2368,4101"/>
                <Baseline points="2376,4119 2402,4120 2428,4120 2454,4119 2480,4119 2506,4119 2532,4118 2558,4118 2584,4118 2610,4118 2636,4119 2662,4121"/>
                <TextEquiv>
                    <Unicode> ee</Unicode>
                </TextEquiv>
            </TextLine>
            <TextLine id="r1l219" custom="readingOrder {index:218;}">
                <Coords points="349,4154 1692,4165 1757,4161 1757,4115 349,4130"/>
                <Baseline points="357,4153 426,4152 496,4151 565,4150 635,4150 705,4149 774,4149 844,4148 913,4148 983,4148 1053,4148 1122,4148 1192,4149 1261,4149 1331,4149 1401,4149 1470,4148 1540,4148 1609,4148 1679,4147 1749,4146"/>
                <TextEquiv>
                    <Unicode>verletzten ins Inquisitenspital, aus dem er gestern auf einer Tragbahre</Unicode>
                </TextEquiv>
            </TextLine>
            <TextLine id="r1l220" custom="readingOrder {index:219;}">
                <Coords points="356,4221 1584,4212 1759,4162 355,4159"/>
                <Baseline points="365,4195 434,4194 503,4194 572,4193 642,4193 711,4192 780,4192 849,4192 919,4191 988,4191 1057,4190 1126,4190 1196,4190 1265,4190 1334,4189 1403,4189 1473,4189 1542,4189 1611,4189 1680,4189 1750,4190"/>
                <TextEquiv>
                    <Unicode>einem Erkennimssenate, dem Oberlandesgerichtsrat Baion Distler prä¬</Unicode>
                </TextEquiv>
            </TextLine>
            <TextLine id="r1l221" custom="readingOrder {index:220;}">
                <Coords points="2682,4232 2720,4232 2723,4236 2727,4232 2797,4235 2797,4191 2735,4191 2710,4168 2691,4179 2682,4179"/>
                <Baseline points="2692,4224 2724,4225 2756,4224 2788,4224"/>
                <TextEquiv>
                    <Unicode></Unicode>
                </TextEquiv>
            </TextLine>
            <TextLine id="r1l222" custom="readingOrder {index:221;}">
                <Coords points="2586,4232 2600,4232 2617,4237 2633,4141 2601,4137"/>
                <Baseline points="2596,4223 2610,4225"/>
                <TextEquiv>
                    <Unicode>5</Unicode>
                </TextEquiv>
            </TextLine>
            <TextLine id="r1l223" custom="readingOrder {index:222;}">
                <Coords points="2625,4236 2646,4233 2651,4237 2658,4232 2683,4232 2688,4138 2676,4139 2670,4143 2667,4141 2661,4146 2651,4141 2644,4146 2630,4144"/>
                <Baseline points="2634,4223 2674,4225"/>
                <TextEquiv>
                    <Unicode></Unicode>
                </TextEquiv>
            </TextLine>
            <TextLine id="r1l224" custom="readingOrder {index:223;}">
                <Coords points="1932,4253 1999,4236 2358,4242 2359,4183 2225,4192 2177,4163 2105,4198 1931,4195"/>
                <Baseline points="1941,4233 1966,4232 1992,4230 2017,4229 2043,4228 2069,4228 2094,4228 2120,4227 2146,4227 2171,4227 2197,4227 2222,4226 2248,4226 2274,4226 2299,4226 2325,4225 2351,4225"/>
                <TextEquiv>
                    <Unicode></Unicode>
                </TextEquiv>
            </TextLine>
            <TextLine id="r1l225" custom="readingOrder {index:224;}">
                <Coords points="2844,4232 2919,4233 2934,4240 3000,4236 3017,4247 3033,4246 3036,4213 3015,4204 3006,4209 2991,4204 2979,4190 2962,4187 2945,4196 2908,4191 2901,4196 2889,4184 2875,4190 2848,4188"/>
                <Baseline points="2854,4223 2882,4224 2910,4225 2939,4226 2967,4229 2995,4233 3024,4239"/>
                <TextEquiv>
                    <Unicode>Wa</Unicode>
                </TextEquiv>
            </TextLine>
            <TextLine id="r1l226" custom="readingOrder {index:225;}">
                <Coords points="329,4253 1734,4257 1757,4208 329,4220"/>
                <Baseline points="337,4244 407,4241 478,4237 548,4235 619,4233 689,4232 760,4231 830,4231 901,4230 971,4230 1042,4230 1113,4231 1183,4231 1254,4232 1324,4232 1395,4233 1465,4233 1536,4233 1606,4233 1677,4233 1748,4233"/>
                <TextEquiv>
                    <Unicode>sidierte, wegen Diebstahlsversuch und Reversion vorgeführt wurde. Gleich¬</Unicode>
                </TextEquiv>
            </TextLine>
            <TextEquiv>
                <Unicode>box 41/2
neous
e
1. Mis. 11a.
Nr. 207.
29. Juli 1906.
Fremden-Slatt.
Wien, Sonntag
Seite 16.
gibts bei der nichts aus. — Die Gattin des Angeklagten entschlug sich
Beethoven, Grillparzer, Schubert und Lenau gewandelt, die großen
der Zeugenaussage und bat um Nachsicht für ihren Mann, der infolge
Unsterblichen, die gleich ihm nie völlig gewürdigt wurden, die gleich
dessen mit der Strafe des Verweises davonkam.
ihm, vom Undank der Zeit im Herzen krank, gestrebt und gelitten!
Wie oft mag sein Genius bei seinen einsamen Spaziergängen
— (Eingestellte Untersuchung.) Im Jänner 1906 geriet die
Zwiesprache gehalten haben mit ihrem Geiste, der über allen
Fima Brüder Robitschek u. Ehrlich, deren Alleminhaber Herr
Wipfeln webt und bebt. Nun ruht er auch in ihrer Erde —
Hermann Ehrlich ist, mit einem Passivum von zirka 300.000 Kronen
in Konkurs. Es wurde gegen Herrn Hermann Ehrlich das Stajverfahren
seiner wahren Heimaterde! . .. Sein Wirken aber wird unvergessen
eingeleitet, dies umso mehr, als von verschiedenen Seiten Anzeigen über
bleiben! Die neue Zeit, der Saar so oft sinnend entgegenträumte,
angeblich unkorrektes Gebaren einliesen. Da sich jedoch diese Anzeigen als
wird kommen. Mehr und mehr wird das alte Wien, das er so sehr
unbegründet herausstellten, wurde die Untersuchung gegen Hermann
geliebt, dessen wehmütiger Sänger er gewesen, verschwinden. Stolzer,
Ehrlich, für den Dr. Viktor Rosenfeld als Verleidiger fungierte,
moderner, weltstädtischer wird sich die neue Stadt immer wieder
mangels jeglichen strafbaren Tatbestandes eingestellt.
ausbreiten und nur die besten Kostbarkeiten der Vergangenheit werden
einer späteren Zeit erhalten bleiben. Je mehr aber die alten Mauern
(Ein Prozeßz gegen die türkische Regierung.) Ein öster¬
fallen und stürzen, desto inniger, desto mehr von Poesie umflossen
reichischer Prozeß gegen die türtische Regierung, dessen Vorgeschichte auf
85 Jahre zurückgeht, wird demnächst zur Austragung gelangen. In Perzagno
wir die Vergangenheit emporsteigen. Denn wundersame Macht liegt
starb vor turzem der Kontreadmiral d. R. Markus Ritter v. Florio.
im Zauber des Einst! Als ein immer teureres Vermächinis wird
Er hatte von seinem Vater, dem Kavitän Lukas v. Florio, als Erbstück
das Wien des Fischer v. Erlach dem kommenden Geschlecht er¬
einen Prozeß übernommen, dessen Ausgang auch er, der Sohn, nicht mehr
scheinen, jene feine, edle, traumumsponnene Kultur des alten Wiener
erlebte und den jetzt seine Nichte Baronin Hartlieb weiterführt. De.
Barok und seiner Gärten, die Saar so sehr geliebt, so unvergänglich
Sachverhalt ist folgender: Am 21. Juli 1821 lier von Venedig das
besungen . .. Dann werden auch des Dichters Werke ihren stärksten
Bartschiff „Ovidio“, dessen Eigentümer und Kommandant Kapitän Lukas
Zauber ausstrahlen, den seinen Duft ihrer echten Wiener Art!
Florio, Vater des eben verstorbenen Admirals war, mit einer Ladung
Vielleicht wird dann auch ein neues Geschlecht kommen, ein Geschlecht
leerer Fässer nach Mytilene aus. Auf der Höhe von Andros Oros
wurde das Barkschiff von einer türkischen Fregatte angehalten, ein Offizier
mit „weniger Geist und mehr Haltung“, wie es Artur Schnitzler,
mit zwanzig türtischen Soldaten kam an Bord und erklärte, die Schiffs¬
der Beste der jüngeren Gencration, ahnend verkündet! Und dann
papiere für gefälscht, obwohl sie vollkommen in Ordnung waren. In Chios
wird vielleicht wieder einmal ein junger Poet, blond und blauäugig
wurde Florio dem Gouverneur vorgefährt, der das Schiff als „gute
wie einst der junge Saar — dieselbe Straße ziehen, den Berg
Prise“ und den Kapitän nebst der ganzen Besatzung des „Ovidio“ als
hinauf, an dem Döblinger Kirchhof vorbei, und den Hut ziehend,
seine Gefangenen erklärte. Erst nach fünf Monaten wurde Florio
mit hellen Augen vom grünen Kahlenberge seinen zukunftsfrohen
und dessen Leute auf Intervention des Konsuls in Chios wieder frei¬
Gruß hinübersenden in die schweigende Vergangenheit, zu dem
gelassen und die Pforte verpflichtete sich zu einer Entschädigung von
teuren Dichter, der dort ruht, unserem lieben, alten Saar!...
10.000 fürkischen Pfund; in der Zwischenzeit war aber das Barkschiff
„Ovidio“ gänzlich unbrauchbar geworden. Kapitän Florio gab sich aber
mit der ihm angebotenen Schadloshaltung nicht zufrieden und erhe2
Aus dem Gerichtssaale.
dagegen Einspruch, ohne jedoch zum Ziele zu gelangen. Ebensowen##
Wien, 29. Juli.
gelangte sein Sohn, der jetzt verstorbene Admiral, zum Ziele. Der Prozeß
(Alle Neun — am Schnürchen.) In einem Hernalser Gast¬
wird nun, wie erwähnt, von dessen Nichte Baronin Hartlieb übernommen¬:
hausgarten veranstaltete kürzlich eine Stammgesellschaft das sogenannte
die sich auf den türkischen Schuldschein aus dem Jahre 1823 stützt, des
im Jahre 1853 von der türkischen Regierung dem österreichischen Konst#
Bestschieben mit namhaften Einsätzen. Der Gewinn sollte jenem Spieler
gegenüber anerkannt wurde. Das Ministerium des Aeußern hat die
zugesprochen werden, der auf einen Schub die meisten Kegel umwarf.
Erlaubnis erteilt, den Prozeß wieder aufzunehmen, beziehungsweise ###
Zum höchsten Erstaunen der Spieler machte der Schirmmacher Johann
Ende zu führen.
Baumann, der nicht gerade eine geschickte Hand bewies, „alle Neunt.
Pflichtgemäß schrie der Kegelbub das unerwarteie Resultat aus. Einige

Internationaler telegraphischer Weiterbericht
ungläubige Pariner, die absolut nicht an die Meisterschaft Baumanns
die „toten“ Kegel
Eglauben wollten, eilten zum Kegelstand und siehe
der Zentralanstalt für Meteorologie in Wien am 28. Juli, 7 Uhr morgens.
lagen alle an Schnürchen befestigt, deren Enden vom Kegeljungen
.
marionettenartig gehandhabt werden konnten. Das war des Rätsels Lölung,
52
55
52
S —
daß alle neun Kegel umgefallen waren, obgleich die Kugel Baumanns
1
5
1
„R.
2
Stationen
5
2 5
5
sogar „gewandelt“ hatte. Der entlarvte Kegeljunge suchte schleunigst das
S
4
8
5
64
Weite, es wäre ihm sonst vermutlich recht übel ergangen. Die geprellten
8
2
Spieler aber schlugen Lärm, sprachen erregt von Betrug und verlangten
heiter
Lemberg + 168 WNW 2
1 trüb
ihr Geld zurück. In dem Wirrwarr erschien ein Sicherheitswachmann, ließ
Wien+ 19·4 NW
+ 21·0 |NW
+ 15·6
Budapest.
½bewölk
¾ bewölkt
1
Prag
sich den merkwürdigen „Fall“ erzählen und erstauete die Meldung. Gegen
+ 19·3 W
trüb
¾ bewölkt
Berlmn
+ 18·1 W
Graz
Baumann wurde die Betrugsanzeige erstattet. Bei der gestrigen Verhand¬
Paris+ 15·3 SSW 1
Regen
heiter
+ 16·2 S
Ischl
lung vor dem Heinalser Strafrichter Dr. Gaunersdorfer beteuerte
+ 22•4
Regen
¼bewölk
Rom
+ 16·3 SW
Salzburg:
+ 17·4 SW
trüb
trüb
München
+ 18·1 O
der Schirmmacher leohaft, er sei mit dem Kegeljungen nicht im Einverständ¬
Klagenfurt
heiter
+ 18·0 WNW 1
+172
Hamburg.
¾ bewölk
Innsbruck
nisse gewesen, dieser habe sich vermutlich einen Jux erlaubt. Der Junge
+ 17•5
trüb
¾ bewölk
Zürich
+ 21·8
Triest
konnte nicht ausgeforscht werden. Da kein Schuldbeweis herzustellen war,
+19•0
2
¼ bewöll.
+ 20·6 (0
¾ bewölkt Biarritz
Pola
mußte Baumann freigesprochen werden.
Nizza+ 24·0 |NO 1 ¼bewölk
+ 167 WNWI heiter
Krakau
Klimatische Kurorte und Gebirgsstationen.
 (Der Sprung eines Einbrechers vom dritten Stocke.)
trüb
trüb
Rohitsch=S. + 18·6
Abbazia, + 20•5
Vor kurzem versuchten die zwei gerichtsbekannten schon mit vieljährigem
1 trüb
Görz.. + 22·4 NO
+18·6O 1
Gleichenbg.
Kerker vorbestraften Diebe Samuel Kauders und Richard Weiß in
Riva+ 23·4
½bewöllt
Ragusa
Regen
¼ bewölk
Semmering + 14·6|W 1
einer Wohnung, deren Besitzer nach Leipzig verreist war, einen Einbruchs¬
+ 19•5
Levico
Regen
diebstahl auszuführen. Sie erbrachen die Wohnungstür, sprengten mehrere
Lussinpicc. +203 O 1 Regen Schneeberg +10•4
Kasten auf, wurden aber bet ihrer Arbeit von Hausleuten überrascht.
Wetterprognose für Sonntag den 29. Juli: Ver¬
Während sich Kauders von einem Wachmann festnehmen ließ, sprang
änderlich, mäßige Winde, mäßig warm, allmähliche
Weiß aus dem Fenster des dritten Stockwerkes auf die
Besserung.
Straße und brach beide Beine. Man transportierte den Schwer¬
 ee
verletzten ins Inquisitenspital, aus dem er gestern auf einer Tragbahre
einem Erkennimssenate, dem Oberlandesgerichtsrat Baion Distler prä¬

5


Wa
sidierte, wegen Diebstahlsversuch und Reversion vorgeführt wurde. Gleich¬</Unicode>
            </TextEquiv>
        </TextRegion>
    </Page>
</PcGts>
