3436 4320
2073 201 2190 270 —
1165 299 1624 387 box 41/2
701 318 781 366 an
125 289 1018 403 11. Misce1 1
2553 819 2627 897 1r3
1319 839 1814 906 Das Wisfen für Hlle
525 848 772 909 Jahrg. 1907
1592 962 2692 1026 oft  verändern; bisher jedenfalls gehörten zu ihren
469 968 1573 1028 allerjüngsten Dramen („Der Meister", „Der arme
1592 1026 2690 1075 hervorstechendsten Zügen häufiger, der Mode folgender
473 1019 1564 1071 Narr“) vollzieht sich, ersichtlich unter Schnitzlers Einfluß,
1598 1068 2686 1125 oder scheinbar vorauseilender Stilwechsel, Jagd auf
479 1076 1574 1125 eine Durchgeistigung und Vertiefung, welche von der
1597 1111 2692 1161 Aktualität, auf Unverbrauchtes und Nochniedagewesenes,
469 1124 1566 1178 Reklame= und Skandalsucht der greulichen Erstlinge,
1582 1167 2679 1221 dabei wie gesagt starke Abhängigkeit von den eigentlich
474 1166 1565 1224 von der oberflächlich Lindauschen Sensationsmache in
1590 1210 2688 1269 schöpferischen Individualitäten, völlige Gleichgiltigkeit
476 1210 1571 1268 „Tschaperl“, „Star“ u. a., den krampfhaften Er¬
1591 1261 2686 1307 des Verfassers gegenüber ernsten Fragen und Problemen
475 1268 1567 1324 zentrizitäten der „Josephine“ und von der Scheinheiligkeit
1664 1313 2678 1371 eine Gleichgiltigkeit, die mit Ibsens Souveränitét
467 1315 1570 1371 des „Franzl“ und des „Apostels“ wohltnend absticht. Auch
1584 1359 2681 1418 natürlich nichts gemein hat — endlich eine gute, aber
479 1365 1571 1417 hier wieder einmal ist ein abschließendes Urteil noch
1585 1403 2691 1466 nicht erstklassige Technik des Erfolges. Mit einem Wort:
477 1417 1568 1467 ganz unmöglich, und die Physiognomie des Dramatikers
1587 1455 1978 1519 Journalistendrama.
471 1466 1577 1523 Bahr kann und wird sich noch — wer mag wissen, wie
2396 1462 2674 1536 Fortietzung folgt.
2008 1602 2311 1719 Renwoelf.
836 1614 2001 1719 Die Pflanze im Kampfe mit der
1120 2264 1512 2355 Telephon 12801.
2566 2310 2956 2406 Telephon 12801.
363 2426 436 2491 *
489 2356 859 2525 M
874 2432 1500 2528 TEEETRTSSMNENN
371 2489 428 2536 7
1806 2470 2944 2583 Peemm
367 2536 1503 2594 O l. österr. behördl. konz. Unternehmen für Zeitungs-Ausschnitte
372 2566 441 2613 65
1825 2585 2956 2643 O l. österr. behördl. konz. Unternehmen für Zeitungs-Ausschnitte
544 2579 1397 2682 Wien, I., Concordiaplatz 4.
349 2605 453 2702 8
1974 2624 2857 2715 Wien, I., Concordiaplatz 4.
758 2669 1175 2720 Vertretungen
2203 2692 2631 2767 Vertretungen
356 2706 1508 2754 G in Berlin, Budapest, Chicago, Christiania, Genf, Kopen¬
358 2756 1507 2801 hagen, London, Madrid, Mailand, Minncapolis, New-Vork,
1847 2763 2940 2833 9 in Berlin, Budapest, Chicago, Christiania, Genf, Kopen¬
467 2790 1481 2849 Paris, Rom, San Francisco, Stockholm, St. Petersburg.
1802 2797 2945 2849 hagen, London, Madrid, Mailand, Minneapolis, New-Vork,
774 2827 1166 2897 (quellenangabe ohne Gewahr.)
1905 2830 2932 2885 Paris, Rom, San Francisco, Stockholm, St. Petersburg.
2230 2878 2620 2927 (Qu#lienangabe ohne Gewähr.)
379 2868 755 2949 ∆ Ausschnitt a#
719 2885 1513 3001 Seutsche Zeitung, Wien
1827 2922 2289 3008 * Ausschnitt aus:
394 2936 447 2986 5
2099 2978 2189 3043 4 #
346 2984 575 3042 E vom:
2173 2985 2983 3094 Deutsche Zeitung, Wien
682 3012 1042 3107 EBAOOR
1797 3040 2041 3103 E vom:
1883 3131 2964 3193 Die liberalen Faselhänse sprechen stets mit Ver¬
490 3142 1581 3229 Wenn man für einen gebildeten Menschen gelten
1787 3191 2963 3242 achtung von dem „finsteren Mittelalter“. Nun, gar so
388 3172 1262 3279 Will, so ist es nicht unbedingt notwendig,
1267 3230 1588 3290 daß man die
1797 3236 2976 3288 finster stelle ich mir dieses Zeitalter nicht vor, in dem
390 3261 1231 3350 Werke des Artur Schnitzler gelesen hat.
1769 3271 2972 3366 Sterne wie Albertus Magnus, Thomas von Aquino,
1787 3326 2964 3402 Heinrich Eckhard. Walter von der Vogelweide, Gottfried
1794 3387 2964 3439 v. Straßburg und Wolfram v. Eschenbach leuchteten, die
1780 3447 2972 3510 jedenfalls heller strahlten als die Irrlichter Häckel, Frank
1788 3483 2968 3546 Wedekind und Artur Schnitzler, die gegenwärtig unsere
1787 3517 2437 3587 geistige Illumination beforgen.
