3344 4352
1133 276 1579 364 box 41/2
356 288 470 351 iS C
134 300 991 395 1########
805 1597 1632 1668 Enquete zur Bekämpfung der
911 1648 1525 1732 Geschlechtskrankheiten.
775 1725 1694 1796 Zu Beginn der gestrigen Sitzung gab Vor¬
759 1753 1689 1829 sitzender Prof. Finger ein kurzes Resumée
763 1826 1689 1885 üiber die Ergebnisse der Enquete hinsichtlich der
758 1868 1516 1914 Verbreitung der Geschlechtskrankheiten.
865 1917 1561 1974 Lohn= und Wohnungsverhältnisse.
765 1977 1687 2038 Hofrat Prof. Dr. Philippovich beleuchtete
748 2025 1690 2073 die düsteren Lohn= und Wohnungsverhältnisse
736 2070 1694 2119 der armen Volksschichten. Die Lohnverhältnisse
743 2110 1690 2170 der Frauen erreichen oft ein so tiefes Nweau,
1878 110 1993 157 Pereee
1764 148 2498 228 ###.7 Ein Brief Arthur Schnitzlers.
1741 189 2682 277 Vom Schriftsteller Arthur Schnitzler lag
1718 245 2235 314 folgendes Schreiben vor:
1756 300 2683 365 1. Antwort auf die Frage, inwiefern Werke
1707 352 2677 411 der Literatur und Kunst sexuell zu irritieren ver¬
1715 395 2682 436 mögen: Ob ein Jüngling von der tizianischen
1705 442 2682 490 Venus fortgeht und sich eine Stunde darauf bei
1712 487 2676 526 einer Prostituierten oder einem anderen weib¬
1712 527 2668 575 lichen Wesen infiziert — oder ob er mit seiner
1722 574 2683 631 Geliebten oder seiner Frau unter der Nachwirkung
1708 609 2679 670 desselben Reizes einen neuen Shakespeare zeugt
1718 651 2678 698 oder seinen eigenen Mörder, das ist schließlich
1706 695 2685 761 nur eine Glücksfrage. Und zweifellos kann jede
1716 746 2676 803 dieser Möglichkeiten eintreten, auch wenn es nicht
1716 783 2683 849 die tizianische Venus war, der jener Jüngling
1720 829 2667 890 seine Erregung verdankt, sondern eine völlig
1708 886 2668 937 kunstfremde Aktphotographie oder irgendeine
1708 927 2669 971 obszöne Darstellung. Sicher aber ist es, daß pro¬
1717 946 2677 1029 zentual die sexuell irritierenden Bildwerke und
1711 1013 2669 1064 Druckschriften, sowohl künstlerischer als unkünst¬
1709 1053 2672 1092 lerischer Natur, den vielfachen Verlockungen des
1717 1099 2670 1141 täglichen Lebens und dem steten physiologischen
1722 1137 2675 1218 Wirken der Geschlechtlichkeit gegenüber gar nicht
1724 1182 2307 1241 in Anschlag zu bringen sind.
1748 1221 2676 1286 2. Die Frage, inwiefern die seruelle Wirkung
1706 1277 2675 1337 von Kunstwerken berechtigt sei, scheint mir
1719 1321 2680 1382 so müßig, als es die Frage wäre, ob sexuelle
1715 1367 2678 1426 Erregung durch den Anblick einer schönen, leben¬
1714 1402 2675 1468 digen Gestalt des gleichen oder des anderen Ge¬
1724 1451 2676 1518 schlechtes berechtigt ist. Die Kunst ist hin¬
1722 1496 2676 1557 sichtlich der Wirkungen, die sie erzielt, so unbe¬
1713 1539 2669 1591 kümmert wie die Natur. Und ich finde, wenn
1715 1590 2677 1632 einmal ein großes Kunstwerk geschaffen würde
1711 1631 2669 1674 von so ungeheurer sexueller Reizmacht daß eine
1721 1675 2671 1739 Flutwelle von Sinnlichkeit sich über die ganze
1710 1719 2661 1766 Menschheit ergösse, so wäre das ebensowenig An¬
1722 1766 2670 1812 laß, die Ausstellung, Weiterverbreitung, Ver¬
1716 1809 2672 1867 vielfältigung dieses Kunstwerkes zu verbieten,
1723 1856 2674 1924 als die Behörden bisher den Versuch gewagt
1724 1900 2674 1957 haben, die körperliche Schönheit zu untersagen.
1748 1947 2673 1992 3. Meine Bedenken gegen die Porno¬
1717 1990 2668 2045 graphie sind ausschließlich ästheti¬
1703 2036 2674 2081 scher Natur. Das heißt: meine Abneigung
1715 2076 2670 2136 gegen pornographische Produkte beruht nicht
1714 2124 2662 2187 darauf, daß manchen die Eigenschaft innewohnt,
1719 2170 2667 2215 sexuelle Erregungen auszulösen, was sie be¬
1711 2218 2664 2272 kanntlich mit manchen wirklichen Kunstwerken
1707 2262 2667 2314 gemeinsam haben, sondern darauf, daß porno¬
1700 2311 2665 2370 graphische Produkte immer etwas Verlogenes
1698 2343 2662 2415 oder Talentverlassenes, manchmal beides zugleich
1708 2388 1936 2445 vorstellen.
1760 2421 2661 2489 Ich glaube nicht, daß die Grenze zwischen
1708 2483 2653 2534 Pornographie und Kunstwerk schwer fest¬
1706 2523 2660 2583 zustellen ist. Der Kenner wird diese Grenze
1700 2571 2663 2624 gerade so gut festzustellen imstande sein wie
1710 2613 2663 2670 jede andere zwischen Kunst und Nichtkunst.
1707 2657 2654 2697 Das Mißliche ist nur, daß dieser Grenzfrage
1699 2697 2661 2759 gegenüber nicht nur jene Leute versagen, denen
1706 2744 2661 2799 von Geburt aus die Fähigkeit mangelt, Kunst¬
1705 2793 2661 2855 werke zu beurteilen, also die große Mehrzahl
1696 2834 2659 2889 der gesamten Menschheit, sondern auch manche,
1698 2873 2670 2935 denen wohl die Fähigkeit gegeben wäre, die
1709 2929 2657 2979 aber durch falsche Erziehung, krankhaft ge¬
1700 2963 2665 3029 steigerte Erregbarkeit oder aus Gründen
1710 2999 2668 3069 berufs= und gewerbsmäßiger Heuchelei geneigt
1713 3053 2659 3108 sind, jedes Kunstwerk vor allem auf seinen
1712 3100 2663 3151 sexuellen Irritationskoeffizienten hin anzu¬
1708 3137 2664 3184 sehen. Es scheint mir überhaupt kein Anlaß
1693 3181 2660 3252 vorzuliegen, die Frage der Geschlechtskrank¬
1704 3227 2655 3270 heiten von der Tatsache der geschlechtlichen
1695 3271 2661 3330 Erregung aus in Angriff zu nehmen, gegen die
1707 3312 2661 3369 ja doch glücklicherweise jede staatliche und jede
1703 3363 2654 3417 kirchliche Maßnahme vollkommen machtlos
1701 3392 2660 3462 bleiben wird. Die Frage der Geschlechtskrank¬
1693 3445 2660 3497 heiten ist nur von den Gesichtspunkten der
1701 3489 2655 3540 Aufklärung, der allgemeinen Bildung und
1695 3532 2654 3591 der Aufrichtigkeit anzugehen und der Kampf
1690 3569 2662 3629 gegen die Geschlechtskrankheiten und ihre Ver¬
1689 3621 2668 3680 breitung sei ein Kampf gegen Unbil¬
1689 3674 2657 3722 dung, falsche Schamhaftigkeit und Heuchelei,
1690 3708 2660 3746 arte aber nicht aus in einen Kampf gegen
1701 3753 2669 3802 die Sinnenfreude als lebenverschönende und
1702 3789 2196 3858 lebensschöpferische Kraft.“
1987 3847 2374 3919 Aus der Debatte.
1744 3896 2661 3959 Der Vorsteher der Buchhändlerkorvoration
1687 3959 2660 4006 Herr Deuticke sprach hierauf über die Aus¬
1697 3995 2655 4054 breitung der pornographischen Literatur im
1704 4037 1879 4093 Handel.
1744 4072 2646 4139 Landesausschuß Vielohlawek führte aus
1687 4121 2653 4182 über die Ursachen der Geschlechtskrankheiten sei
