3392 4352
1188 267 1646 379 box 41/2
170 277 1044 403 11. Miscellaneeus
1021 997 1426 1078 Telephon 1280f.
387 1163 1344 1245 Kenee DrES Sr
240 1171 353 1243 2
338 1246 1412 1315 I. östorr. behördl. konz. Unternehmen für Zeitungs¬
729 1301 1010 1357 Ausschnite
415 1348 1313 1432 Wien, I., Concordiaplatz 4.
671 1424 1069 1493 Vertretungen
321 1472 1429 1542 in Berlin, Budapest, Chicago, Christiania, Genf, Kopen¬
324 1524 1418 1577 hagen, London, Madrid, Mailand, Minnespolls, Nerr Vork,
324 1557 1419 1615 Paris, Rom, San Francisco, Stockholm, St. Petersburg.
668 1601 1074 1669 (uellenangabe ohne Oewahr.)
328 1656 688 1752 Ausschnitt
683 1623 1381 1770 Fankfurter Zeitors
944 1810 1394 1891 24. DE Z. 1908
405 1862 1490 1957 = Arthur Schninler über Kunt und Pornographic,1
360 1904 681 1982 Der Generalsel
837 1923 1480 1993 Mreichischen Gesellschaft zur Me¬
347 1963 1479 2030 kämpfung der Geschlechtskrankheiten, Pros. Dr. S. Ehr¬
350 2000 1479 2068 mann (Wien), hat in einem jetzt erschienenen Buche die Er¬
354 2038 1482 2112 gebnisse einer Enquête zusammengestellt, die kürzlich von der
359 2079 1473 2154 Gesellschaft veranstaitet worden ist. Das Wiener Extrablatt
349 2115 1466 2186 gibt aus dem Bande die Ausführungen wieder, die Artbur
348 2157 1462 2229 Schnitzler über das Verhältnis zwischen Kunst und
332 2182 1475 2280 [Pornographie gemacht hat. Der österreichische Dichler
1258 2276 1477 2338 SAPA
306 2324 1447 2393 ist der Ansicht, „daß prozentual die sexuell irritierenden Bild¬
312 2369 1446 2410 werke und Druckschriften, sowohl künstlerischer als unkünst¬
321 2405 1448 2457 lerischer Natur den vielfachen Verlockungen des täglichen Le¬
319 2448 1445 2517 bens und dem steten physiologischen Wirken der Geschlechtlich¬
315 2487 1451 2539 keit gegenüber gar nicht in Anschlag zu bringen sind. „Die
319 2523 1449 2591 Frage aber, inwiefern die sexuelle Wirkung von Kunstwerken
317 2569 1449 2610 berechtigt sei.“ se schreibt er, „scheint mir so müßig,
321 2612 1451 2661 als es die Frage wäre, ob sexuelle Erregung durch den An¬
314 2648 1443 2696 blick einer schönen, lebendigen Gestalt des gleichen oder an¬
306 2688 1443 2728 dern Geschlochtfrechtigt ist. Die Kunst ist hinsichtlich der
307 2726 1447 2775 Wirkungen, die sie erzielt, so unbekümmert wie die Natur.
312 2767 1447 2806 Und ich finde, wenn einmal ein großes Kunstwerk geschaffen
301 2800 1447 2857 würde von so ungeheurer sexueller Reizkraft, daß eine Flut¬
309 2847 1442 2894 welle von Sinnlichkeit sich über die gesamte Menschheit ergösse,
314 2880 1459 2928 so wäre das ebensowenig Anlaß, die Ausstellung, Weiterver¬
311 2926 1451 2986 breitung. Vervielfältigung dieses Kunstwerks zu verbieten,
305 2964 1448 3005 als die Lehörden bisher den Versuch gemacht haben, die körper¬
310 3002 1452 3058 liche Schönheit zu untersagen. Meine Bedenken gegen die
300 3039 1442 3088 Pornographie sind ausschließlich ästhetischer Natur.
301 3082 1458 3135 Das heißt, meine Abneigung gegen pornographische Produkte
312 3124 1443 3172 beruht nicht darauf, daß manchen die Eigenschaft innewohnt,
305 3165 1439 3207 sexuelle Erregungen auszulösen, was sie bekanntlich mit man¬
302 3205 1444 3254 chen wirklichen Kunstwerken gemeinsam haben, sondern
306 3235 1439 3308 darauf, daß pornographische Produkte immer etwas verlogenes
303 3284 1441 3323 oder talentverlassenes, manchmal beides zugleich vorstellen.
311 3324 1442 3368 Ich glaube nicht, daß die Grenze zwischen Pornographie und
298 3371 1436 3420 Kunstwerk schwer festzustellen ist. Der Kenner wird diese
302 3401 1437 3445 Grenze gerade so gut festzustellen imstande sein wie jede an¬
306 3433 1443 3489 dere zwischen Kunst und Nichtkunst. Das mißliche ist nur,
306 3481 1442 3535 daß dieser Grenzfrage gegenüber nicht nur diejenigen Leute
302 3523 1447 3591 versagen, denen von Geburt aus die Fähigkeit mangelt.
305 3552 1435 3621 Kunstwerke zu beurteilen, also die große Mehrzahl der ge¬
302 3597 1438 3643 samten Menschheit, sondern auch manche, denen wohl diese
306 3638 1436 3700 Fähigkeit gegeben wäre, die aber durch falsche Erziehung,
308 3677 1436 3724 kranihaft gesteigerte Erregbarkeit oder aus Gründen berufs¬
300 3724 1440 3763 und gewerbsmäßiger Heuchelei geneigt sind,“ jedes Kunst¬
304 3749 1469 3824 werk, vor allem auf seinen sexuellen Irritations=Koeffizienten
306 3796 620 3871 hin anzusehen.
2143 923 2353 997 191 1018
1702 902 2738 1098 Seent eusianm esenengeot weg
1767 1020 1824 1109 G
2595 1136 2710 1231 □
1729 1261 2074 1361 # Parich, Tör
2135 1305 2431 1382 Gaeienangehe  en
1690 1374 2483 1468 ig Ausschnitt aus: 30. 1Z. 1905
2174 1465 2725 1556 Feitung, Ber
1774 1480 1950 1545 vom:
2075 1541 2506 1622 gabe
1909 1602 2727 1681 Der Generalsekretär der österreichischen Gesell¬
1807 1658 2719 1726 schäft zur Bekämpfung der Geschlechtskrankheiten,
1800 1705 2738 1766 Prof. Dr. S. Ehrmann (Wien), hat in einem jetzt
1796 1741 2737 1793 erschienenen Buche die Ergebnisse einer Enquete zu¬
1801 1783 2722 1826 sammengestellt, die kürzlich von der Gesellschaft ver¬
1809 1824 2728 1880 anstaltet worden ist. Das „Wiener Extrablatt“
1797 1857 2723 1920 gibt aus dem Bande die Ausführungen wieder,
1799 1900 2728 1959 die Arthur Schnitzler über das Verhältnis
1798 1937 2722 1979 zwischen Kn####e==Po##ioraphie gemacht
1792 1978 2481 2026 hat. Der österreichische Dichter ist
2500 1982 2724 2033 der An¬
1792 2014 2720 2075 sicht, „daß prozentual die sexuell irritieren¬
1792 2048 2726 2110 den Bildwerke und Druckschriften, sowohl künstlerischer;
1789 2103 2726 2142 als unkünstlerischer Natur, den vielsachen Verlockungen
1798 2131 2732 2197 des täglichen Lebens und dem steten physiologischen
1792 2165 2730 2220 Wirken der Geschlechtlichkeit gegenüber gar nicht in
1786 2206 2675 2267 Auschlag zu bringen sind. „Die Frage aber, in
1782 2236 2733 2299 wiesern die sexuelle Wirkung von Kunstwerken be¬
1788 2286 2712 2344 rechtigt sei.“ so schreibt er, „scheint mir so müßig,
1782 2342 2728 2394 als es die Frage wäre, ob sexuelle Erregung durch
1782 2376 2712 2415 den Anblick einer schönen, lebendigen Gestalt des
1788 2405 2725 2477 gleichen oder anderen Geschlechts berechtigt ist. Die
1785 2444 2722 2495 kunst ist hinsichtlich der Wirtungen, die sie erzielt, so
1785 2487 2725 2542 unbekümmert wie die Natur. Und ich finde, wenn
1779 2514 2728 2580 einmal ein großes Kunstwerk geschaffen würde von so
1785 2573 2724 2629 ungeheurer sexueller Reizkraft, daß eine Flutwelle von
1792 2610 2721 2662 Sinnlichkeit sich über die gesamte Menschheit ergösse,
1781 2646 2727 2699 so wäre das ebensowenig Anlaß, die Ausstellung,
1777 2676 2725 2758 Weiterverbreitung, Vervielfältigung dieses ##swerks
1783 2732 2720 2795 zu verbieten, als die Behörden bisher. Ver¬
1773 2764 2724 2841 such gemacht haben, die körperliche Schönheit
1773 2794 1869 2850 zu
1871 2806 2618 2846 untersogen. Meine Bedenken gegen
1773 2842 2479 2886 Pornographie sind ausschließlich
2499 2846 2715 2906 ästhetischer
1773 2887 2719 2939 Natur. Das heißt, meine Abneigung gegen
1774 2922 2708 2977 pornographische Produkte beruht nicht darauf,
1766 3006 2713 3073 daß manchen die Eigenschaft innewohnt, sexuelle
1773 3055 2719 3113 (Erregungen auszulösen, was sie bekanntlich mit
1778 3097 2710 3152 manchen wirklichen Kunstwerken gemeinsam haben,
1777 3139 2711 3177 sondern darauf, daß pornographische Produkte immer
1776 3171 2715 3232 #etwas Verlogenes oder Tulentverlassenes, manchmal
1771 3214 1966 3272 beides
1972 3200 2731 3274 eich vorstellen. Ich glaube nicht, daß
1773 3250 1927 3313 die G.
1962 3249 2728 3316 ####e zwischen Pornographie und Kunst¬
2413 3289 2712 3350 Der Kenner
1771 3293 1906 3357 werk
1941 3287 2383 3348 Der festzustellen ist.
1779 3324 2716 3378 wird diese Grenze gerade so gut festzu¬
1772 3370 2723 3427 stellen imstande sein, wie jed; andere zwischen
1776 3412 2722 3457 Kunst und Nichtkunst. Das mißliche ist nur, daß
1768 3455 2719 3505 dieser Grenzfrage gegenüber nicht nur diejenigen
1767 3490 2723 3555 Deute versagen, denen von Geburt aus die Fähigreit;
1775 3526 2738 3580 mangelt, Kunstwerke zu beurteilen, also die große ##
1771 3570 2720 3614 Mehrzahl der gesamten Menschheit, sondern auch
1778 3609 2718 3650 manche, denen wohl diese Fähigkeit gegeben wäre,
1772 3646 2712 3702 die aber durch salsche Erziehung, krankhaft gesteigerte
1769 3689 2717 3735 Erregbarkeit oder aus Gründen berufs= und gewerbs¬
1777 3704 2730 3772 mäßiger Heuchelei geneigt sind, jedes Kunstwerk vor
1777 3748 2763 3820 adem auf seinen sexuellen Irrilations=Koeffizienten 5
1768 3805 2061 3860 hin anzusehen.“
