3392 4352
164 265 1001 377 1. Miscellaneeus
1172 261 1623 347 box 41/2
1964 120 2964 164 #enosnn Popp stüderte Tohnverhalinisse
1841 142 2972 197 in verschiedenen Branchen und führte aus: In der Schaf¬
1844 188 2985 231 wollwirkerei, die jetzt sehr stark betrieben wird, hat ein
1845 226 2974 274 Mädchen, um einen Schulterkragen fertigzubringen, zwölf bis
1833 265 2985 302 dreizehn Stunden zu arbeiten und sie bekommt für einen solchen
1840 306 2971 351 Kragen 34 Heller. Erst wenn sie sehr geübt ist, bringt sie in
1847 346 2976 384 zwei Tagen drei sragen fertig, hat also einen Tagesverdienst
1833 370 2967 418 von 51 Hellern. Bei der Erzeugung von „Lockendrehern“
1833 421 2977 462 aus Leder, die das Haarbrennen ersetzen sollen, kann eine geübte
1836 451 2981 496 Arbeiterin sieben Heller in der Stunde verdienen.
1836 492 2983 532 In Schokolade= und Bonbonsfabriken renom¬
1839 526 2979 563 mierter Firmen verdienen Arbeiterinnen wöchentlich 6 bis
1848 569 2977 612 10 Kronen. Wo nicht eine starké Organisation der Arbeiterinnen
1846 595 2973 637 besteht, sind die Verhältnisse noch so schauderhaft, wie sie vor
1846 637 2978 688 zwölf Jahren in der Enquete über Frauenarbeit die ganze
1845 673 2986 719 Oeffentlichkeit kennen gelernt hat. Erst durch einen Streik haben
1848 713 2987 764 die Zuckerwarenarbeiterinnen einen Minimallohn von 8 Kronen
1849 755 2982 785 erzielt. In der Zigarettenpapiererzeugung ver¬
1849 788 2985 828 dient die Arbeiterin bei einer Arbeitszeit von 5 Uhr Früh bis
1851 829 2979 864 halb 9 Uhr Abends 10 bis 12 Kronen. Modistinnen be¬
1846 866 2978 915 kommen nach zweijähriger Lehrzeit 30 Kronen monat¬
1841 895 2989 938 lich. 40 bis 44 Kronen sind ein hoher Verdienst und
1847 935 2978 987 nur sehr hochqualifizierte haben Monatslöhne von 50 und
1844 983 2977 1024 60 Kronen und darüber. Dabei muß in allen diesen Branchen
1845 1016 2980 1063 lange „ausgesetzt“ werden. Da die Ueberstunden in der Saison
1857 1051 2977 1093 nicht höher entlohnt werden als die normale Arbeitsstunde, so
1846 1086 2979 1131 können die Arbeiterinnen für die tote Zeit nichts zurücklegen
1856 1128 2988 1174 und verfallen in Schulden und Elend. Weil man in Wien
1856 1165 2982 1212 Arbeiterinnen verschiedener Branchen kennt, die durch die
1859 1190 2983 1255 Organisation ihre Löhne erhöht haben, kommen einem Schilde¬
1853 1245 2983 1291 rungen der Zustände in Branchen, wo keine Organisation be¬
1858 1271 2976 1323 steht, als Uebertreibung vor. Nichtsdestoweniger sind diese
1862 1315 2977 1368 Schilderungen Wahrheit. Furchtbar, niedrig ist die Entlohnung
1859 1350 2985 1398 der Frauenarbeit in der Provinz. In Budweis bekommen ge¬
1855 1394 2982 1439 lernte Näherinnen 60 Heller Taglohn und „Wohnung". Weil
1860 1427 2985 1479 sie davon nicht leben können, bekommen sie zu dem Lohne
1859 1466 2993 1518 noch die Belehrung, daß sie am Abend ausgehen können und in
1847 1502 2990 1549 Budweis eine Garnison liegt. In Leoben werden im Schneider¬
1860 1537 2996 1589 gewerbe nur 40 Heller Taglohn gezahlt. Was für die
1847 1577 2998 1634 Arbeiterinnen besonders verderblich ist, ist die Preisgabe infolge
1863 1596 2991 1666 Zwanges durch Vorgesetzte. Wenn irgend einer, der
1850 1649 2983 1688 Einfluß auf die Verteilung der Arbeit hat, die Arbeiterin
1846 1693 2984 1742 merken läßt, daß sie, wenn sie ihm Gunst erweist, ihre Stellung
1853 1732 2978 1778 verbessern, angenehmere und besser gezahlte Arbeit bekommen
1852 1771 2978 1816 und bessere Behandlung erfahren kann, wird niemand einen
1849 1805 2980 1854 Stein auf die Arbeiterin werfen, die dabei den ersten Schritt
1862 1843 2976 1888 tut, dem dann in der Zeit der Arbeitslosigkeit bald der zweite
1863 1882 2985 1929 folgt. Die Rednerin besprach dann die Verhältnisse, welche
1852 1916 2983 1977 Dienstboten und Kellnerinnen zur Prostitution
1857 1956 2986 2008 treiben, und kam dann auf die Choristinnen zu sprechen.
1851 2002 2986 2044 Da ist es festgestellt, daß der größte Teil als Elevinnen beginnt
1864 2033 2986 2080 und 30 Kronen im Monat bekommt. Diese „Gage“ steigt später
1856 2086 2989 2126 auf 40 und 50 Kronen und nur selten auf 80 Kronen. Man
1861 2105 2984 2157 glaubt nun nach dem Worte, daß die Elevinnen im Theater
1862 2154 2986 2198 singen lernen. Das ist nicht der Fall. Wer singen lernen will,
1855 2187 2992 2235 muß Privatunterricht nehmen und dafür so viel zahlen, als die
1861 2221 2980 2266 Entlohnung beträgt. Freilich glaubt man vielfach, daß alle
1855 2259 2980 2302 Choristinnen Ergänzung ihres Einkommens suchen. Diese An¬
1862 2296 2993 2344 nahme ist aber falsch. Man findet unter den Choristinnen sehr
1857 2334 2995 2390 viele Mädchen, die das nicht tun und die jeder für anständig
1861 2378 2131 2430 erklären muß.
1957 2405 2990 2482 Genossin Popp schloß: Was die Aenderungen, die diese
1858 2467 2993 2523 Enquete zur Folge haben soll, betrifft, bin ich sehr pessimistisch.
1858 2512 2984 2552 Als die entsetzenerregenden Tatsachen aus der Frauenarbeits¬
1862 2541 2995 2593 enquete im Jahre 1896 bekannt wurden, glaubten viele, daß
1863 2580 2982 2633 Parlament und Regierung eingreifen und helfen werden. Sie
1865 2617 2996 2680 wurden enttäuscht. Besser ist es nur insoweit geworden, als die
1858 2656 2988 2705 Organisation der Arbeiterinnen die Besserung herbeigeführt hat.
1855 2695 2202 2759 (Lebhafter Beifall.)
1965 2731 2991 2797 Nun wurde über Kunst, Literatur und
1858 2783 2992 2836 Pornographie als erregendes Moment gesprochen, und
1862 2827 2984 2876 zwar sehr viel, trotzdem diese Erscheinungen mit den Geschlechts¬
1854 2866 2992 2909 krankheiten nur sehr mittelbar zu tun haben. Es wurde manches
1867 2904 3003 2949 Gute gesagt, insbesondere von Dr. Brandweiner, Dr.
1859 2951 2984 2991 Himmelbauer, dem Vertreter des Volksbildungsvereines,
1864 2992 2999 3031 und dem Buchhändler Heller. Der Buchhändler Deuticke
1864 3017 2994 3058 versuchte eine so eingehende Behandlung des Themas, daß
1858 3057 2989 3107 ihn der Vorsitzende Professor Dr. Finger zur Beendigung
2768 3097 2995 3144 er äußerte
1869 3097 2631 3144 auffordern mußte. Der Dichter Arthur Sch
1861 3107 2992 3180 sich schriftlich. Er meint, daß, was oie Geschrichtsrrankheiten
1860 3169 2985 3212 betrifft, sowohl künstlerische Schöpfungen als obszöne Dar¬
1862 3206 2985 3256 stellungen gegenüber den vielfachen Verlockungen des täglichen
1863 3255 2991 3294 Lebens und dem steten physiologischen Wirken der Geschlechtlich¬
1860 3284 2982 3328 keit nicht in Betracht kommen. Ebenso wie ein Kunstwerk könne
1858 3316 2991 3365 die körperliche Schönheit sexuellen Reiz ausüben. Es sei verfehlt,
1856 3363 2984 3402 die Frage der Geschlechtskrankheiten von den Tatsachen aus zu
1859 3393 2986 3450 behandeln, die geschlechtliche Erregung bewirken. Der Kampf
1866 3433 2991 3482 gegen die Geschlechtskrankheiten müsse ein Kampf gegen Un¬
1861 3473 2995 3523 bildung, falsche Schamhaftigkeit und Heuchelei sein, dürfe aber
1854 3512 2998 3553 nicht in einen Kampf gegen die Sinnenfreude ausarten. Landes¬
1855 3552 2986 3602 ausschuß Bielohlawek, der ebenfalls das Wort ergriß,
1856 3575 2995 3626 erklärte, daß er als Referent über die Wohlfahrtsanstalten
1859 3626 2991 3673 spreche, der fünf Irrenhäuser zu verwalten habe, und führte aus:
1862 3658 2983 3699 Wir müssen hier nur über die Bekämpfung der Geschechts¬
1863 3697 2992 3744 krankheiten sprechen. Deshalb hat mich auch der Brief
1867 3736 2990 3785 Schnitzlers angenehm berührt, denn man kann nicht aus jedem
1858 3779 2990 3824 Geschlechtsverkehr gleich auf Syphilis schließen. Ich stamme
1853 3816 2990 3865 aus den niedrigsten Verhältnissen und war auch beim
1856 3845 2988 3897 Militär. Ich bin aber nicht krank geworden, denn ich
1862 3884 2990 3931 hatte vom Regimentsarzt die Aufklärung, wie ich mich zu ver¬
1868 3928 2986 3978 halten habe. Drei Viertel aller Menschen glauben aber, es genügt,
1854 3966 2997 4019 wenn man sich das Gesicht allein wäscht. Wir müssen Mittel
1857 3994 2996 4050 und Wege zur Abwehr der Krankheit suchen. Ich sehe in den
1858 4048 2993 4088 Irrenanstalten die schrecklichen Folgen der Syphilis, aber des¬
1845 4072 3002 4140 halb darf man nicht sagen, daß diese Krankheit schon Paralyse
2843 4119 2918 4169 AAA
