3344 4352
1121 295 1595 399 box 41/2
627 313 774 380 an
130 305 1062 430 1. Miscellansous
243 823 3287 907 denn das Lachen eines Kranken ist nicht ein Zeichen seiner besser mit Sokrates gehalten: Ueber Flötenspiel haben anderes als die sogenannten
2611 875 3317 942 wissenschaften und wenn die Phil
1426 879 2626 956 Musiker zu entscheiden, über Dichtwerke die Dichter.
249 895 1440 961 Gesundheit. Die niedrigen Zwecke, wozu man die Poesie
2598 903 3319 988 der Ergebnisse der Sprachwisseusch
1445 924 2617 988 Wenn Geheimer Rat Ostwald sagt, daß „die geistigen
253 946 1441 1021 anwandte, machten sie verächtlich, zuletzt abscheulich.“ Diese
1439 970 3326 1041 Führer der Menschheit in überwiegender Mehrzahl die den Geist des klassischen Altertun
248 1018 1451 1082 strafenden aber gerechten Worte schreibt kein „Dunkelmann“,
2609 1017 3316 1079 Verständnis der vorausgegangen
1443 1010 2627 1094 geistige Speise zurückgewiesen haben, die ihnen von der
248 1032 1448 1128 kein „Reaktivnär“, sondern Herder hat sie zürnend einst gesagt,
2619 1055 3322 1131 führt und uns geschichtlich schauc
1445 1074 2611 1141 Schule geboten wurde“, so hat er einerseits nur Chemiker
3157 1116 3298 1174 und
243 1104 1446 1181 und die Rede des großen Kritikers hat heute noch volle Geltung.
2982 1114 3183 1190 geht
2607 1119 2973 1176 noch weiter
1444 1119 2616 1181 und Physiker unter dem Namen „geistige Führer“ im
3008 1158 3173 1230 Licht
2611 1148 2994 1227 Sprachforschung
252 1163 1448 1237 Darf es uns da Wunder nehmen, wenn man die Werke
1440 1149 2613 1228 Auge, wie er es ja selbst sagt, anderseuts ist die Tat¬
2613 1198 3312 1266 menschlichen Geschichte bringt, vor
245 1215 1447 1307 unserer ganz Großen nur mehr als Ausstattungsstücke
1455 1214 2609 1291 sache offenbar damit zu erklären, daß die Schule zufolge
2610 1261 3310 1321 kein Heldenbuch meldet“, so erö
1444 1257 2621 1328 ihrer Eigenschaft als Bildungsstätte für eine große
258 1266 1450 1335 oder als Objekte für Parademätzchen eines Stars sehen
2610 1287 3320 1376 die uns in Ehrfurcht erschauern
1449 1304 2629 1380 Anzahl sehr verschieden begibler Menschen eine gewisse
250 1323 1449 1398 will, wenn der tiefe Hebbel, der formenschöne Grillparzer
2614 1349 3314 1428 also einer jeuer großen Philologen
1449 1367 2618 1431 vermittelnde, nivellierende Tendenz nicht verleugnen
248 1370 1443 1444 die Menge kalt lassen? Dürfen wir erstaunt sein, wenn
2619 1386 3311 1484 die Menschheit nichts geleistet h
1449 1413 2618 1478 kann. Das Genie jedoch überspringt diese Grenzen und
256 1427 1455 1492 tüchtige Talente wie Martin Greiff und mehr andere
2618 1450 3318 1508 Menschen „bloße Worte“ nennen,
1457 1459 2626 1526 wehrt von sich ab, was mit seiner eigenartigen Denk¬
259 1479 1459 1549 überhaupt verfehmt sind und wenn sicherlich viele Caesaren
2616 1501 3289 1568 die Denkmale der heftigsten E
1437 1505 2625 1577 richtung nicht im Einklang steht. Deshalb beschäftigt sich
262 1541 1341 1627 hinter den Pflug unbekannt weiter wandern müssen?
2611 1544 3284 1621 bogen für die größten Siege d
1440 1559 2624 1620 Helmholtz in den philologischen Stunden unter der Bank
338 1573 1447 1652 Nein und abermals nein! Gesundung kann nur kommen,
2618 1581 3302 1671 Menschen gewonnen sind. Erst
1444 1610 2616 1673 mit geometrischen und optischen Konstruktionen, was in
261 1643 1446 1711 wenn wahrhafte Nationaltheater erstehen, mit unerschrockenen
2619 1642 3299 1715 Namen für Leib und Seele,
1459 1659 2613 1715 unseren Schulen ja auch heute noch vorkommen soll.
2622 1686 3321 1762 gebildet hatte, begann der erste
262 1695 1446 1763 Männern an ihrer Spite, die keine Clique von Rezensenten,
1457 1703 2622 1767 Aber die philologischen Gegenstände können doch nichts
2625 1731 3313 1821 Menschengeschlechtes. Nicht eher
1448 1746 2621 1813 dafür. Ostwald glaubt nun in der mangelnden
268 1750 1452 1819 keinen Klüngel von Antoren, keinen Ring von Agenren be¬
2616 1789 3323 1857 Recht und Unrecht, für Gott
1444 1800 2632 1865 [Logik der Sprache den Grund für ihr
262 1796 1454 1860 rücksichtigen, die auch nicht den gemeinen Instinkten der
2613 1839 3324 1921 konnte es etwas geben, wa
1451 1842 2632 1908 Unvermögen, die Anlagen großer
257 1856 1457 1924 Hörer huldigen, sondern die edlen in ihnen erwecken wollen.
2610 1869 3324 1947 menschlichen Gesellschaft Verdiente.
2255 1883 2628 1960 finden. Bei
1453 1898 2193 1971 Männer auszubilden,
269 1906 1457 1999 Finden sich solche Männer, so sollen Staat und Kommune
2624 1934 3315 2010 neue Entdeckung und diese Ent
1461 1942 2626 2008 seiner Beschäftigung mit dem Problem einer Weltsprache
1327 1960 1464 2025 eine
1042 1963 1350 2036 das ist
381 1966 1032 2038 fördern und unterstützen,
264 1974 376 2038 sie
2619 1982 3311 2041 wichtiger als die größten Er
1460 1982 2641 2077 sei ihm ein Verdacht zur Gewißheit geworden, nämlich
258 2010 1465 2093 Kulturmission, die sie zu erfüllen haben. Keiner Partei¬
1460 2028 3317 2109 der der außerordentlichen Willkür und Ziellosigkeit Aegyptens und Babyloniens. Ni
270 2066 1462 2141 keiner Richtung soll die Bühne angehören, jede ernsthafte
1562 2081 3317 2156 des Mangels an Logik bei der Bil= Forschern hat prächtigere Paläste
1452 2090 1584 2157 und
2622 2126 3242 2198 Elymologe. Jedes Wort ist
262 2121 1462 2197 Weltanschauung, von einem Talent vertreten, mag auf ihr zur
1451 2128 2631 2198 dung natürlichr Sprachen. Dieser Verdacht“ ist
2631 2178 3315 2245 lichen Gedankens und in der wi
263 2180 1462 2248 Anschauung gebracht werden, jeder gesunden Fröhlichkeit, auch
1458 2189 2623 2254 auch völlig richtig und Ostwald ist nicht der
2627 2234 3322 2299 gie besitzen wir ein Zaubermittel,
263 2233 1451 2312 Derbheit soll sie offen stehen, aber der Protektionswirtschaft,
1458 2228 2635 2308 erste, dem er zur Gewißheit geworden ist; es sei hier nur
2628 2276 3297 2336 wieder lebendig zu machen.“
1458 2293 2627 2354 auf Steinthals diesbezügliche Arbeiten verwiesen. Die
258 2287 1465 2355 den literarischen Börsenmenschen und der gemeinen Zote
2629 2320 3324 2406 Sammlung „Leben und Religion
1452 2327 2633 2406 Sprache ist eben nicht logisch, sondern psychologisch wie
271 2344 1076 2428 verschlossen werden und immer bleiben.
2714 2373 3281 2438 Wenn Professor Ostwald
1453 2377 2637 2446 ein Forscher treffend bemerkt hat. Ein hervorrag endes
364 2370 1461 2465 Gelingt es, dann erst kann eine nationale Kunst eine
2629 2409 3313 2495 Panegyrikus widmet — was ist
1464 2427 2633 2498 Mittel, den Gedanken selhst mit Klarheit zu erfassen, ist
266 2446 1458 2522 Heimstätte in unsern Theatern finden, können Talente liebe¬
2627 2464 3296 2529 dürfte dafür ohnedies nicht viel
1454 2461 2620 2544 die Vergleichung verschiedener Ausdrucksweisen für den¬
277 2492 1466 2568 voll geschult und gepflegt werden, kann die dramatische
2620 2516 3320 2580 müssen ja doch darnach streben, die
1465 2521 2630 2592 selben Gegenstand in den verschiedenen Sprachen und die
269 2553 1461 2620 Kunst dem hohem Ziel sich nähern, das ihr Friedrich
2621 2568 3324 2644 Menschen zu erziehen, die in
1461 2568 2627 2646 dadurch erfolgende Emanzivation eben der mißlichen Eigen¬
267 2592 959 2693 Schiller einst mahnend gewiesen.
2628 2609 3327 2681 umgebende Welt von einer
1466 2618 2632 2702 schaft der Sprache, die Ostwald meint, wenn er sagt, die
2619 2651 3315 2738 Warte zu überschauen. Das G
367 2641 1457 2720 Es hieße ein hoffnungsloser Optimist sein, wenn man
1462 2669 2642 2736 heutigen Wortformen seien „fossile Bänke“ von An¬
2623 2718 3326 2780 alledem Bahn und übersor
277 2710 1465 2785 annehmen wollte, daß die Zeit der Verwirklichung dieser
1466 2718 2642 2782 schauungsweisen und Sprachbildungen vergangener Ge¬
2629 2755 3328 2819 die für die übrige Menschheit ein
1455 2754 2635 2829 schlechter. Eben durch Vergleichung dieser „fossilen Bänke“
280 2768 1457 2835 Forderung bald herankommen werde; sie ist noch fern und
2621 2814 3328 2875 wir heute einen Teil der Jugen
1459 2807 2636 2887 wird man von „fetischistischer Verehrung“ derselben bewahrt.
276 2821 1461 2885 schwerer Kämpfe und mutiger Männer bedarf es, um sie
2626 2843 3310 2922 klaisischen Sprachen unterweisen,
1463 2870 2635 2935 — Ostwald sagt aber auch, die Beschäftigung mit Sprachen
279 2859 1474 2939 der Erfüllung näher zu bringen. Aussichtslos ist trotzdem
2637 2899 3306 2971 bloß ein Akt der Dankbarkeit
1464 2912 2636 2981 ertöte das Kausalitätsgefühl, das Bewußtsein, daß
276 2928 1464 2998 der Blick in die Zukunft nicht, denn der innerste Wesens¬
2631 2935 3334 3015 Ahnen, sondern wir dienen dami
1468 2956 2640 3037 aus richtigen Voraussetzungen sich richtige Folgerungen
275 2977 1459 3044 kern des Empfindens unseres Volkes ist abhold und fremd
2627 2992 3319 3060 Sprache Roms zur formalen
1461 3010 2642 3083 ergeben, was eben die Unlogik der Sprache sei. Als
280 3028 1469 3108 den bösen Geistern, die heute das Theater regieren und daher
2624 3045 3323 3122 während die Sprache von Hellas
1460 3060 2629 3122 Antwort darauf sei die Frage aufgeworfen, weiches
268 3084 1460 3158 wird der Tag kommen, wo nicht die stolze Ilias — aber
2630 3090 3326 3160 zum Verständnis der tausend
1468 3092 2630 3171 Gesetz, welche Regel aus dem Gebiete anderer Wissen¬
281 3145 1465 3217 die Afterkunst auf unserer Bühne zu Schanden wird. Möge
2627 3140 3330 3211 deren Organ die griechische Sprch
1459 3156 2632 3223 schaften läßt sich, Mathematik ausgenommen, wirklich
2640 3199 3305 3270 ist aber, wie Wilamowitz sagt,
278 3196 1030 3288 sein Erscheinen nicht allzufern sein!
1471 3214 2629 3275 ohne Modifikatieneu oder Ausnahmen darstellen? Sollen
2625 3247 3317 3304 danken, sondern deren lebendiger
1459 3251 2642 3342 wir überall Kansalität schnüffeln, etwa wie Weber in
2631 3287 3330 3363 setzung erschließt uns die unverg#
1464 3304 1988 3398 „Dreizehnlinden“ sagt:
278 3276 1467 3424 Der Wert des Sprachunterrichtes.
2643 3347 3335 3426 Werke, sondern lediglich das St#
1682 3351 2415 3439 „Nur das Einmaleins soll gelten,
281 3390 1472 3485 Ein Wort zur bevorstehenden Mittelschulenquete.
1680 3421 2424 3511 Hebel, Walze, Rad, und Hammer;
1675 3456 2295 3523 Alles andere, oder Plunder,
658 3465 1110 3557 Aus Fachkreisen.
1679 3512 2337 3588 Flackre in der Feuerkammer.“
280 3523 380 3603 1148
2673 3388 3336 3625 Politische Kul
374 3517 1483 3616 Nächste Woche b.ginnt die Mittelschulenquete, auf
1549 3549 2654 3640 Den Vogel hat Ostwald mit seiner Behauptung ab¬
283 3584 1482 3661 der eine Klärung in dem Widerstreit der Meinungen fur
2948 3598 3324 3703 Oesterreich-Il
1463 3608 2659 3698 geschossen indem er der Sprachwissenscheaft überhaupt den
287 3634 1486 3712 und gegen den Sprachunterricht an unseren Mittelschulen
1462 3673 2642 3740 Namen Wissenschaft abspricht. Vor der Frage nach dem
274 3687 1473 3766 versucht werden soll. Universitätsprofessor Wilhelm
1464 3697 2659 3799 Kennzeichen einer Wissenschaft ausgebend, gelangt er auf
2713 3710 3322 3802 Die beiden Minister
277 3738 1472 3802 Ouwald hat kürzlich im Verein für Schulreform zu
288 3767 3328 3852 diesem Thema Ideen ausgesprochen, die möglicherweise einem seltsamen Wege zu dem Ergebnis, daß ein Mensch, zeichnet. Der Kaiser hat den be
286 3807 3326 3914 auf den Gang der Enquete hinüberwirken werden, zumal der eine Wissenschaft beherrscht, ungefähr die Rolle Dr. Freiherrn von Beck und
286 3867 1798 3969 er sich durch die Erwidernna, die er nan dem Norei# hat 8ie #.— #
