3344 4256
1305 -6 1420 73 W
609 58 1363 130 Wien, I., Schulerstraße Nr. 9
681 114 1292 196 und in den eigenen Filialen.
394 266 1568 387 Städtische Angelegenheiten.
674 405 1292 485 Aus dem Rathause.
348 450 1598 563 Die nächsten Gemeinderatssitzungen. — Der Huldigungsfestzug.
645 518 1377 575 Empfänge. — Die Kinderhuldigung.
446 546 1587 640 Zur Verifizierung der in der zweiten Hälfte des
342 614 1590 677 Monats März vorgenommenen Gemeinderats= und Bezirksrats¬
340 659 1590 722 wahlen ist für nächsten Freitag den 10. d. M. eine Gemeinde¬
338 704 1604 780 ratssitzung anberaumt, in welcher auch die Verabschiedung der
337 753 1596 815 ausscheidenden Gemeinderäte erfolgen wird. Möglicherweise gelangt
338 800 1584 866 in dieser Sitzung das Referat über die Subvention der Gemeinde
346 851 1587 907 für den Jubiläumsfestzug zur Beratung. Dann wird
344 893 1578 952 der Gemeinderat erst wieder für den 24. d. M. einberufen
337 944 1598 1002 werden. An dieser Sitzung nehmen zum erstenmal die neuen
342 998 1590 1050 Gemeinderäte teil, die ihre Angelobung zu leisten haben.
331 1038 1578 1103 Außerdem dient die Sitzung der Wahl ver beiden zur Wiederwahl
332 1073 1591 1155 in den Gemeinderat gelangten Vizebürgermeister Dr. Porzer
334 1130 1581 1202 und Hierhammer und zur Neu= beziehungsweise Wiederwahl
320 1171 1592 1249 der Stadtrite. Es sind zwölf Stadtratsmandate frei, und zwar
324 1212 1594 1274 der Herren Brauneiß, Büsch, Gräf, Sebastian Grünbeck, Hörmann,
320 1273 1592 1341 Knoll, Oppenberger, Rauer, Weitmann, Wessely und Braun sowie
324 1320 1569 1376 des durch Tod abgegangenen kaiserlichen Rates Dr. Krenn. Die
336 1358 381 1399 —
430 1363 745 1401 #0 heatunt i
1778 41 2851 104 r Gemahl begleitet sie dann, wenn sie später singt. Er
1605 82 2868 156 scheint ganz millionärrisch verliebt und lauscht mit sichtlichem Ent¬
1603 136 2676 188 zücken ihren klingenden Arien. Besonders den Dollarien.
1712 178 2866 251 Die Stimme der jungen Frau ist von sehr sympathischer,
1597 228 2532 287 goldener Klangfarbe — ausgesprochen Sopran
2605 234 2880 317 und zeichnet
1608 278 2614 357 sich durch Reichtum in den hohen Noten aus.
1706 375 2871 462 Gegen 1 Uhr wird ein Luuch serviert. Das Menü enthält
1603 426 2500 497 zumeist ungemein kostbare Gerichte. So u. a.:
1701 484 2865 551 Hundert Mark knödelsuppe oder portugiesische Mille¬
1597 530 2604 603 [Reis suppe — Tausend Kronen hummer
2604 553 2865 611 — Gold¬
1596 584 2870 660 fasan und ähnliche standesgemäße Genüsse. Zur Zubereitung der
1605 639 2867 725 Speisen wird ein ganz ungewöhnliches Fett verwendet: Echte
1599 680 1981 741 Brillantine.
1692 782 2856 862 Nach Tische rastet sich das junge Paar von den An¬
1601 838 2857 896 strengungen der bisherigen Tagestätigkeit aus. Nach der Ruhe
1606 893 2865 955 erscheint der gräfliche Hausarzt, um sich nach dem Befinden der
1602 930 2133 998 Herrschaften zu erkundigen.
1696 974 2866 1037 Die beiden Gatten ließen sich von ihm vorgestern wiegen,
1598 1037 2864 1082 um ihr Gewicht festzustellen. Der Graf wiegt 84 Kilo 25 Deka,
1594 1072 2863 1141 die Gräfin annähernd 800.000 Pfund Sterling. Der Graf
1589 1120 2867 1178 hat seit seiner Ehe an Gewichtigkeit zugenommen, die junge Frau
1596 1168 2362 1227 um einige tausend Pfund abgenommen.
1687 1300 2851 1372 Um 7 Uhr 20 Minuten fährt die gräfliche Equipage vor.
1579 1319 2859 1413 Zwei „Goldfüchse" (für die der Graf besondere Sympathie
1589 1406 2867 1445 hat) reinrassiges Vollblut (für das die Gräfin schwärmt)
1591 1441 2863 1521 sind vorgespannt. Eine Minute vor ½8 Uhr betritt das gräfliche
1585 1492 2860 1580 Ehepaar seine Loge im Opernhaus; um 9 Uhr 41 Minuten ver¬
1585 1545 2282 1601 lassen die Herrschaften das Theater.
1691 1587 2466 1668 Der weitere Bericht folgt telegraphisch.
2532 1627 2797 1712 Robert.
1741 1731 1952 1863 Bei
1961 1741 2825 1891 Hermann Bahr. #/
1954 1850 2460 1940 Von Hermann Menkes.
1681 1919 2862 1992 Das Heim Hermann Bahrs in Ober=St.=Veit ist in diesen
1565 1942 2853 2034 Blättern einmal schon geschildert worden. Die Villa, ein Werk
1583 2027 2852 2098 Meister Olbrichs, ist in eine stille und freundliche Landschaft mit
1575 2076 2843 2126 schmalen Wegen, Waldansätzen und Gärten harmonisch hinein¬
1567 2112 2847 2192 gebaut. Stilisierter und mit einem Raffinement an Tönen muten
1580 2171 2849 2234 die sonnigen und lichtvollen Innenräume an. Diese Zimmer und
1571 2218 2850 2279 Gelasse bieten Farbensymphonien im Sinne des modern
1568 2269 2846 2334 Malerischen. Die Farben und Formen der Gegenstände sind auf
1577 2314 2847 2368 Einheitlichkeit gestimmt. Der angebrachte Bilderschmuck, eine
1578 2358 2834 2426 Rabierung von Munch, zeichnerische Porträts der Duse und der
1572 2413 2842 2482 Sada Jacco, paßt zu dem gebotenen Rahmen, und ganz be¬
1573 2450 2716 2530 sonders paßt in dieses Milieu die Gestalt Hermann Bahrs.
1676 2512 2840 2591 Das ist der Meister, wie er in modernen Romanen dar¬
1560 2544 2843 2629 gestellt ist. Eine hohe Gestalt, die zur Fülle neigt. Die schon
1562 2615 2834 2687 etwas ergrauten Haare lang gewachsen und ein wenig derangiert.
1566 2657 2836 2725 Die Stirn energisch geformt und an der einen Seite frei. Ein
1563 2723 2845 2780 gut gepflegter, schöner Vollbart à la Lenbach. Die Kleidung
1574 2760 1959 2824 apart, Ateliertracht.
1685 2811 2838 2889 Er ist eben aus Berlin, wo er als Regisseur an den
1560 2869 2825 2934 Reinhardtschen Bühnen seit zwei Jahren wirkt, in sein stilles
1561 2905 2829 2994 Heim für kurze Zeit zurückgekehrt. Es war naheliegend, daß sich
1559 2970 2831 3031 unser gleich lebhaft entsponnenes Gespräch dem Theater zuwandte.
1572 3023 2828 3070 „Von den frühen Morgenstunden bis Mittag und vom Nachmittag
1557 3069 2835 3126 bis 1 Uhr morgens bewege ich mich im Theater. Und wenn ich
1559 3116 2831 3169 einen Abend nicht bei Reinhardt bin, dann verbringe ich diese
1563 3163 2838 3213 Stunden eben in einem anderen Theater. Das ist so mein Leben
1557 3214 2831 3275 in Berlin.“ Und Bahr knüpft die Fäden seiner reizvollen Kon¬
1553 3250 2820 3325 versationskunst mit feinen Uebergängen von einem Thema an
1551 3295 2817 3370 das andere. Alles fließt aus einer impulsiven Natur, aus einem
1553 3357 2829 3412 prachtvollen Temperament, das sich bald in Zorn, in Pathos, in
1557 3407 2823 3467 einer Malice oder in einer humoristischen Wendung Bahn bricht.
1548 3462 2831 3520 Die Worte sind bald die eines grübelnden Verstandesmenschen,
1556 3495 2823 3547 bald die eines Poeten, der leicht plastischen Ausdruck, Farben und
1542 3560 2824 3612 Töne findet. Er liebt den lyrischen Akzent, das Gleichnis, und er
1549 3596 2830 3657 erinnerte mich jetzt noch ganz an den jungen Bahr, der im
1543 3648 2821 3703 Berliner Café Kaiserhof den um ihn versammelten Jüngern einer
1557 3694 2828 3763 modernen Kunst und Literatur mit großartiger Geste seine Para¬
1541 3743 2827 3802 doxons und Apercus zum besten gab. Seine Stimme klingt zu¬
1540 3783 2823 3828 weilen jugendlich hell, voll Wohllaut und auch mit dem Timbre
1552 3829 2816 3905 einer starken Männlichkeit. Bald in den Stuhl lässig zurückgelehnt,
1542 3874 2825 3945 bald auf und ab gehend oder an der Tür seines Arbeitszimmers
1542 3935 2830 3986 gelehnt, immerzu rauchend, ist seine Gestalt zuweilen wie in Nebel
