3392 4320
198 289 1041 385 1. Miscellaneons
1205 292 1663 379 box 41/2
1899 1639 2219 1713 Telephon 12.801.
1366 1762 2081 1845 „UDSLRTER
1180 1839 2284 1896 I. österr. behördl. konz. Unternehmen für Zeitungs-Ausschnltte
1370 1890 2111 1957 Wien, I., Concordiaplatz 4.
1587 1946 1903 2010 Vertretungen
1187 1995 2283 2051 in Berlin, Basel, Budapest, Chicago, Cleveland, Christiania,
1189 2042 2289 2108 Genf, Kopenhagen, London, Madrid, Mailand, Minneapolis,
1183 2073 2281 2123 New-Vork, Paris, Rom, San Francisco, Stockholm, St. Peters¬
1583 2114 1881 2170 burg, Toronto.
1517 2158 1972 2224 (Quellenengabe ohne Gawähr.
1559 2190 2229 2287 K.Litterarische rche, Berlin
1174 2214 1683 2321 Aussohnitt,  60
1190 2311 1372 2391 vom:
1346 2375 2200 2475 Berichtigung. In Arthur Schnitzlers Antwort
1275 2420 2196 2513 auf unsere Rundfrage (Dichtung und Alkohol) haben sich
1270 2460 2174 2548 im dritten Absatz sinnstörende Druckfehler eingeschlichen.
1274 2491 2177 2564 Wir geben deshalb den richtigen Wortlaut des ganzen
1264 2525 2174 2604 Absatzes wieder: „Zweifellos verdanken manche künstlerische
1266 2555 2170 2641 Produkte dem Alkoholismus ihrer Schöpfer die besondere
1256 2585 2163 2680 Eigenart, und man möchte sich, wie die Dinge nun einmal
1254 2616 2169 2723 stehen, gewisse dieser Werke nicht aus der Literatur weg¬
1250 2656 2169 2750 denken; ebenso zweifellos aber ist, daß jeder der hier in
1245 2685 2162 2770 Betracht kommenden Künstler ohne Alkohol seine Gaben
1250 2723 2161 2820 höher entwickelt hätte, da der Alkohol ein Talent wohl
1238 2763 1970 2845 zu verändern, aber nie zu steigern vermag.“
