3344 4256
1709 152 2390 241 —
1138 249 1610 334 box 41/2
148 239 997 354 1. Miscellaneons
2226 639 2591 851 4
1863 832 2166 913 Forerererrrrr
692 872 1008 948 rervereerrr
1382 898 1469 960 ()
1885 931 2048 1012 S
742 965 891 1044 S
1165 1045 1686 1180 Die Wienerin.
1125 1162 1743 1241 Von Balduin Groller=Wien.
894 1271 973 1345 □
1788 1392 2281 1474 GWE
612 1416 1131 1504 LAEsrMmmRRRE
1441 1458 2272 1542 heit brächten. Ob aber nun die Statistik
644 1486 1434 1571 [ber die Wienerin plaudern? Aber bitte
1439 1520 2277 1591 will oder nicht, auf der Welt ist die Wiene¬
597 1550 1014 1608 4 sehr, bitte gleich!
1454 1558 2284 1621 rin doch, und wenn ich's auch nicht bewei¬
660 1570 1436 1640 Natürlich stimmt man da sofort zu. So
1451 1601 2284 1659 sen kann, so halte ich es doch mit dem Prü¬
609 1616 1440 1687 habe auch ich getan. Kann es denn etwas
1444 1639 2284 1700 fungskandidaten, der auf die Frage, ob der
619 1662 1435 1722 Angenehmeres, etwas Hüoscheres geben, als
1452 1675 2290 1737 Mond bewohnt sei, ruhig antwortete: „Er
613 1704 1438 1763 sich mit der richtigen Wienerin zu beschäf¬
1796 1713 2290 1784 ich gebe Ihnen mein
1454 1730 1731 1784 ist bewohnt,
619 1738 1443 1799 tigen? Also gut. Wird gemacht. Aber nun,
1462 1771 1719 1835 Ehrenwort.“
617 1786 1451 1834 da ich mich anschicke, sofort mit Begeisterung
1510 1771 2290 1863 Es ist also wirklich nicht leicht, die Wie¬
615 1832 1450 1886 loszulegen, stellen sich doch die Bedenken ein.
1458 1842 2286 1899 nerin herauszufinden. Bedenken Sie dann
613 1862 1450 1922 Ja, gar so einfach ist die Geschichte denn
1461 1879 2285 1945 gütigst noch eins. Politisch liegen wir uns
620 1893 1448 1952 doch nicht, wie man sich das im ersten Augen¬
1468 1922 2291 1979 immer nach allen Seiten hin in den Haaren,
616 1933 1453 1994 blick gedacht hat. Immerhin. Versprochen ist
1456 1951 2290 2013 mit den Tschechen, den Slowenen, den Un¬
623 1978 1324 2051 versprochen. Versuchen wir es also.
1461 1990 2293 2056 garn, den Kroaten, den Italienern, aber
681 1998 1458 2073 Suchen wir zunächst die Wienerin. Den
1454 2025 2286 2102 privatim vertragen wir uns doch ganz gut,
627 2048 1449 2116 fragenden Augenaufschlag werden Sie ge¬
1457 2070 2299 2124 und wir heiraten surchtbar viel durcheinan¬
630 2089 1454 2158 fälligst zurücknehmen, auch will ich gleich be¬
1466 2106 2289 2167 der. Das gibt einen wunderschönen gemisch¬
629 2126 1456 2187 merken, daß ich mit Ratschlägen reichlich
1467 2145 2297 2211 ten Salat. Es hat sich so mancher schon
618 2170 1451 2223 versehen bin. Ich weiß, daß es sich empfiehlt,
1460 2195 2305 2239 in eine reizende Wienerin verliebt, und
629 2205 1453 2276 nur hineinzugreifen in das volle Menschen¬
1474 2221 2281 2279 hinterher hat es sich herausgestellt, daß er
627 2246 1457 2319 leben. Wenn Sie aber in Wien hineingrei¬
1469 2259 2295 2321 sich eigentlich in etwas ganz anderes verliebt
630 2283 1455 2341 fen, können Sie nie wissen, was Ihnen in
1466 2310 2085 2372 hat. Hat auch nichts geschadet.
629 2326 1458 2381 der Hand bleibt. Es ist ganz wie bei den
1511 2321 2304 2390 Man wird mir vorhalten, die Wienerin
631 2357 1468 2431 Pariser Suppenverkäufern — au hasard de
1465 2376 2306 2439 eristiert, was ich ja zugebe, also muß sie auch
638 2409 916 2465 la fourchette.
1471 2426 2301 2479 herauszugreifen sein. Gut. Greifen wir heraus.
675 2428 1463 2496 Wie bemerkte ich doch vorhin so treffend
1514 2455 2301 2512 Wünschen Sie die höhere Tochter, die
668 2478 1469 2541 — die Geschichte ist nicht ganz einfach. Man
1474 2484 2306 2552 Hausfrau, das Großmütterchen, die Tennis¬
630 2516 1465 2573 hat ja seine Studien gemacht mit aller Ge¬
1474 2532 2306 2597 spielerin, die Fabrikarbeiterin, die Gymna¬
634 2553 1467 2630 wissenhaftigkeit durch so manches Semester,
1485 2574 2316 2637 siastin, die Universitätsstudentin, die Jour¬
644 2595 1470 2655 hat auch pünktlich seine Kollegiengelder er¬
1483 2620 2308 2675 dame oder die wirkliche Aristokratin, die
640 2638 1470 2692 legt, möchte aber doch nicht riskieren, hinter¬
1483 2647 2309 2712 Putzmacherin oder die Schneiderin, das
640 2667 1471 2728 her mit dem infamen freundschaftlichen Rat
1477 2686 2310 2753 Ladenfräulein oder die Tippmamsell, das
635 2710 1470 2778 beehrt zu werden, sich das Lehrgeld zurück¬
1485 2727 2313 2789 süße Mädel oder die Dame vom „Stand“.
647 2746 1478 2814 erstatten zu lassen. Insam deshalb, weil
1477 2779 2319 2830 die Lehrerin, die Künstlerin, das Stuben¬
640 2791 1266 2859 man es ja doch nie zurückkriegt.
1488 2806 2314 2869 mädel, die Köchin, das Extramädel, das
693 2827 1474 2887 Ich fange also an. Bei allen wissen¬
1488 2843 2315 2908 Mädchen für alles, die Geschäftsfrau, die
647 2872 1477 2936 schaftlichen Forschungen strapaziert man zu¬
1478 2885 2312 2948 Kontoristin, das Blitzmädel, will sagen die
648 2909 1475 2971 nächst gern die Statistik, mit der man dann
1490 2919 2320 2991 Telegraphistin, die Telephondame, die Post¬
647 2951 1477 3001 immer beweist, was man gerade zu beweisen
1488 2957 2322 3030 manipulantin? Genug! Es wird Ihnen ein
648 2985 1479 3048 hat. Treiben wir also etwas Statistik. Zur
1484 2996 2316 3065 wenig schwül; mir auch. Jede Sorte ver¬
650 3024 1492 3092 seßhaften Wiener Bevölkerung stellen die
1487 3036 2325 3115 diente ihr eigenes Kapitel. Das wäre Ihnen
651 3068 1477 3125 Tschechen, Deutschböhmen und Mährer ein
1494 3075 2324 3148 zuviel. Ich glaub's. Ich soll nur die ge¬
650 3106 1482 3159 Kontingent von etwa 20 Prozent, die Reichs¬
1490 3121 2324 3177 meinsamen Züge herausholen und aus diesen
657 3140 1478 3207 deutschen von 10 Prozent, die Ungarn
1493 3157 2322 3216 dann das Bild konstruieren. Anders geht's
647 3180 1483 3249 10 Prozent, die Juden 10 Prozent, dann
1489 3202 2056 3280 ja gar nicht. Natürlich nicht.
660 3218 1481 3287 Niederösterreich, die Kronländer: Steiermark,
1538 3221 2315 3292 Auch so eine Sache, das mit den gemein¬
659 3259 1482 3317 Kärnten, Krain, Salzburg, Oberösterreich,
1502 3273 2330 3339 samen Zügen! Ich weiß — Charles Dana
653 3297 1485 3360 Schlesien, Triest und Küstenland, Dalma¬
1498 3311 2318 3372 Gibson und Du Mourier haben den angel¬
662 3334 1485 3407 tien, Kroatien — ich sehe, es geht nicht. Ich
1493 3355 2323 3419 sächsischen Frauentypus meisterhaft beobach¬
658 3371 1491 3447 geb's auf, das mit der Statistik. Denn wenn
1507 3392 2330 3453 tet und dann auch gleich festgelegt, stereo¬
661 3412 1494 3478 ich so fortrechne, kommt's noch heraus, daß
1496 3426 2332 3490 typiert, klischiert. Was zeichnerisch möglich
660 3456 1493 3511 für die Wienerin überhaupt keine Prozente
1497 3468 2329 3548 war, muß auch literarisch möglich sein. Aber
664 3494 1490 3555 übrig bleiben, es wäre denn, daß wir unsere
669 3503 2345 3595 Prozentrechnung auf das System Fahren= natürlich! Was ein rechter Journalist ist,
2054 3556 2121 3610 17
716 3566 1846 3649 Velhagen & Klasings Monatshefte. XXIII. Jahrg. 1908/1909. I. Bd.
