3344 4352
1127 287 1577 379 box 41/2
135 293 965 393 1. Miscellaneeus
1166 1364 1545 1439 Telephon 12801.
474 1526 1499 1625 Aindt teregrererresnt
399 1592 467 1641 10
400 1631 1555 1683 O l. österr. behördl. konz. Unternehmen für Zeitungs-Ausschnitte
402 1670 483 1722 60
583 1676 1448 1750 Wien, I., Concordiaplatz 4.
384 1746 487 1799 2
797 1757 1228 1820 Vertretungen
469 1798 1546 1855 in Berlin, Budapest, Chicago, Christiania, Genf, Kopen¬
434 1808 471 1856 D
395 1857 1555 1897 hagen, London, Madrid, Mailand, Minneapolis, New-Vork,
498 1886 1519 1944 Paris, Rom, San Francisco, Stockholm, St. Petersburg.
814 1927 1197 1967 (Quellenangabe ohne Gewähr.)
396 1954 1289 2064 6 Ausschnitt aus: 7 Ger 1
388 2083 613 2148 E vom:
1069 2053 1342 2156 Jtrng
1258 2156 1446 2246 —.
423 2196 733 2274 -Bé Vienne:
449 2227 1466 2318 On se plaint, dans la presse, de la décadence
401 2290 1047 2362 hittéraire du théätre aufrichien.
434 2288 1436 2391 1. Tous les Viennois cullivés soni unanimes à de.
423 2355 1450 2440 (plorer la décadence on Burg-Thealer, naguèrela
428 2391 1449 2481 première scène de l’Allemagne, ei auf n'avait de
429 2425 1455 2517 comparable en Europe que la Comédie-Française.
438 2470 1458 2556 A Vienne on ne se donne plus la peine de décou¬
432 2517 1463 2580 vrir des talents. On prend des Gurres qui ont döjs
438 2527 1471 2627 remporté un grand succès à Berlin, ou l’on traduit §
440 2572 1463 2661 les pièces du réperloire français. Méme des au¬
429 2615 1465 2705 teurs viennois très estimés, comme, Schuitzlargson!
445 2656 1463 2740 obliges de faire d’aberd jouer leurs Piecés a berlin.
493 2691 1466 2785 Ce n’est pas que les Viennois se désinicressent
450 2733 1468 2823 des manifestations arlistiques ou musicales. Bien
450 2770 1475 2868 loin de la. Tous les soirs, les théalres et les salles
454 2806 1469 2883 de concert sont bondées de monde, et au Burg¬
453 2847 1494 2938 Thealer 11 faut souvent prendre ses billets hurt
451 2879 1491 2976 jours à T'avance. Mais le public, ici, est conserva¬
463 2930 1481 3013 teur. 1I aime à revoir ce qu’il a déjà vu, ei les
457 2942 1522 3061 direstéurs, nalurellement, ne se donnent pas la
469 3023 1103 3112 peine de chercher du nouveau.
2069 149 2939 228 Wien, I., Concordiaplatz 4.
1893 208 1994 268 2
2295 219 2714 284 Vertretungen
1916 255 3042 312 0 in Berlin, Budapest, Chicago, Christiania, Genf, Kopen¬
1901 319 3042 360 hagen, London, Madrid, Mailand, Minneapolis, New-Vork,
2011 355 3016 411 Paris, Rom, San Francisco, Stockholm, St. Petersburg.
1908 389 1983 431 00
2306 395 2704 448 (quelienangabe ohne G#wühr.)
1896 422 2379 497 * Ausschnitt aus:
2093 502 2601 593 12 Uusumii 1500
1895 543 2127 603 E vom:
2677 506 2943 616 Safld
1969 727 3112 780 „Decadence und Direktoren“ überschreibt Erich Schlailje
1900 767 3112 816 in der letzten Ausgabe der „Welt am Montag“ eine kurze, sehr zu
1898 804 3119 850 treffende Betrachtung über die fortdauernde ungeschwächte Vor
1900 850 3111 897 liebe der Berliner Theaterdirektoren für „decadente Sachen“
1905 889 3122 935 trotzdem sich das Publikum von einer solchen theatralischen Kos
1911 929 3128 972 immer entschiedener abwende. Die Ausführungen Schlaikjers hier¬
1912 969 3118 1011 über kann man so ziemlich vom Anfang bis zum Ende unter¬
1907 1000 3124 1054 schreiben, obgleich sie nicht in die Tiefe streben, sondern sich mi:
1911 1036 3134 1093 bloßer Feststellung der Tatsache begnügen und einer Untersuchung
1903 1087 3129 1133 dieser merkwürdigen Erscheinung nach ihren Ursachen scheu aus
1906 1109 3127 1165 dem Wege gehen. Dies erscheint leicht begreiflich, denn Herr
1899 1163 3134 1215 Schlaikjer kann ja in jenem Blatte, dessen erstes Theaterreferat
1895 1189 3128 1248 er besorgt, einer so heiklen Frage, wie sie der erschreckende Verfall
1903 1236 3127 1295 der Berliner Bühnen darstellt, nicht richtig auf den Leib rücken,
1906 1282 3133 1332 weil er dabei sofort auf ein Thema stoßen würde, dessen Erörte¬
1900 1314 3135 1364 rung das politische Programm der „W. a. M.“ nicht zuläßt. Wir
1906 1353 3137 1405 meinen die fürchterliche Verjudung der Berliner Theater, die jedem
1905 1386 3140 1447 Arier auffallen muß, auch wenn er sich etwa vorhandene Vorliebe
1914 1432 3136 1490 für die Juden durch keinerlei antisemitische Bedenken trüben läßt.“
1905 1476 3140 1530 Die Reichshauptstadt an der Spree besitzt 25 Privattheater, in
1902 1514 3137 1557 denen das Schauspiel, Lustspiel, der Schwank, die Posse, Oper und
1903 1549 3132 1604 Operette gepflegt werden, aber alle diese Musentempel bis auf
1913 1593 3127 1648 drei werden von Juden geleitet. Selbst die drei Ausnahms¬
1910 1632 3125 1672 bühnen stehen in engster Fühlung mit dem Judentume, sei es
1903 1668 3141 1728 durch ihre Geldgeber oder sonstige persönliche Verbindungen. Ja,
1910 1711 3137 1767 auch die beiden Hofbühnen sind in ihrer Leitung nicht frei von
1913 1740 3145 1796 jüdischem Einflusse. Ist doch Direktor des Königlichen Schau¬
1905 1776 3140 1837 spielhauses Hofrat Barnay und Dramaturg Leopold Adler! Zieht
1913 1832 3137 1877 man ferner in Betracht, daß mindestens die Hälfte der Berliner
1913 1862 3136 1922 Schauspieler und Sänger, und fast alle Dramaturgen und
1910 1905 3133 1957 Regisseure dem auserwahlten Volke angehören, so braucht man
1914 1942 3132 1994 wirklich noch lange kein Antisemit zu sein um ein so gewaltiges
1906 1991 3149 2048 Ueberwiegen des semitischen Elementes auf dem Gebiete der Ber¬
1912 2031 3138 2067 liner Theater als eine Gefahr für die Reinheit der deutschen
1912 2062 3128 2107 Kunstideale zu betrachten. Das gleiche Bild bietet übrigens auch
1913 2101 3136 2152 die andere deutsche Millionenstadt Wien, wo ebenfalls alle Theater
1902 2140 3136 2196 mit Ausnahme der beiden Hofbühnen — die traurige Aera Mahler
1905 2185 3137 2222 ist glücklicherweise vorübergegangen, wenn auch nicht ohne schwere
1910 2225 3138 2280 Schädigung des künstlerischen Ranges der Wiener Oper — und
1905 2255 3143 2306 der Volksoper (Kaiser=Jubiläums=Stadttheater) in jüdischen
1905 2292 3132 2346 Händen sind, und wo die „decadenten Sachen“ nicht minder liebe¬
1911 2338 3132 2390 voll als in Berlin gepflegt werden. Man mag also seinen un¬
1907 2379 3144 2428 parteiischen Standpunkt bei der Beurteilung dieser Verhältnisse
1905 2422 3139 2471 noch so scharf abgrenzen, über die Tatsache kann niemand hinweg¬
1907 2455 3130 2498 kommen, daß der heutige Verfall des deutschen Theaters mit der
1908 2497 3120 2546 Vorherrschaft des Judentums untrennbar verknüpft ist. Die Juden
1902 2525 3128 2605 haben in Kunstdingen einen ganz anderen Geschmack als wir.
1848 2638 3085 2714 Daraus kann ihnen nicht einmal ein Vorwurf gemacht werden,
1844 2689 3088 2763 weil sie eben aus ihrer Haut nicht heraus können, wohl aber wird
1844 2730 3079 2792 es höchste Zeit, daß ihnen jene unbegrenzte Macht entwunden wird,
1848 2765 3072 2832 die sie sich auf dem Eebiete der deutschen Schaubühne erobert
1849 2797 3075 2876 haben. Die Berliner und Wiener Theaterjuden sind es, die uns
1846 2840 3080 2924 die französischen Unsittenstücke aufdrängten — siehe Lautenburg
1835 2884 3071 2957 und Jarno —, sie haben als Bahnbrecher des Naturalismus ge¬
1840 2923 3068 2993 wirkt und dessen Ausläufer, die „decadenten Sachen“, stets liebe¬
1845 2953 3077 3029 voll gehätschelt; unter ihrem Schutze wurden auch die jüdischen
1841 2998 2307 3057 Bühnenschriftsteller zu
2314 3018 3069 3065 Scheingeößen künstlich aufgepäppelt.“
1844 3031 3072 3111 Schnitzter,  Hirschfeld, Salten=Salzmann, Hugo von Hoffmanns¬
1841 3076 3071 3148 thal, Dörmann=Biedermann, Beer=Hofmann, Oskar Blumenthal,
1841 3110 3075 3192 Ludwig Fulda usw. nebst ihrem arischen Anhange Sudermann,
1832 3155 3063 3233 Hauptmann, Frank Wedekind, Hermann Bahr und Genossen — sie
1841 3197 3069 3256 alle, deren Stücke Herr Schlailjer mit vollem Nechte so erbarmungs¬
1840 3232 3072 3310 los herunterzureißen pflegt, würden sicher nicht seit nahezu zwei
1832 3275 3062 3343 Jahrzehnten die deutschen Bühnen beherrschen, wenn diese nicht
1843 3295 3078 3405 fast alle im Besitze ihrer Stammes= und Gesinnungsgenossen
1840 3350 2000 3404 wären!
1906 3403 3070 3463 Solange also die geistige Adelswelt Deutschlands nicht von
1834 3432 3050 3521 der Erkenntnis durchdrungen wird, daß an dem Verfall des deut¬
1828 3477 3064 3561 schen Theaters in erster Reihe das Judentum Schuld trägt, ist an
2161 3526 2199 3558 1
1826 3537 3059 3598 eine Wiedergeburt nicht zu denken. Es scheint aber leider, daß
1824 3557 2732 3628 bis dahin noch ein recht weiter Weg ist!
2743 3578 3056 3633 So vermied es
1818 3580 2295 3654 auch Professor Henry
2347 3612 3051 3662 Thode, der im Werdandi=Bunde
1829 3646 3045 3713 als Festredner sprach, den unheilvollen Einfluß des Juden¬
1824 3680 3056 3742 tums auf die deutsche Kunst der Gegenwart auch nur zu streifen!
1830 3716 3052 3778 Thode, der Schwiegersohn Richard Wagners, unseres großen
1832 3749 3045 3822 Neisters, der mit der Unerschrockenheit und Wahrheitsliebe des
1831 3791 3048 3869 Genies die Juden stets auf das schärfste bekämpfte! Mit einer
1831 3830 3061 3911 olchen Leisetreterei wird der Werdandi=Bund nicht weit kommen,
1834 3871 3049 3940 ondern wohl auch bald in jenen Schlummerzustand verfallen, in
1830 3916 3042 3987 welchem die Wagner=Vereine schon seit langem das traumselige
1832 3948 3048 4026 Dasein Fafners führen: Ich lieg' und besitze: — laßt mich schlafen!
2886 4015 3016 4073 St-g.
