3344 4320
1170 247 1604 329 box 41/2
323 254 611 317 Misce
150 259 998 348 1Ianeous
182 529 1320 605 mit sich bringt, denn das kommt glücklicherweise bei einem sehr
179 584 1310 640 geringen Teil der Fälle vor. Wie die Sachen entstehen, weiß ich
186 627 1305 668 schon seit dem vierzehnten Jahre, aber wie wir sie hindern
184 657 1323 714 können, das zu finden ist Sache des Vereines. Hofschauspieler
179 700 1321 747 Gregori erklärte, daß beim Theater die Krankheiten sehr
187 725 1319 786 selten vorkommen und, wenn das schon der Fall sei, rasch geheilt
180 773 1309 813 werden, denn sie werden in den Garderoben bald bemerkt. Alles,
180 808 1309 853 was die Zuschauer sexuell errege, so die dekolletierten Frauen,
177 846 1308 894 berühre die Schauspieler kaum. Dr. Brandl vom Theater an
173 882 1305 936 der Wien verteidigte nun die Direktion dieses Theaters gegen
177 928 1327 989 Genossin Popp, die aber mit der Aufforderung erwiderte, eine
182 957 1195 1011 Enquete der Choristinnen dieses Theaters zu veranstalten.
273 1004 1315 1060 Den Schluß des Abends bildete die Vernehmung einer
179 1036 1320 1100 Anzahl von Arbeiterinnen, die die Darlegungen der Genossin
180 1094 1160 1169 Popp über die Lohnverhältnisse ergänzten.
262 1201 1318 1263 In der Sitzung am Montag den 16. und in der Sitzung
172 1238 1312 1311 am Donnerstag den 19. d. gelangt das Thema: „Oeffent¬
170 1294 1318 1358 liche und geheime Prostitution“ zur Ver¬
174 1343 1314 1386 handlung. Das Referat hierüber wird Polizeioberkommissär
173 1388 819 1437 Dr. Baumgartner erstatten.
263 1491 1262 1592 Wiener Parteiangelegenheiten.
563 1605 935 1680 Zur Märzfeier.
289 1669 1317 1732 Achtung, Brigittenauer! Die Organisationen werden
179 1704 1319 1757 ersucht, die für den Friedhofsdienst bestimmten Ordner dem
172 1748 1323 1817 Genossen Pazdera, XX. Hellwagstraße Nr. 7, bekannt¬
182 1792 1319 1839 zugeben. Zusammenkunft der Ordner um halb 1 Uhr Nach¬
176 1826 983 1867 mittags im Privatlokal, Othmargasse Nr. 46.
1036 1830 1318 1878 Sonntag Vor¬
187 1863 1313 1907 mittags in Epps Gasthaus, Wallensteinstraße Nr. 70, Ver¬
183 1902 1131 1954 sammlung. Referent: Genosse Ellenbogen.
280 1986 1232 2073 Gemeinde-Angelegenheiten.
396 2115 1084 2209 Wiener Gemeinderat.
522 2198 967 2274 Sitzung vom 13. März.
289 2259 1324 2322 In der heutigen Sitzung wurde auch die Inter¬
183 2311 1319 2353 pellation Reumanns über den Kohlenkauf der Gemeinde
186 2355 1317 2400 Wien verhandelt. In der Antwort wurde zugestanden,
174 2396 1319 2436 daß keine eigentliche Offertausschreibung stattfand. Der
185 2437 1317 2490 Firma Haller wurde die Lieferung zugesprochen, weil
189 2479 1319 2525 sie nicht dem Kohlenkartell angehört, obgleich das Kohlen¬
177 2525 1319 2575 kartell — wie das „Deutsche Volksblatt“ verriet — „dies¬
183 2564 1324 2626 mal ausnahmsweise, um sich die Konkurrenz vom Halse
1211 2595 1326 2664 Die
175 2608 1205 2661 zu schaffen, billigere Preise gestellt hatte“.
191 2649 1193 2709 Ausrede, daß die Firma Haller die Kohlenlieferung
1213 2640 1328 2715 nur
1210 2689 1315 2747 sind,
187 2696 1187 2744 erhielt, weil die Herren so fürchterlich kartellfeindlich
183 2744 1326 2792 ist besonders heiter an dem Tage, wo dieselben Herren
188 2781 1330 2841 dem Eisenkartell eine Lieferung für
177 2819 350 2874 mehr
572 2816 722 2879 sechs
754 2817 1321 2883 Millionen über¬
381 2821 465 2887 al
172 2860 1146 2908 ließen. Für diese Kohlenlieferung waren
1148 2861 1323 2919 ganz
184 2901 1328 2962 andere Gründe maßgebend als die Kartellgegnerschaft
187 2951 1322 2993 der Herrschaften. Auch sonst brachte die Sitzung manches
188 2994 1232 3058 Interessante, worauf noch zurückzukommen sein wird.
299 3033 662 3096 Hier der Bericht:
288 3088 1326 3145 Den Vorsitz führt Vizebürgermeister Dr. Neumayer. Er
176 3147 1327 3200 teilt mit, daß Gemeinderat Rudolf Rigl, früher Redakteur der
188 3195 1324 3241 „Deutschen Zeitung“, sein Mandat niedergelegt hat. — Nach der
177 3234 1330 3301 Mitteilung verschiedener Spenden werden die Interpellationen
186 3280 352 3336 verlesen.
301 3337 1199 3384 Der Wahlrechtsraub an den Eisenbahnern.
293 3381 1334 3438 Winarsky stellt folgende Interpellation: Nach dem § 4,
184 3428 1336 3488 Alinea b, der Wiener Gemeindewahlordnung sind im dritten Wahl¬
192 3466 1327 3516 körper wahlberechtigt: die wirklichen, mit Dekret definitiv angestellten,
193 3506 1328 3556 pensionierten oder provisionierten Bediensteten des aller¬
185 3541 1320 3597 höchsten Hofstaates, des Staates, des Landes Niederösterreich,
186 3581 1327 3627 der Gemeinde Wien, der öffentlichen Fonds, der Handels= und
188 3616 1330 3677 Gewerbekammer in Wien. Während nun dem Gesetz entsprechend
185 3659 1326 3694 die Bediensteten der städtischen Straßenbahn korrekt als Ge¬
190 3693 1327 3744 meindebedienstete im Sinne dieser Gesetzesstelle aufgefaßt und
193 3732 1330 3777 vom Magistrat in die Wählerlisten für die im Zuge befindlichen
190 3772 1333 3816 Gemeinderatswahlen aus dem dritten Wahlkörper ausgenommen
182 3814 1320 3859 wurden, hat der Magistrat entgegen dem Wortlaut des Gesetzes
189 3845 1317 3886 eine ganze Kategorie von Staatsbediensteten, von der Wahl¬
180 3886 1318 3934 berechtigung ausgeschlossen, und zwar auf Grund der
194 3922 1331 3977 merkmürdigen Konstruktion, daß Staatsbahnbedienstete „keine
185 3957 1323 4002 Staatsbedienstete“ seien. Reklamationen, die Staatsbahnbedienstete
182 3998 1321 4035 um Aufnahme in die Wählerlisten eingebracht hatten, wurden
195 4038 1319 4077 vom Magistrat mit derselben Begründung abgewiesen und es
188 4072 1319 4123 wurde in ihr eine gekünstelte Gesetzesauslegung produziert, nach
192 4110 1317 4145 welcher der städtische Straßenbahnbedienstete wohl ein Gemeinde¬
2368 899 2751 977 Telephon 12801.
1621 979 1680 1048 8
1682 1060 2740 1168 M WTEEn
1601 1106 1681 1152 —
1613 1147 2739 1213 O l. österr. behördl. konz. Unternehmen für Zeitungs-Ausschnitte
1768 1200 2643 1302 Wien, I., Concordiaplatz 4.
1994 1277 2437 1349 Vertretungen
1630 1322 2735 1397 0 in Berlin, Budapest, Chicago, Christiania, Genf, Kopen¬
1590 1371 2746 1440 hagen, London, Madrid, Mailand, Minneapolis, New-Vork,
1695 1415 2710 1483 Paris, Rom, San Francisco, Stockholm, St. Petersburg.
1597 1450 1667 1493 00
2007 1454 2398 1505 (Quellenangabe ohne Gewähr.)
1600 1477 2777 1563 Ausschnitt aus: Setsal e0.
1588 1540 1649 1609 5
2455 1550 2661 1638 Sca
1580 1601 1813 1657 E vom:
1812 1610 2663 1718 Be
1762 1752 2458 1845 hante galeotta
2114 1819 2499 1879 Vienna, 15 marzo.
1719 1839 2558 1906 Un Comilkto che sta qui procedendo al
1685 1877 2544 1960 un'jpchiesta sulle malattie sessuali e sul
1691 1942 2530 2005 mnofo # combatterle — e procede con quel¬
1633 1975 2526 2036 la meticolosa coscienziosità, con quella di¬
1697 2018 2526 2071 ligenza, con quell’imperturbato coraggio
1679 2032 2518 2102 iche i tedeschi pongono nel trattaredi tab
1691 2096 1969 2145 scabrosi temi
2021 2097 2528 2133 si era rivolto sul tema
1694 2132 2532 2184 della pernogratin anche ad Arturo-Seinitd
1693 2166 2529 2222 ler: era ha avute dal poeta-ff  Liebelel
1693 2212 2520 2273 Na Tsposta che pud averlo lieveniente scon¬
1685 2249 1855 2300 certato.
1716 2263 2534 2343 Schnitzler dicc cose non nnovissime e in
1692 2318 2534 2379 parte accettabili, ma in una forma forse
1691 2362 2421 2421 volutamente gepatante s. Ecco qua:
1761 2395 2542 2460 1. Risposta alla domanda wquanto le
1670 2444 2535 2483 Topere della letteratura e dell’arte possano
1691 2478 2532 2531 eccitare sessualmente: Che un giovane
1681 2512 2527 2559 dopo aver ammirato la  Venere n di Tizia¬
1676 2553 2530 2613 no prenda una infezione da una prostituta
1679 2585 2534 2657 oppure procrei con la propria moglie o con
1690 2636 2528 2687 la propria amante, sotto l’influsso di quel
1691 2673 2526 2728 fascino, un nuovo Shakespeare o l’uomo da
1688 2712 2520 2763 cui verra assassinato — non 6 in fondo che
1693 2748 2520 2804 una questione di fortuna. Ed é fuor di dub¬
1685 2775 2535 2839 bio che ciasenna di tali possibilità pud ef¬
1685 2830 2521 2870 fettuarsi anche se, invece che alla & Vene¬
1687 2859 2535 2913 ren di Tiziano, il giovane s’é acceso a un
1690 2902 2528 2963 nudo non artistico, a una fotografia, 0 a
1682 2946 2518 2994 una qualsiasi figura oscena. Ma detto cic,
1723 2975 2529 3029 certo che percentualmnente le eccitazioni
1667 3015 2530 3073 di questa natura provenienti da disegni ar¬
1687 3059 2523 3107 Listiel o non artistici rappresentano un mi¬
1677 3104 2528 3152 nimo trascurabile di fronte ai molteplici al¬
1686 3131 2524 3192 lettamenti della vita quotidiana e alla conti¬
1683 3172 2437 3225 nua azione fisiologica della sessualità.
1759 3219 2533 3270 2. La domanda g sino a qual punto pos¬
1679 3238 2530 3302 sa dirsi eginstificata) l'azione sessuale del¬
1681 3284 2527 3344 le opere d’artes mi sembra molto oziosa
1671 3336 2526 3378 come quella di chi chiedesse se gli eccita¬
1679 3369 2524 3408 menti derivanti dalla vista di una bella fi¬
1682 3405 2523 3455 gura dello stesso (!) o dell'altro sesso sia¬
1684 3449 1989 3502 no giustificati.
1759 3475 2524 3534 3. Le mie preoccupazioni contro la por¬
1679 3518 2537 3565 nografia sono esclusivamente di ordine este¬
1684 3561 2522 3609 tico. E cioé: la mia avversione contro i pro¬
1680 3581 2532 3656 dotti pornografici non deriva dal fatto che
1670 3631 2526 3688 essi possano provocare eccitazioni sessuali
1696 3687 2516 3729 — facoltà ch’essi hanno in comune con pa¬
1675 3716 2516 3767 recchie vere opere d’arte — ma dal fatto
1684 3755 2514 3804 che tali prodotti hanno sempre qualche ci
1688 3789 2507 3840 sa di mentite o di deficiente in sé. Non crec
1681 3842 2516 3893 Iche i confini tra la pornografia e l’arte sien
1672 3870 2266 3948 troppo difficili da tracciare #.
2163 3898 2490 3970 A. Morandotti.
2043 3955 2161 4003 ——
1710 3964 2547 4058 „ „
