3344 4352
627 293 765 351 ane
119 292 952 392 1. 1is0e—
1102 275 1545 363 box 41/2
1850 157 1993 225 vom
2192 251 2640 339 Sittlichkeitseiferer.
1989 343 2936 392 Ueber Betreiben einzelner klerikaler Mucker
1895 393 2937 449 hat die Wiener Polizeisin den letzten Tagen eine
1914 431 2938 500 Razzia auf Kunstwerke veranstaltet. Die Nacktheir
1906 496 2931 544 in der Malerei war verpönt und Lukas, Cra¬
1904 526 2938 596 nach, Tizian wie Rubens mußten es büßen,
1906 574 2944 654 daß sie das Höchste in der Kunst, die Schönheit des
1903 623 2935 683 menschlichen Körpers, im Bilde dargestellt hatten.
1911 673 2943 732 Die Indeüpresse fand sich zur unwillkommenen
1913 719 2949 794 Verteidigung der Kunstauffassung und überschüttete
1910 781 2944 830 gleichzeitig mit Hohn und Spott die Fehlgriffe
1912 830 2950 886 der Polizei. Die Angelegenheit reizt zum Nach¬
1908 863 2941 927 denken. Müssen denn die guten Deutschen sich
1909 907 2951 979 immer wieder die Begriffe Freiheit und Sittlich¬
1916 962 2982 1018 keit von den Preßhebräern auseinandersetzen lassen,
1918 1013 2948 1070 ist es denn notwendig, daß letztere mit ihrem
1920 1059 2961 1121 Aufwand von orientalischer Dialektik die täppischen
1920 1108 2961 1169 Anschauungen einiger Deutschen mit einem Schein
1918 1177 2968 1226 von Recht geißeln? Wäre es nicht klüger, man
1926 1200 2962 1280 sondere die Begriffe Nacktheit und Sinnlichkeit
1925 1249 2963 1326 etwas strenger, die nicht immer identisch sein
1920 1302 2968 1363 müssen. Gott hat das erste Menschenpaar ohne
1939 1350 2966 1419 Feigenblatt geschaffen und es fühlte sich im
1935 1404 2960 1468 Paradiese glücklich. Erst mit der Sünde kam die
1923 1447 2961 1507 Erkenntnis und vertrieb die Reinheit. Vor der
1931 1489 2961 1562 klassischen Nacktheit, die sich nur mit der Dar¬
1937 1539 2958 1614 stellung des Schönen an und für sich beschäftigt,
1925 1596 2966 1655 braucht weder der Jüngling noch die Jungfrau zu
1925 1637 2975 1711 erröten und es ist nicht notwendig, dort, wo kein
1934 1690 2967 1760 sinnliches Verlangen, kein gemeiner Trieb sich
1935 1731 2969 1812 außert, eine Interpretation zu geben, die erst all
1935 1800 2436 1865 diese Gefühle wachruft.
2032 1824 2985 1897 Anders aber steht es mit der berechnenden
1934 1880 2986 1949 Darstellung des Nackten, jener Afterkunst, die
1934 1934 2971 2013 direkt darauf ausgeht, die niederen Instinkte zu
1938 2002 2102 2061 wecken.
2027 2023 2970 2094 Die geputzten Varietedämchen in ihren prall¬
1937 2069 2982 2160 sitzenden, tiefausgeschnittenen Röcklein, die Erotik
1943 2123 2986 2195 moderner Salomen, die Kokotten des Pschütt und
1942 2165 2975 2259 kleinen Witzblattes, deren Linienführung immer
1933 2226 2981 2286 nur auf die Freuden der Geschlechtlichkeit hin¬
1943 2273 2978 2342 weist, wurden nicht beschlagnahmt, aber der
1938 2329 2974 2388 nackte Körper eines Tizianischen Weibes sticht der
1945 2373 2978 2436 Polizei in die Augen. Wir sollten denn doch nicht
1942 2415 2975 2489 so muckerisch sein, um der Judenpresse Anlaß zu
1946 2473 2983 2540 geben, sich über die deutsche Dummheit zu entrüsten
1942 2533 2980 2589 und mit der Verteidigung der wahren Kunst auch
1946 2566 2979 2632 die Paßfreiheit für die zeichnerischen Exzesse des
1945 2613 2983 2690 „Pschütt“ und der „Karikaturen“ des „Kleinen
1946 2663 2981 2740 Witzblattes“ und der sogenannten Aktstudien, die
1943 2720 2985 2789 zur für Künstler bestimmt sind, zu erwerben und
1946 2758 2976 2828 den entarteten schriftstellerischen Werken eines
1948 2811 2985 2879 Axtur Schnitzler und seiner Kollegen Eingang
1945 2875 2253 2938 zukverschaffen.
2034 2894 2985 2986 Das Sittlichkeits= wie Freiheitsempfinden der
1945 2951 2992 3020 Söhne Israels ist weit entfernt von dem der
1950 2999 2988 3074 Deutschen. Schaffen wir unserer Freiheitsauf¬
1948 3038 2986 3130 fassung, unserer Anschauung über Kunst und
1946 3104 2984 3164 Natur mehr Geltung und wir werden uns von
1943 3151 2980 3211 den Juden nicht belehren lassen müssen, daß wir rück¬
1949 3186 2994 3272 schrittlich gesinnt seien und daß in der Kunst
1957 3258 2985 3311 Cranachs, Tizians und all der großen Maler und
1947 3301 2979 3363 Bildhauer nichts anstößiges enthalten ist. Wir
1955 3342 2996 3408 werden dann aber auch der niederen, spekulativen
1945 3394 2991 3457 Sinnlichkeit des Judentums ausweichen. Wenn
1950 3451 2981 3506 die Polizei Jagden auf unsittliche Bilder und
1946 3497 2991 3558 Bücher machen will, dann möge sie die porno¬
1944 3550 2987 3617 graphischen Wiener „Kunst"=Blätter und die
1949 3579 2990 3656 pikanten Ansichtskartenserien verfolgen, sie möge
1956 3637 2996 3699 im Wiener=Verlag und in den Tabak=Trafiken
1946 3686 2999 3758 all die billigen, auf schlechtem Papier gedruckten
1976 3825 2998 3911 Schundbücher beschlagnahmen, die auf der Straßen¬
1971 3881 3006 3963 bahn so manch fromme und unfromme Fahrgäste
1971 3929 2310 3999 verstohlen lesen.
