3484 4192
281 60 1237 130 4.5. Abschiedssouper
1384 60 1757 154 box 8/1
1506 356 2215 432 —  Muris nuch bil¬
1089 407 1167 458 Die
1188 412 2212 496 hältnißmäßig kurzer Zeit nur höchstens drei Werke ihre
1078 449 1168 486 ern
1181 464 1683 535 Lebenskraft bewahrt haben.
1073 476 1171 527 icht
1082 522 1179 580 ind
1327 518 2192 572 Im Ischler Sommertbeater gelangte
2232 524 2324 577 Me
1184 555 2198 605 ein reizender Lustspiel=Einakter „Abschieds=Souper“ von
1182 583 1505 636 Arthur Schnitzl
1568 591 2202 639 einem der begabtesten unter den
1073 593 1166 646 18.
1187 627 2204 675 jüngeren österreichischen Dichtern, zur Aufführung. Das
1076 637 1166 689 und
1176 668 2208 735 überaus geschickt gemachte, espritvolle und lebendige Stück¬
1080 675 1158 720 her¬
1181 705 2192 750 chen fand die beifälligste Aufnahme des zahlreich ver¬
1074 713 1166 758 nen
2199 715 2297 765 Ein
1187 735 2196 786 sammelten Publikums, das auch den tüchtigen Leistungen
1073 746 1170 796 lel¬
2213 757 2324 795 Desser
2204 783 2310 820 Eine
1186 777 2197 828 des Fräulein Falkner und der Herren Jarno und
2210 811 2293 848 Ein L
1080 812 1159 864 en¬
1185 817 2192 867 Höfer Beifall zollte. „Abschieds=Souper“ soll in der
2205 839 2312 879 Ein K
1179 855 2190 900 nächsten Spielzeit auf einer Berliner Bühne in Szene
1073 847 1165 906 ler.
2201 863 2314 908 Ein K
1183 894 2194 940 gehen; es ist vor Kurzem im Verlage des Bibliographischen
1080 895 1163 940 18.
2199 896 2322 943 Ein B
1184 923 2187 976 Bureaus in Berlin in der Sammlung „Anatol“ erschienen.
1197 997 2166 1089 Die schönsten Uniformen
2223 1044 2292 1110 95
1090 1079 1167 1125 108
2214 1098 2322 1136 Die S
1171 1080 2196 1162 liefert M. WolE, Wien, Mariahllferstr. 2 5.
1082 1117 1167 1164 her
2196 1124 2321 1162 Ein Ne
1638 1138 1727 1199 2511
2189 1151 2327 1203 Ein D
2214 1184 2329 1218 Aurore
1666 1194 2325 1259 mit reinster Kuhpocken=Lymphe in Bertha
1089 1199 1664 1274 DAMNNENATN
1382 1412 2439 1492 [Aus Ische) wird uns geschrieben: Eine besondere Au¬
1286 1467 2447 1529 ziehungskraft übt die heuer eröffnete Localbahnstrecke
1293 1500 2481 1588 Ischl=Salzburg aus. Man kann füglich behaupten, daß 12
1298 1555 2431 1600 durch diese herrliche mit Ueberwindung großer technischer und
1330 1600 2430 1648 Verrainhindernisse gebaute Gebirgzsbahn erst das Herz des
1398 1642 2449 1704 kammergutes den Fremden erschossen wurde. Von Strobel
1398 1690 2448 1729 fangen rund um den Wolfgang=, Krotten= und Mondsee 1.
1286 1737 2512 1810 bis Plomberg bieten sich dem entzückten Auge Landschaftsbilder ###
1295 1770 2435 1818 bar, die in ihrer Schönheit und Mannigfaltigkeit hinter der
1299 1819 2437 1890 prachtvollen Scenerie des Vierwaldstädtersees nicht zurücksteher¬
1287 1862 2418 1910 Mit der eben bevorstehenden Vollendung der Schafberg¬
1304 1907 2441 1958 bahn wird zweifellos die Fremdenfrequenz in diesem Theil
1295 1943 2439 2024 des Salzkammergutes einen ungeahnten Ausschwung nehmen.
1292 1983 2425 2048 Leider ist gegenwärtig das Wetter nicht besonders zu Aus¬
1086 1958 1255 2104 107
1302 2032 2432 2094 flügen einladend. Und so bleiben denn auch die Ischler hübsch
1294 2080 2426 2140 zu Hause und amüsiren sich Abends im Theater. Director
1301 2129 2428 2184 Wild bietet Vieles und Gutes, er pflegt ebenso das Schau¬
1301 2171 2456 2230 spiel wie das Lustspiel und ganz besonders mit einem Auf¬
1292 2213 2440 2269 wande beträchtlicher Kosten auch die Oper. Die Auffführungen
1297 2246 2520 2313 der „Pagliacci“ waren musterhaft. Am Montag wird der von  ##
1295 2302 2428 2362 einem Gastspiele in der Wiener Hofoper in bester Erinuerung
2437 2328 2517 2375 er
1295 2342 2423 2387 stehende Tenor Alberti den Bajazzo singen und sind schon
2434 2361 2501 2418 sta
1297 2374 2426 2444 heute die meisten Logen und Sitze zu dieser Vorstellung ver¬
1289 2437 2430 2485 griffen. Alberti trug dieser Tage in der Villa des Meisters
1295 2465 2425 2520 Johann Strauß vor einem auserlesenen Auditorium
1296 2515 2428 2571 mehrere Gesangspiecen vor; Herr Alberti riß den Maestro
1297 2556 2430 2603 zu rückhaltloser Bewunderung hin. Ein nicht seltener Besucher
1292 2595 2426 2648 des hiesigen Theaters, namentlich der Opernvorstellungen, ist
1313 2636 2523 2705 der General=Intendont Baron Bezecny, und auch Pauline] 60.
2432 2676 2528 2716 von
1400 2687 2436 2744 ca kam jüngst eigens aus Gmunden herüber, um einer
1407 2723 2428 2787 ellung der „Pagliacei“ beizuwohnen. Daß der Kaiser
1408 2772 2429 2822 rholt im Theater erschien, wurde bereits telegraphisch
1384 2806 2176 2876 chtet. Bei solcher Harmonie der Interessen:
2178 2817 2551 2882 — gute Vor= beih
1376 2856 2432 2911 ungen und volle Häuser — ist es begreiflich, daß beide
1309 2893 2552 2968 Theile zufrieden sind: das verwöhnte Curpublicum und der ##Vor
1292 2936 1748 2997 rührige Theaterdirector.
1766 2942 1808 2987 —
1802 2939 2544 3018 Der durch seine muthige RedeSo
1298 2979 2551 3060 für das Reichs=Volksschulgesetz bekannt gewordene Bezirks mit
1303 3023 2547 3087 hauptmann von Gmunden, Baron Aichelburg, hat sich der!
1291 3063 2421 3128 schon wieder e as „zu Schulden kommen“ lassen, was ihm
2436 3086 2548 3138 wed
1303 3124 2425 3179 seine clericalen Freunde gewiß mit Nachdruck auf's Kerbholz
2439 3130 2531 3181 hei
1296 3147 2429 3214 schreiben werden. Baron Aichelburg hat einen — Naturalisten
2435 3177 2540 3234 Va
1294 3204 2540 3266 in Schutz genommen. Er ebnete kürzlich einem jungen Wiener! Me
1302 3244 2544 3314 Schriftsteller, der sich als Theaterdichter versuchen wollte, die Bo
1298 3271 2544 3362 Wege zur Bühne. Die Ischler Behörde hatte nämlich einige Ba¬
1296 3328 2437 3391 Bedenken gegen den etwas naturalistisch gehaltenen Einakter
2442 3345 2549 3411 als
1289 3376 2433 3436 und wollte dessen Aufführung hier verbieten. Der Autor fuhr
1289 3415 2428 3477 nach Gmunden und Baron Aichelburg gab das Stück, nach¬
1303 3455 2545 3563 dem er es vorher gelesen und als bühnenfähig erkannt sie
1290 3499 1527 3574 zatte, frei.
1379 3568 2435 3628 [Herodes und Judas im euglischen Unterhause.]
1302 3607 2507 3695 Wie wir bereits telegraphisch mitgetheilt haben, kam es im de¬
1295 3651 2442 3724 englischen Unterhause am 27. d. M. zu einer stürmisch
1303 3696 2457 3764 Sceue, welche sogar in Handgreiflichkeiten ausartete. Des
1283 3729 2451 3812 Corresnandent der „Köln Ata.“ schildert diesen parlan#ne“
