3392 4384
245 174 1192 248 4.5. Abschiedssouper
484 190 1730 273 box 8/2
1415 459 1867 565 Velkszeiteng, Wien
1509 622 1948 729 7. 0KT. 935
262 685 1135 755 CAIINOS IN ÖSTERREICH
370 745 1051 807 Baden Salzburg Semmering
1307 711 2107 820 Im Theater an der Wien gab
256 801 1145 847 Roulette — Baccara — Chemin de fer
1215 792 2105 865 es am Samstag, bei sehr gut besuchtem Hause,
1208 822 2121 904 den ersten Lachmittag. Diese sprachliche
261 864 1063 915 Österreichische Casino A.
1217 868 2106 947 Kombination von Lachen und von Nach¬
256 897 1138 951 Wien III, Schwarzenbergplatz 5a
1206 911 2104 985 mittag steht für eine Veranstaltung, die vom
1196 959 2101 1022 vollsten Erfolg begleitet war. Ständig belacht
1202 999 2097 1071 konferierte Max Brod die angenehmen Er¬
256 1008 764 1093 „OBSERVER“
1159 1044 2104 1122 * eignisse, und dann kam er als „Hans Albers
516 1083 1122 1131 I. österr. behördlich konzessioniertes
499 1130 1132 1177 Unternehmen für Zeitungs-Ausschnitte
1189 1122 2091 1190 persönlich“ Ausgezeichnet wirkten Imhoff
504 1169 1126 1211 Wien I, Wollzeile 11, Telephon R-23-0-43
1192 1179 2085 1230 und Fritz Steiner in der köstlichen Szene
1203 1222 2087 1271 Beim Gesangsprofessor“ und Waldemar
1188 1243 2095 1309 holte sich herzlichen Beifall für sein Quodlibet
1191 1297 2084 1361 „Ein Stückerl vom alten Wien“. „Schlager
1194 1344 2087 1400 von gestern und heute“ brachte, entzuckend
253 1311 949 1417 Ausschnitt aus: 0K1025
1197 1381 2091 1438 pointiert, Luise Kartousch, und der
1187 1427 2087 1487 Applaus, der ihr zuteil wurde, war ungemein
1197 1464 2081 1535 stark und ebenso groß wie der, der Karl¬
395 1416 1105 1575 Osterr. Abendztg. Wien
1184 1509 2085 1566 weis für den Vortrag von Chansons und
271 1551 411 1610 vom:
1180 1540 2075 1608 der Schmieger=Reportage dargebracht wurde.
1189 1602 2074 1665 Lia Bayer paradierte mit Liedern, und
2004 1652 2035 1677 —
1188 1636 2079 1703 zum Abschluß gab es, vortrefflich vorgeführt,
1167 1682 2073 1753 das Abschiedssouper aus dem Schnitzlerschen
394 1675 936 1779 Erster Lachmittag
1182 1733 2067 1798 „Anatol“; hier spielte sich Olly=Gehauer
1163 1763 1890 1841 mit ihrer Annie in die erste Reihe.
299 1749 1039 1851 im Theater an der Wien
254 1834 1105 1901 Die Idee ist keine schlechte, um geringes
222 1881 1108 1938 Geld an Samstagnachmittagen, wo viele ar¬
227 1909 1116 1980 beitende Menschen bereits frei sind, Humor
230 1975 1102 2022 und Frohsinn durch alte und neue Theater¬
224 2005 1109 2054 lieblinge bieten zu lassen. Es kann auf diese
231 2052 1117 2121 Weise, wenn derartige Nachmittage regel¬
1158 2054 2028 2151 CASINOSIN GÖTERREICH
225 2106 1039 2153 mäßig und rationell fortgesetzt werden
1260 2144 1940 2193 BadenSalzburg Semmering
223 2123 1116 2194 wobei freilich darauf gesehen werden muß,
229 2183 1114 2233 daß künstlerisches Niveau gewahrt bleibt und
1166 2177 2020 2243 Roulette — Baccara — Chemin de fer
231 2225 1105 2275 nicht zu alte Witze und Spassettln gemacht
1164 2249 1963 2315 Österreichische Casino A.
225 2265 1108 2323 werden — ein Stammpublikum herangezogen
1165 2297 2027 2349 Wien III, Schwarzenbergplatz 5a
222 2308 1103 2359 werden, das, durch Lob und Begeisterung,
225 2349 1102 2395 immer wieder neue Freunde und Bekannte ins
219 2387 1107 2455 Theater zieht. Und die Mär, daß das Pu¬
1184 2404 1667 2501 „OBSERVER“
216 2439 1052 2486 blikum das Theater meidet, wäre dadurch
1433 2470 2030 2521 österr. behördlich konzessioniertes
227 2470 1109 2538 wie gesagt, nur bei wirklich guten Darbiekun¬
1399 2513 2024 2572 Unternehmen für Zeitungs-Ausschnitte
226 2518 784 2583 gen — leicht zu entkräften.
1406 2563 2023 2593 Wien I, Wollzeile 11, Telephon R-23-0-43
253 2548 1112 2633 Der Anfang war vielversprechend. Wal¬
213 2609 1116 2669 demar noch immer der unvergessene Lieb¬
223 2651 1104 2707 ling der Wiener, die Kartousch, herzig
220 2701 1098 2745 und lieb wie immer, der lustige Brod als
1177 2694 1934 2792 Ausschnitt aus: Das Kleine Bies. 1#
217 2732 1104 2800 Conferencier und im Solo, Imhof und Fritz
220 2786 1103 2834 Steiner in einer grotesken Duo=Szene,
227 2812 1108 2875 Lya Bayer mit hübschen Wiener Liedern,
1668 2834 1746 2919 0
223 2868 1109 2926 Karlweis mit seinen entzückend pointier¬
222 2908 1100 2959 ten Chansons und der altbewährten Fußball¬
1188 2943 1320 3011 vom:
227 2939 1106 3004 reportage fanden großen Beifall des lach¬
220 3003 1105 3054 hungrigen Publikums. Den Schluß bildete das
213 3035 1113 3102 alte, aber noch immer wirksame „Abschieds¬
225 3072 1100 3136 souper“ Artur Schnitzlers mit einem unmög¬
1127 3056 2007 3153 „Lachmittage“ im Theater an der Wien.
215 3112 1105 3187 lichen Anatei, während Olly Gebauer als
1177 3124 2007 3198 Im Theater an der Wien werden nun zur
213 3165 1098 3212 Annie, Hans Kammauf als Max und
1119 3189 1999 3239 Erheiterung des Gemütes an den Samstag¬
226 3208 1100 3256 Brod als KellnerJean gutes Theater spiel¬
1116 3218 2009 3295 nachmittagen lustige Veranstaltungen abgehalten.
211 3245 1106 3313 ten. Das Separé war aber eher in den „entern
1125 3260 2015 3325 Der erste dieser „Lachmittage" hat seinem
213 3290 1003 3348 Gründen“ gelegen als beim Sacher...
1120 3299 2011 3373 Namen alle Ehre gemacht. Eine ganze Reihe von
257 3329 1109 3395 Man wünscht der neuen Einrichtung, die
1124 3343 2009 3419 Stars sorgte für die Unterhaltung des zahlreich
213 3370 1098 3443 bestimmt Daseinsberechtigung hat, bestes Ge¬
1121 3386 2010 3476 erschienenen Publikums. Von Max Brod, dem
964 3414 1074 3488 Kg.
227 3416 391 3481 lingen!
1120 3443 2014 3494 unermüdlichen Conferencier, wurden lanter
1128 3467 2011 3541 gute Bekannte vorgestellt: Richard Walde¬
1120 3528 2024 3581 mar, Fritz Imhoff und Fritz Steiner,
1127 3564 2018 3621 Luise Kartousch und Oskar Karlweiß
1128 3603 2019 3661 als Professor Schmieger. Den Abschluß bildete
1127 3646 2023 3716 Schnitzlers „Abschiedssouper". Olly Ge¬
1128 3684 2022 3765 bauer holte sich als abgebaute Geliebte einen
1139 3739 2027 3801 großen Separaterfolg. Das Publikum war von
1131 3774 2016 3848 den Darbietungen begeistert und wird der Ein¬
1133 3815 2028 3881 ladung des Conferenciers zu den nächsten „Lach¬
1109 3866 1864 3953 mittagen“ gewiß gern Folge leisten.
2317 1199 3153 1291 AINOS IN ÖSTERREICH
2364 1279 3048 1341 BadenSalzburg Semmering
2282 1328 3141 1379 Roulette — Baccara — Chemin de fer
2277 1391 3147 1451 Österreichische Casino A. G.
2270 1437 3144 1495 Wien III, Schwarzenbergplatz 5a
2269 1549 2763 1634 „OBSERVER“
2511 1612 3125 1678 I. österr. behördlich konzessioniertes
2510 1658 3129 1716 Unternehmen für Zeitungs-Ausschnitte
2506 1705 3138 1745 Wien I, Wollzeile 11, Telephon R-23-0-43
2432 1810 2642 1893 Maneg Wi
2662 1818 3064 1922 ner Fachlet. Wien
2265 1865 2628 1942 Ausschnitt aus:
2541 1963 2994 2103 8.0KT. 1935
2272 2078 2423 2144 vom:
2139 2156 3284 2254 („Lachmittag“ im Theater an der Wien.) Als
2079 2232 3281 2296 höchst erfolgskräftige Neueinführung erwies sich der erste
2070 2286 3289 2352 „Lachmittag“ im Theater an der Wien. Kabarettprogramm
2067 2332 3276 2381 einer Wohltätigkeitsakademie mit Solonummern zugkräftiger
2062 2376 3276 2427 Bühnenlieblinge, Humor in konzentriertem Szenenextrakt mit
2067 2430 3287 2477 Musik und Conférence. Der gesamte Reinertrag ist der Theater¬
2075 2477 3282 2540 kasse gewidmet. Also gab's nur wenig Absagen. Als Star
2073 2529 3279 2588 des ersten „Lachmittags“ kredenzte Oskar Karlweis
2065 2582 3280 2638 scharmant=burschikos zwei Lieder aus dem „König mit dem
2068 2622 3280 2692 Regenschirm“, und als Draufgabe seine parodistische
2074 2677 3292 2729 „Schmieger=Fußballreportage“. Lya Bayer und Louise
2069 2723 3291 2777 Kartousch repräsentierten erfolgreichst die wienerische
2062 2766 3286 2833 Note mit einigen witzig pointierten Schlagern, Richard
2060 2807 3285 2892 Waldemar übte das gleiche Genre behäbig=humorvoll. In
2054 2873 3289 2930 einer Schwankszene, „Beim Gesangsprofessor“, entwickelten
2062 2903 3287 2982 Fritz Imhoff und Fritz Steiner urkomische Knockabout¬
2068 2958 3292 3027 künste. Max Brod als Conférencier verplauderte die Pausen
2065 3006 3287 3076 mit alten und neuen Witzen. Zum Schlusse gab's Schnitzlers
2074 3045 3296 3123 „Abschiedssouper“ mit Olly Gebauer als überaus stilechte
2072 3103 3283 3177 Anni vom Opernballett von geradezu elementarer Drastik.
2071 3161 3280 3238 Ihr sekundierten Hans Kammauf und Felix Gerold
2074 3203 3288 3270 in nobler Anatol=Manier. Das Publikum applaudierte den
2078 3257 3281 3316 ganzen ersten „Lachmittag“ durch und spendete beträchtlichen
2059 3305 3092 3383 Beifallsvorschuß für die nächsten „Lachmittage“.—
