3484 4192
554 118 1280 183 Abschiedssouper
317 108 1821 202 4.5 ske box 8/1
2880 818 3081 900 Kan wird
921 847 1314 925 W. 9. —
1486 850 1986 928 — elung0
2000 861 3080 936 v. Aekion.n nür heln, kun sie am k. April, natürlich
878 906 1975 966 die verletzt sind, nicht eine absolute unabänderliche Geltung
1990 910 3127 999 mit Ausnahme der reichsfeindlichen, dem Altreichskanzier in s.
1987 1002 3076 1063 Ihre Wirkung liegt nicht in der so überoft schon behandelten
1001 989 1391 1117 Kleines
1381 994 1888 1113 Feuilleton.
1992 1046 3066 1107 Fabel, die sie vorführt, sondern in der virtuosen Durchtrieben¬
1989 1088 3083 1151 heit, mit der der junge neapolitanische Dichter die Empfind¬
637 960 904 1180 245
1998 1127 3081 1189 ungen und Absichten seiner Personen vor dem Zuschauer aus¬
1029 1124 1273 1207 ##
1988 1164 3071 1226 breitet. Gab es wohl jemals schon einen dramatischen Autor,
1360 1158 1927 1240 Frankfurt a. M., 28. März.
2000 1204 3080 1266 der gleich diesem die Kunst besaß, das Dreisteste mit der
625 1099 1062 1339 0
961 1220 1973 1288 = [Schauspielhaus.] Wenn Graf Silvio Sangiorgi einer
1985 1252 2725 1305 Miene der Selbstverständlichkeit so gerade
2719 1241 3069 1300 herauszusagen, daß
886 1280 1983 1337 von jenen Männern wäre, die eine Frau nur nach Maßgabe des
1984 1267 3087 1335 man gar nicht den Muth findet, ihm etwas übelzunehmen? Ein¬
888 1321 1988 1376 Eindrucks lieben, den sie auf Andre hervorbringt, so könnte er
1981 1322 3078 1379 leicht dahinhüpfender aphoristischer Dialog voll Glanz und Farbei
885 1359 1988 1405 sich in seiner Ehe sehr glücklich fühlen. Denn Clara, die Gräfin,
1988 1358 3085 1421 zeigt den Verfasser als Mann von Geist, als scharfen Beobachter,
892 1388 1983 1450 jung, schön, klug und kokett, wird von Verehrern und Anbetern
1985 1402 3079 1442 als genauen Kenner der theatralischen Wirkungen. Roberto Braccof
889 1425 1983 1486 genugsam umschwärmt. Silvio würde auf diesen reflektorischen
1981 1432 3083 1475 scheint wie kaum ein Anderer dazu berufen, den Stil Sardous¬
883 1464 1989 1527 Reiz gern verzichten, allein in diesem Punkte ist mit der Gräfin
1992 1475 3135 1533 selbstständig fortzuentwickeln, und soweit diese Richtung an und für h
893 1513 1987 1564 nicht bequem fertig zu werden. Sie hat vor der Hochzeit mit
1991 1513 3074 1576 sich ihren Anspruch auf eine engere Theilnahme auch in Zukunft zu
891 1555 1985 1609 Silvio eine Art Vertrag geschlossen: sie nimmt es auf sich, Treue
3092 1546 3150 1601 2
1986 1558 3078 1603 behaupten vermöchte, würde man der weiteren Bekundung dieses
892 1589 1983 1641 zu halten, er verpflichtet sich, Vertrauen zu hegen. Argwohn von
1991 1588 3075 1647 großen Talentes mit dem lebhaftesten Interesse entgegensehen müssen.
887 1631 1981 1673 seiner Seite würde sie tief verletzen, vielleicht sogar zu Thorheiten
1987 1633 3079 1692 Von den drei Rollen, die das Stück enthält, wurden zwei hervor¬
895 1662 1983 1717 verleiten, und da er nur zu gut weiß, daß Eifersucht noch niemals
1990 1664 3084 1715 ragend gut gegeben. Fräulein Landori spielte die Gräfin und
888 1700 1977 1759 ein Mittel gegen Untreue gewesen, fügt sich Silvio, nicht leichten
1990 1704 3079 1769 stattete diese Partie nicht nur mit den schönsten pariserischen Toi¬
884 1744 1987 1812 Herzens, aber gehorsam in die Capricen seiner Gattin. Vor der
1985 1745 3083 1805 letten aus, sondern durchdrang sie auch künstlerisch mit so sicherer
887 1784 1986 1841 Mehrzahl der jungen Herren, die sich um Claras Gunst bewarben,
3067 1791 3153 1841 n
1988 1781 3079 1858 Grazie, daß das Publikum über den Charakter der Heldin kaum
891 1813 1985 1881 ist ihm im Grunde nun gar nicht bange. — einer nur scheint ihm
1979 1821 3076 1864 einen Moment lang im Zweifel bleiben konnte. Vortrefflich war
891 1865 1982 1913 gefährlich: Gino Riccardi, sein bester Freund, der halb Poet, halb
1982 1859 3077 1916 Herr Bauer als Graf, der inmitten aller Sorgen der Eifer¬
3086 1879 3150 1959 #
892 1901 1984 1945 Künstler, intelligenter als alle Rivalen, der reizenden Frau ange¬
1989 1900 3072 1948 sucht immer liebenswürdig, immer Gentleman zu bleiben hat.
884 1935 1984 2000 legentlich den Hof macht. Die Gräfin spielt mit Riccardi wie mit
1984 1941 3067 1981 und Herr Bolz=Riccardi hätte als Verführer blos etwas ver¬
897 1980 1983 2046 den Uebrigen und prahlt auch ihm gegenüber mit ihrer Unempfind¬
1991 1980 3068 2039 führerischer zu sein brauchen, um seine Partner ganz zu erreichen
3057 1971 3147 2045 u.
893 2018 1984 2082 lichkeit. Da stellt ihr der seine Verführer vor, wie wenig Arsache
1976 2012 3076 2076 und die Karten der Komödie nicht schon von Anfang an aufzu¬
893 2051 1978 2102 sie habe, auf ihre Tugend stolz zu sein. Immer in Gesellschaft,
1984 2057 3070 2110 decken. Das Publikum wußte zuerst nicht recht, wie es sich zu dem
897 2090 1977 2152 siets beobachtet, ewig behütet, könne die junge Frau die Leiden¬
1976 2098 3059 2145 verwegenen Stücke stellen solle, und entschloß sich eest nach dem
3062 2096 3151 2147 ∆
886 2131 1978 2173 schaft, die sie einflöße, leicht verspotten. Sie wisse es nicht: Ge¬
1981 2130 3075 2175 brillanten zweiten Aufzug, lebhaften Beifall zu zollen. — Ein
887 2163 1973 2220 legenheit macht Liebe. Wenn sie sich wirklich so stark fühle, wie sie
1973 2174 3070 2242 älteres einaktiges Lustspiel Arthur Schnitzler's „Abschieds¬
888 2215 1977 2264 vorgebe, so möge sie dies beweisen, indem sie ihn einmal in seiner
1987 2202 3140 2256 souper“ hatte den Abend eingeleitet. Es ist eine der Anatol=n
883 2256 1974 2304 Wohnung besuche. Die Gräfin nimmt diese Herausforderung, ohne
1992 2255 3143 2311 Szenen, in denen der Verfasser, bevor er die „Liebelei“ schrieb, die 1 L#
878 2291 1978 2351 zu zaudern an, und Beide verabreden das Rendez=vous für den
1974 2288 3077 2357 junge Lebewelt der Großstadt mit scharfen Strichen porträtirte.
891 2321 1977 2374 nächsten Tag. Zur festgetten Stunde erscheint Clara in Riccardi's
1976 2334 3073 2384 Von Fräulein Bock. sowie den Herren Bolz und A. Meyer
886 2368 1980 2419 Hause: „Da bin ich! bitte, verführen Sie mich!“ Sie sagt
1975 2366 3064 2412 mit eifrigem Bemühen dargestellt, ging das Stückchen an den
887 2409 1976 2459 dies kühl, lächelnd, ein w verächtlich. Oft ist Liebe eine Ueber¬
1982 2403 3074 2459 wenig empfänglichen Zuhörern doch völlig spurlos vorüber.
886 2440 1977 2493 raschung des Herzens, — hier sieht Riccardi sofort ein, daß alle
3081 2426 3142 2501 d
1977 2445 3057 2505 Uns erfreute, was Schnitzler auch in dieser kleinen Arbeit an
884 2476 1970 2540 seine Künste versagen müssen, und daß diese Frau gegen jede
1983 2487 3060 2530 Charakterzeichnung, Menschenkenntniß, Stimmungsgehalt und
888 2515 1974 2572 Schwäche gewappnet ist. Eine glänzend geführte Szene, deren
1971 2523 3071 2584 Wahrheitsliebe darbietet. Es ist gewiß keine großartige Dichtung.
3063 2521 3133 2575 u
882 2563 1976 2619 dramatische Spannung durch das Erscheinen des Grafen gesteigert
1969 2565 3072 2633 aber ein äußerst scharssichtig aufgenommener enger Ausschnitt aus
886 2597 1969 2662 wird, beleuchtet Riccardi's völlige Niederlage. „Ich werde Dich tödten“
1976 2599 3053 2647 der Tragikomödie des wirklichen Lebens mit seinen frivolen Bitter¬
882 2619 1976 2693 flüstert der Graf seiner Frau zu. „Nicht hier, zu Hause“ erwidert
1974 2639 3065 2698 keiten. Und uns hat gerade die lapidare Art, in der der Vorgang
882 2668 1973 2724 sie ruhig und verläßt an seinem Arm den Schauplatz ihres ver¬
1979 2683 3029 2733 behandelt ist, gefallen. Mehr wäre hier weniger gewesen. m.
878 2721 1972 2769 wegenen Abenteuers. Der letzte Aufzug gemahnt noch ausdrück¬
2034 2712 3055 2769 = [Professor Paul Ehrlich.] Aus Berlin berichtet die
890 2755 1962 2804 licher, als die Gräfin selber an Cyprienne de Prunelles erinnert,
3057 2752 3147 2820 Ie
1969 2758 3058 2811 Vossische Zeitung: Die Staatsanstalt für Heilferum¬
1980 2786 3055 2851 Prüfung, die bisher mit dem Koch'schen Institut für Infektions¬
876 2796 1973 2862 an den Schlußakt von „Divorgons“. Beide Gatten finden sich
871 2825 1974 2897 wieder in Liebe zu einander und Adhémar Riccardi zahlt die Zeche.
3070 2803 3127 2888 g
1979 2836 3059 2887 krankheiten verbunden war, wird von diesem abgelöst. und (wie
885 2877 1968 2924 Dies ist in sehr flüchtigen Umrissen der Inhalt der dreiaktigen
1976 2872 3059 2923 bereits mitgetheilt) nach Steglitz verlegt. Angeschlossen wird an
1972 2915 3058 2963 die Staatsanstalt ein wissenschaftliches Laboratorium für Heilserum¬
874 2916 1971 2970 Komödie „Untreu“ von Roberto Bracco, die heut in der
875 2943 3159 3017 Uebersetzung von Otto Eisenschitz zur ersten Aufführung gelangte. Forschung. An die Spitze der beiden Anstalten tritt Dr. Ehrlich, in
