<?xml version="1.0" encoding="UTF-8" standalone="yes"?>
<PcGts xmlns="http://schema.primaresearch.org/PAGE/gts/pagecontent/2013-07-15" xmlns:xsi="http://www.w3.org/2001/XMLSchema-instance" xsi:schemaLocation="http://schema.primaresearch.org/PAGE/gts/pagecontent/2013-07-15 http://schema.primaresearch.org/PAGE/gts/pagecontent/2013-07-15/pagecontent.xsd">
    <Metadata>
        <Creator>prov=University of Rostock/Institute of Mathematics/CITlab/Gundram Leifert/gundram.leifert@uni-rostock.de:name=ONB_Newseye_GT_M1+(htr_id=10810)::::v=2.4.2
prov=University of Rostock/Institute of Mathematics/CITlab/Tobias Gruening/tobias.gruening@uni-rostock.de:name=de.uros.citlab.module.baseline2polygon.B2PSeamMultiOriented:v=2.4.2
prov=University of Rostock/Institute of Mathematics/CITlab/Tobias Gruening/tobias.gruening@uni-rostock.de:name=/mnt/transkribus/LA/DEA/URO/LA_news_onb_att.pb:de.uros.citlab.segmentation.CITlab_LA_ML:v=2.4.2
Transkribus</Creator>
        <Created>2019-10-07T11:51:31.150+02:00</Created>
        <LastChange>2019-10-08T20:29:09.693+02:00</LastChange>
        <TranskribusMetadata docId="223997" pageId="9504241" pageNr="139" tsid="16608925" status="IN_PROGRESS" userId="40391" imgUrl="https://files.transkribus.eu/Get?id=SQNAYBOOOONHDVWXGJYUODTG&amp;fileType=view" xmlUrl="https://files.transkribus.eu/Get?id=YPKUODFDKBZPNWXUOLNWGXWC" imageId="6194455"/>
    </Metadata>
    <Page imageFilename="223997_0139.jpeg" imageWidth="3436" imageHeight="4320">
        <ReadingOrder>
            <OrderedGroup id="ro_1711444745160" caption="Regions reading order">
                <RegionRefIndexed index="0" regionRef="r1"/>
            </OrderedGroup>
        </ReadingOrder>
        <TextRegion orientation="0.0" id="r1" custom="readingOrder {index:0;}">
            <Coords points="246,268 246,3620 2883,3620 2883,268"/>
            <TextLine id="r1l1" custom="readingOrder {index:0;}">
                <Coords points="232,303 430,333 485,307 1186,296 1184,220 1072,250 986,221 715,223 231,264"/>
                <Baseline points="246,305 292,305 338,306 384,306 430,306 477,305 523,304 569,303 615,302 661,301 708,300 754,298 800,297 846,296 892,295 939,294 985,293 1031,292 1077,291 1123,291 1170,291"/>
                <TextEquiv>
                    <Unicode>4.5. Abschiedssouper</Unicode>
                </TextEquiv>
            </TextLine>
            <TextLine id="r1l2" custom="readingOrder {index:1;}">
                <Coords points="494,352 1225,343 1315,297 1743,326 1740,231 492,295"/>
                <Baseline points="507,321 567,322 628,323 689,323 750,323 811,322 872,321 933,319 994,316 1055,314 1116,312 1176,309 1237,307 1298,304 1359,300 1420,298 1481,295 1542,293 1603,291 1664,289 1725,288"/>
                <TextEquiv>
                    <Unicode>absenladsseager box 8/2</Unicode>
                </TextEquiv>
            </TextLine>
            <TextLine id="r1l3" custom="readingOrder {index:2;}">
                <Coords points="1683,971 2053,996 2832,948 2776,876 2484,919 2312,886 2146,927 2035,890 1682,922"/>
                <Baseline points="1700,968 1755,969 1811,969 1867,969 1923,968 1979,968 2035,967 2090,966 2146,965 2202,964 2258,962 2314,961 2370,959 2426,958 2481,956 2537,954 2593,952 2649,951 2705,949 2761,947 2817,945"/>
                <TextEquiv>
                    <Unicode>Der Einakter ist ebenso wienerisch wie sein Autor.</Unicode>
                </TextEquiv>
            </TextLine>
            <TextLine id="r1l4" custom="readingOrder {index:3;}">
                <Coords points="1592,1026 2589,1031 2775,1012 2838,953 1970,996 1591,965"/>
                <Baseline points="1607,1021 1667,1022 1728,1022 1789,1022 1850,1022 1910,1021 1971,1021 2032,1020 2093,1019 2153,1018 2214,1017 2275,1015 2336,1013 2396,1012 2457,1010 2518,1007 2579,1006 2639,1003 2700,1001 2761,998 2822,995"/>
                <TextEquiv>
                    <Unicode>So urwienerisch, so gemütlich=frech, und doch so durch¬</Unicode>
                </TextEquiv>
            </TextLine>
            <TextLine id="r1l5" custom="readingOrder {index:4;}">
                <Coords points="1604,1083 2835,1058 2833,982 2563,1021 1603,1022"/>
                <Baseline points="1620,1074 1680,1073 1740,1071 1800,1070 1860,1069 1920,1068 1980,1068 2040,1067 2100,1066 2160,1065 2220,1064 2280,1063 2340,1062 2400,1061 2460,1060 2520,1058 2580,1056 2640,1054 2700,1051 2760,1049 2821,1045"/>
                <TextEquiv>
                    <Unicode>drungen von alles bezwingender, tändelnder, lachender</Unicode>
                </TextEquiv>
            </TextLine>
            <TextLine id="r1l6" custom="readingOrder {index:5;}">
                <Coords points="1623,1125 2756,1111 2835,1097 2834,1055 1622,1088"/>
                <Baseline points="1637,1123 1696,1122 1755,1121 1814,1120 1873,1119 1932,1118 1991,1117 2051,1115 2110,1114 2169,1113 2228,1112 2287,1110 2346,1109 2405,1107 2465,1106 2524,1105 2583,1103 2642,1101 2701,1100 2760,1098 2820,1096"/>
                <TextEquiv>
                    <Unicode>liebenswürdigkeit, daß sich auch der strengste Moralphi¬</Unicode>
                </TextEquiv>
            </TextLine>
            <TextLine id="r1l7" custom="readingOrder {index:6;}">
                <Coords points="1607,1183 2695,1164 2837,1127 2827,1096 1606,1147"/>
                <Baseline points="1623,1173 1682,1173 1742,1172 1802,1171 1862,1170 1922,1168 1982,1167 2042,1166 2102,1164 2162,1163 2222,1161 2281,1160 2341,1158 2401,1156 2461,1154 2521,1152 2581,1150 2641,1149 2701,1147 2761,1145 2821,1143"/>
                <TextEquiv>
                    <Unicode>ster nicht über diesen Hohn auf die Treue in der Liebe</Unicode>
                </TextEquiv>
            </TextLine>
            <TextLine id="r1l8" custom="readingOrder {index:7;}">
                <Coords points="1598,1240 2829,1209 2828,1148 1597,1179"/>
                <Baseline points="1613,1223 1673,1222 1733,1221 1793,1219 1853,1218 1913,1217 1973,1216 2033,1215 2093,1213 2153,1212 2213,1210 2273,1209 2333,1207 2393,1206 2453,1204 2513,1202 2573,1200 2633,1199 2693,1196 2753,1194 2814,1192"/>
                <TextEquiv>
                    <Unicode>aufregen könnte. „Abschiedssouper“ ist hier noch nicht</Unicode>
                </TextEquiv>
            </TextLine>
            <TextLine id="r1l9" custom="readingOrder {index:8;}">
                <Coords points="1607,1293 2789,1260 2839,1188 1605,1223"/>
                <Baseline points="1620,1274 1680,1272 1740,1271 1800,1270 1861,1269 1921,1267 1981,1266 2041,1265 2102,1263 2162,1262 2222,1260 2282,1259 2343,1257 2403,1256 2463,1254 2523,1252 2584,1250 2644,1248 2704,1246 2764,1244 2825,1241"/>
                <TextEquiv>
                    <Unicode>aufgeführt worden. Es sei daher in ein paar Worten</Unicode>
                </TextEquiv>
            </TextLine>
            <TextLine id="r1l10" custom="readingOrder {index:9;}">
                <Coords points="1597,1313 1847,1342 2834,1286 2832,1243 1596,1285"/>
                <Baseline points="1611,1325 1671,1324 1731,1323 1792,1322 1852,1320 1913,1319 1973,1317 2034,1315 2094,1314 2155,1311 2215,1310 2275,1307 2336,1306 2396,1304 2457,1302 2517,1300 2578,1298 2638,1296 2699,1295 2759,1293 2820,1292"/>
                <TextEquiv>
                    <Unicode>der lustige Inhalt erzählt: Anatol will seiner</Unicode>
                </TextEquiv>
            </TextLine>
            <TextLine id="r1l11" custom="readingOrder {index:10;}">
                <Coords points="1598,1381 2765,1361 2838,1344 2837,1295 1597,1335"/>
                <Baseline points="1613,1375 1673,1373 1734,1370 1794,1368 1855,1366 1915,1364 1976,1363 2036,1361 2097,1360 2157,1358 2218,1357 2279,1356 2339,1354 2400,1353 2460,1352 2521,1350 2581,1349 2642,1348 2702,1346 2763,1344 2824,1342"/>
                <TextEquiv>
                    <Unicode>bisherigen Liebelei ein Ende machen. Er vergöttert seit</Unicode>
                </TextEquiv>
            </TextLine>
            <TextLine id="r1l12" custom="readingOrder {index:11;}">
                <Coords points="1610,1425 2801,1407 2839,1345 1608,1376"/>
                <Baseline points="1626,1426 1686,1424 1746,1422 1806,1420 1866,1418 1926,1416 1986,1415 2046,1413 2106,1412 2166,1410 2226,1409 2286,1407 2346,1406 2406,1405 2466,1403 2526,1402 2586,1400 2646,1399 2706,1397 2766,1395 2826,1394"/>
                <TextEquiv>
                    <Unicode>acht Tagen eine andere. Und die Annie ist eben lang¬</Unicode>
                </TextEquiv>
            </TextLine>
            <TextLine id="r1l13" custom="readingOrder {index:12;}">
                <Coords points="1614,1483 2808,1450 2843,1397 1612,1428"/>
                <Baseline points="1628,1475 1688,1474 1748,1471 1808,1470 1868,1468 1928,1465 1988,1464 2048,1462 2108,1460 2168,1459 2228,1457 2288,1455 2348,1453 2408,1452 2468,1450 2528,1449 2588,1448 2648,1447 2708,1445 2768,1444 2829,1443"/>
                <TextEquiv>
                    <Unicode>weilig und fad geworden. Heute beim Abschiedssouper</Unicode>
                </TextEquiv>
            </TextLine>
            <TextLine id="r1l14" custom="readingOrder {index:13;}">
                <Coords points="1606,1535 2651,1516 2809,1496 2845,1452 1605,1486"/>
                <Baseline points="1621,1523 1681,1521 1741,1520 1802,1518 1862,1517 1923,1515 1983,1513 2044,1511 2104,1509 2165,1508 2225,1506 2285,1504 2346,1503 2406,1501 2467,1499 2527,1498 2588,1496 2648,1495 2709,1493 2769,1492 2830,1491"/>
                <TextEquiv>
                    <Unicode>will er ihrs sagen. In Gegenwart seines Freundes. Da</Unicode>
                </TextEquiv>
            </TextLine>
            <TextLine id="r1l15" custom="readingOrder {index:14;}">
                <Coords points="1607,1568 2790,1556 2838,1543 2837,1485 1606,1529"/>
                <Baseline points="1622,1572 1682,1571 1742,1570 1802,1568 1862,1566 1922,1564 1982,1563 2042,1561 2102,1559 2162,1558 2222,1556 2282,1554 2342,1553 2402,1551 2462,1550 2522,1548 2582,1547 2642,1546 2702,1545 2762,1544 2823,1543"/>
                <TextEquiv>
                    <Unicode>kommt Annie. Direkt von der Oper. Sie ist nämlich</Unicode>
                </TextEquiv>
            </TextLine>
            <TextLine id="r1l16" custom="readingOrder {index:15;}">
                <Coords points="1610,1619 2847,1587 2845,1529 1609,1576"/>
                <Baseline points="1624,1623 1684,1621 1744,1620 1804,1618 1865,1617 1925,1615 1985,1613 2046,1611 2106,1608 2166,1607 2227,1605 2287,1603 2347,1601 2407,1599 2468,1598 2528,1596 2588,1595 2649,1594 2709,1593 2769,1592 2830,1592"/>
                <TextEquiv>
                    <Unicode>beim Ballett. Während sie Austern schlürft und Anatol</Unicode>
                </TextEquiv>
            </TextLine>
            <TextLine id="r1l17" custom="readingOrder {index:16;}">
                <Coords points="1622,1690 2859,1644 2857,1589 2665,1586 1621,1632"/>
                <Baseline points="1636,1673 1696,1671 1756,1669 1817,1667 1877,1664 1937,1663 1998,1660 2058,1658 2118,1656 2179,1654 2239,1653 2299,1651 2360,1649 2420,1648 2480,1646 2541,1645 2601,1644 2661,1643 2722,1643 2782,1642 2843,1642"/>
                <TextEquiv>
                    <Unicode>nach würdigen Worten sucht, erklärt die, eine Ueberraschung</Unicode>
                </TextEquiv>
            </TextLine>
            <TextLine id="r1l18" custom="readingOrder {index:17;}">
                <Coords points="1615,1724 2849,1691 2847,1636 1614,1690"/>
                <Baseline points="1630,1725 1690,1722 1750,1720 1810,1717 1870,1715 1930,1713 1990,1711 2050,1709 2110,1707 2170,1705 2231,1704 2291,1703 2351,1701 2411,1700 2471,1698 2531,1696 2591,1695 2651,1693 2711,1691 2771,1689 2832,1687"/>
                <TextEquiv>
                    <Unicode>mitteilen zu wollen. Bei jedem Bissen bekennt sie end¬</Unicode>
                </TextEquiv>
            </TextLine>
            <TextLine id="r1l19" custom="readingOrder {index:18;}">
                <Coords points="1610,1789 2697,1760 2849,1731 2848,1698 1608,1725"/>
                <Baseline points="1624,1774 1684,1771 1744,1769 1805,1767 1865,1764 1926,1762 1986,1760 2047,1758 2107,1756 2168,1754 2228,1752 2288,1750 2349,1749 2409,1747 2470,1746 2530,1744 2591,1743 2651,1742 2712,1741 2772,1740 2833,1739"/>
                <TextEquiv>
                    <Unicode>lich, sie habe die Liebschaft satt! Sie mache der Sache</Unicode>
                </TextEquiv>
            </TextLine>
            <TextLine id="r1l20" custom="readingOrder {index:19;}">
                <Coords points="1614,1837 2338,1799 2568,1827 2799,1805 2850,1786 2849,1731 1612,1789"/>
                <Baseline points="1630,1822 1690,1819 1750,1816 1810,1814 1871,1812 1931,1810 1991,1809 2051,1807 2112,1805 2172,1804 2232,1802 2292,1801 2353,1800 2413,1798 2473,1797 2533,1795 2594,1794 2654,1792 2714,1790 2774,1788 2835,1786"/>
                <TextEquiv>
                    <Unicode>ein Ende. Anatol braust auf. „Du willst dich wohl</Unicode>
                </TextEquiv>
            </TextLine>
            <TextLine id="r1l21" custom="readingOrder {index:20;}">
                <Coords points="1619,1887 2844,1835 2842,1786 1618,1835"/>
                <Baseline points="1635,1873 1694,1868 1754,1864 1814,1861 1873,1858 1933,1856 1993,1855 2052,1853 2112,1852 2172,1851 2232,1851 2291,1850 2351,1849 2411,1849 2470,1847 2530,1846 2590,1844 2649,1843 2709,1840 2769,1837 2829,1832"/>
                <TextEquiv>
                    <Unicode>gar verheiraten?“ Annie lacht schallend: „Das wäre</Unicode>
                </TextEquiv>
            </TextLine>
            <TextLine id="r1l22" custom="readingOrder {index:21;}">
                <Coords points="1609,1907 2850,1906 2848,1836 1608,1858"/>
                <Baseline points="1625,1919 1685,1917 1745,1914 1806,1912 1866,1911 1927,1908 1987,1906 2047,1905 2108,1903 2168,1901 2229,1900 2289,1898 2349,1897 2410,1895 2470,1894 2531,1893 2591,1892 2651,1891 2712,1890 2772,1889 2833,1888"/>
                <TextEquiv>
                    <Unicode>doch kein Grund zur Trennung!“ Nein, sie ist verliebt,</Unicode>
                </TextEquiv>
            </TextLine>
            <TextLine id="r1l23" custom="readingOrder {index:22;}">
                <Coords points="1614,1988 2842,1944 2840,1889 2785,1887 1612,1908"/>
                <Baseline points="1629,1965 1688,1964 1748,1964 1808,1963 1868,1961 1928,1959 1988,1958 2047,1956 2107,1954 2167,1952 2227,1950 2287,1948 2347,1946 2407,1945 2466,1943 2526,1941 2586,1939 2646,1938 2706,1937 2766,1935 2826,1935"/>
                <TextEquiv>
                    <Unicode>richtig verliebt. — Und sie will ihren neuen Schatz nicht</Unicode>
                </TextEquiv>
            </TextLine>
            <TextLine id="r1l24" custom="readingOrder {index:23;}">
                <Coords points="1685,2012 2856,2003 2855,1957 2787,1941 1685,1981"/>
                <Baseline points="1700,2012 1757,2012 1814,2011 1871,2010 1928,2009 1985,2008 2042,2007 2099,2005 2156,2004 2213,2002 2270,1999 2327,1998 2384,1996 2441,1994 2498,1993 2555,1991 2612,1990 2669,1989 2726,1988 2783,1988 2840,1988"/>
                <TextEquiv>
                    <Unicode>betrügen. Anatol fällt aus der Rolle und tobt. Er</Unicode>
                </TextEquiv>
            </TextLine>
            <TextLine id="r1l25" custom="readingOrder {index:24;}">
                <Coords points="1619,2066 2324,2078 2859,2027 2858,1991 2745,1984 1618,2018"/>
                <Baseline points="1633,2067 1693,2065 1754,2062 1814,2060 1875,2058 1935,2056 1996,2055 2056,2053 2117,2052 2177,2050 2238,2049 2299,2048 2359,2047 2420,2045 2480,2043 2541,2042 2601,2040 2662,2038 2722,2036 2783,2034 2844,2031"/>
                <TextEquiv>
                    <Unicode>renommiert. Und daher platzt er heraus mit der Ver¬</Unicode>
                </TextEquiv>
            </TextLine>
            <TextLine id="r1l26" custom="readingOrder {index:25;}">
                <Coords points="1625,2116 2804,2099 2853,2091 2851,2033 1623,2067"/>
                <Baseline points="1639,2115 1698,2114 1758,2113 1818,2111 1878,2110 1938,2108 1998,2106 2057,2104 2117,2103 2177,2101 2237,2098 2297,2096 2357,2094 2417,2093 2476,2090 2536,2089 2596,2087 2656,2086 2716,2084 2776,2083 2836,2082"/>
                <TextEquiv>
                    <Unicode>sicherung, er sei auch verliebt; in eine andere; mehr</Unicode>
                </TextEquiv>
            </TextLine>
            <TextLine id="r1l27" custom="readingOrder {index:26;}">
                <Coords points="1627,2171 2861,2137 2860,2088 2713,2083 1626,2113"/>
                <Baseline points="1641,2163 1701,2162 1761,2160 1821,2159 1882,2157 1942,2155 2002,2154 2063,2152 2123,2150 2183,2148 2244,2146 2304,2144 2364,2142 2424,2140 2485,2139 2545,2137 2605,2136 2666,2135 2726,2134 2786,2133 2847,2132"/>
                <TextEquiv>
                    <Unicode>non er habe bereits betrogen. Das ist der Annie zu</Unicode>
                </TextEquiv>
            </TextLine>
            <TextLine id="r1l28" custom="readingOrder {index:27;}">
                <Coords points="1624,2224 2858,2194 2857,2148 2752,2133 1623,2173"/>
                <Baseline points="1639,2210 1699,2210 1759,2210 1819,2209 1879,2207 1940,2206 2000,2204 2060,2202 2120,2200 2180,2198 2241,2196 2301,2194 2361,2192 2421,2190 2481,2188 2542,2187 2602,2185 2662,2185 2722,2184 2782,2184 2843,2184"/>
                <TextEquiv>
                    <Unicode>viel. Sie gerät in Rage. Und voll sittlicher Entrüstung</Unicode>
                </TextEquiv>
            </TextLine>
            <TextLine id="r1l29" custom="readingOrder {index:28;}">
                <Coords points="1623,2257 2703,2261 2860,2232 2859,2180 1622,2223"/>
                <Baseline points="1639,2265 1699,2262 1759,2260 1820,2257 1880,2255 1940,2253 2001,2251 2061,2249 2121,2247 2182,2246 2242,2245 2302,2243 2363,2242 2423,2240 2483,2239 2544,2237 2604,2236 2664,2234 2725,2233 2785,2231 2846,2229"/>
                <TextEquiv>
                    <Unicode>wirft sie ihrem Anatol seine „Roheit“ vor. Daß auch er sie</Unicode>
                </TextEquiv>
            </TextLine>
            <TextLine id="r1l30" custom="readingOrder {index:29;}">
                <Coords points="1626,2332 2835,2303 2858,2232 1624,2265"/>
                <Baseline points="1639,2314 1699,2311 1759,2309 1819,2307 1880,2304 1940,2302 2000,2301 2060,2299 2121,2298 2181,2297 2241,2295 2301,2294 2362,2293 2422,2292 2482,2290 2542,2289 2603,2287 2663,2285 2723,2283 2783,2280 2844,2278"/>
                <TextEquiv>
                    <Unicode>[betrogen habe, brauchte er ihr nicht zu sagen. Sie</Unicode>
                </TextEquiv>
            </TextLine>
            <TextLine id="r1l31" custom="readingOrder {index:30;}">
                <Coords points="1627,2376 2508,2344 2507,2314 2412,2292 1626,2330"/>
                <Baseline points="1641,2367 1683,2364 1726,2360 1768,2358 1811,2355 1854,2353 1896,2351 1939,2350 1981,2349 2024,2348 2067,2348 2109,2347 2152,2346 2194,2346 2237,2345 2280,2344 2322,2343 2365,2342 2407,2340 2450,2337 2493,2335"/>
                <TextEquiv>
                    <Unicode>shabe es ihm auch nicht gesagt.</Unicode>
                </TextEquiv>
            </TextLine>
            <TextLine id="r1l32" custom="readingOrder {index:31;}">
                <Coords points="1730,2403 2674,2378 2727,2408 2860,2380 2859,2331 1729,2366"/>
                <Baseline points="1744,2406 1799,2406 1854,2404 1909,2403 1964,2402 2019,2401 2074,2399 2129,2398 2184,2396 2239,2395 2294,2393 2349,2392 2404,2390 2459,2389 2514,2387 2569,2386 2624,2384 2679,2383 2734,2381 2789,2381 2845,2379"/>
                <TextEquiv>
                    <Unicode>Dann fiel der Vorhang! In Wirklichkeit fiel er</Unicode>
                </TextEquiv>
            </TextLine>
            <TextLine id="r1l33" custom="readingOrder {index:32;}">
                <Coords points="1630,2450 2855,2427 2836,2376 2727,2409 2668,2379 1727,2418 1629,2377"/>
                <Baseline points="1645,2456 1704,2454 1764,2453 1824,2451 1884,2449 1944,2448 2003,2447 2063,2446 2123,2445 2183,2444 2243,2443 2302,2442 2362,2441 2422,2440 2482,2439 2542,2437 2601,2436 2661,2434 2721,2432 2781,2430 2841,2427"/>
                <TextEquiv>
                    <Unicode>zu früh, denn die Szene war noch lange nicht aus.</Unicode>
                </TextEquiv>
            </TextLine>
            <TextLine id="r1l34" custom="readingOrder {index:33;}">
                <Coords points="1635,2508 2644,2511 2698,2476 2814,2494 2855,2429 1633,2453"/>
                <Baseline points="1650,2508 1709,2507 1769,2505 1828,2504 1888,2503 1947,2502 2007,2501 2066,2499 2126,2498 2185,2497 2245,2496 2304,2494 2364,2493 2423,2492 2483,2490 2542,2488 2602,2486 2661,2484 2721,2482 2780,2479 2840,2477"/>
                <TextEquiv>
                    <Unicode>Annie soll noch hinausstürmen, natürlich dem Nach¬</Unicode>
                </TextEquiv>
            </TextLine>
            <TextLine id="r1l35" custom="readingOrder {index:34;}">
                <Coords points="1629,2568 2832,2542 2852,2475 1628,2507"/>
                <Baseline points="1644,2555 1703,2552 1763,2549 1823,2547 1883,2546 1942,2544 2002,2544 2062,2543 2122,2542 2181,2541 2241,2541 2301,2540 2361,2540 2420,2539 2480,2538 2540,2536 2600,2535 2659,2533 2719,2530 2779,2527 2839,2524"/>
                <TextEquiv>
                    <Unicode>Nfolger in die Arme. Vorher nimmt sie noch, — wenn</Unicode>
                </TextEquiv>
            </TextLine>
            <TextLine id="r1l36" custom="readingOrder {index:35;}">
                <Coords points="2025,2603 2607,2587 2717,2612 2756,2580 2866,2596 2864,2522 2024,2570"/>
                <Baseline points="2039,2595 2079,2595 2120,2595 2160,2595 2201,2594 2241,2593 2282,2592 2322,2592 2363,2590 2403,2590 2444,2589 2485,2587 2525,2586 2566,2585 2606,2583 2647,2582 2687,2580 2728,2579 2768,2577 2809,2576 2850,2574"/>
                <TextEquiv>
                    <Unicode>ein paar Zigaretten dem sprachlosen</Unicode>
                </TextEquiv>
            </TextLine>
            <TextLine id="r1l37" custom="readingOrder {index:36;}">
                <Coords points="1639,2606 1691,2608 1703,2620 1755,2609 1767,2618 1785,2606 1810,2621 1834,2605 1913,2606 1938,2627 1972,2629 1970,2556 1638,2569"/>
                <Baseline points="1653,2601 1678,2602 1703,2602 1728,2602 1753,2601 1778,2600 1804,2598 1829,2598 1854,2597 1879,2597 1904,2597 1929,2597 1955,2599"/>
                <TextEquiv>
                    <Unicode>ich nicht irre,</Unicode>
                </TextEquiv>
            </TextLine>
            <TextLine id="r1l38" custom="readingOrder {index:37;}">
                <Coords points="1628,2682 2721,2664 2873,2636 2872,2590 1626,2609"/>
                <Baseline points="1643,2660 1703,2657 1764,2654 1825,2651 1886,2648 1946,2646 2007,2644 2068,2642 2129,2640 2189,2638 2250,2637 2311,2635 2372,2634 2432,2633 2493,2632 2554,2631 2615,2631 2675,2630 2736,2630 2797,2629 2858,2629"/>
                <TextEquiv>
                    <Unicode>Anatol fort. Mit der köstlichen Motivierung: „Für</Unicode>
                </TextEquiv>
            </TextLine>
            <TextLine id="r1l39" custom="readingOrder {index:38;}">
                <Coords points="1647,2727 1662,2727 1674,2739 1686,2739 1716,2711 1741,2717 1750,2708 1796,2704 1795,2677 1762,2677 1740,2659 1707,2669 1692,2669 1685,2663 1646,2666"/>
                <Baseline points="1661,2703 1690,2701 1720,2700 1750,2700 1780,2702"/>
                <TextEquiv>
                    <Unicode>ihn!.</Unicode>
                </TextEquiv>
            </TextLine>
            <TextLine id="r1l40" custom="readingOrder {index:39;}">
                <Coords points="795,2733 843,2717 874,2737 941,2714 984,2732 1035,2706 1084,2727 1200,2703 1252,2717 1282,2707 1281,2631 1198,2630 1153,2658 793,2651"/>
                <Baseline points="811,2706 836,2706 861,2706 887,2706 912,2705 937,2705 963,2705 988,2704 1014,2703 1039,2702 1064,2702 1090,2701 1115,2701 1141,2700 1166,2699 1191,2699 1217,2699 1242,2698 1268,2698"/>
                <TextEquiv>
                    <Unicode>Abschiedssouper.</Unicode>
                </TextEquiv>
            </TextLine>
            <TextLine id="r1l41" custom="readingOrder {index:40;}">
                <Coords points="1729,2749 2869,2746 2867,2651 1858,2672 1728,2706"/>
                <Baseline points="1743,2747 1798,2747 1853,2747 1909,2746 1964,2745 2020,2745 2075,2743 2131,2741 2186,2740 2242,2738 2297,2736 2352,2734 2408,2732 2463,2731 2519,2729 2574,2727 2630,2726 2685,2724 2741,2723 2796,2723 2852,2722"/>
                <TextEquiv>
                    <Unicode>Das alles fiel fort, denn der Vorhang war zu</Unicode>
                </TextEquiv>
            </TextLine>
            <TextLine id="r1l42" custom="readingOrder {index:41;}">
                <Coords points="1642,2813 2870,2789 2826,2729 1641,2746"/>
                <Baseline points="1656,2802 1715,2801 1775,2800 1835,2799 1895,2798 1955,2796 2015,2795 2075,2793 2135,2792 2195,2790 2255,2789 2314,2787 2374,2785 2434,2784 2494,2782 2554,2781 2614,2779 2674,2778 2734,2777 2794,2775 2854,2774"/>
                <TextEquiv>
                    <Unicode>früh gefallen und erschlug in seinem Fall die Haupt¬</Unicode>
                </TextEquiv>
            </TextLine>
            <TextLine id="r1l43" custom="readingOrder {index:42;}">
                <Coords points="491,2795 1482,2813 1579,2799 1578,2729 739,2720 490,2755"/>
                <Baseline points="506,2799 558,2798 611,2797 664,2796 717,2795 770,2794 823,2793 875,2793 928,2791 981,2790 1034,2789 1087,2788 1140,2788 1193,2787 1245,2785 1298,2785 1351,2783 1404,2783 1457,2781 1510,2780 1563,2779"/>
                <TextEquiv>
                    <Unicode>Lustspiel in einem Akt von Arthur Scnißler.</Unicode>
                </TextEquiv>
            </TextLine>
            <TextLine id="r1l44" custom="readingOrder {index:43;}">
                <Coords points="1644,2869 2856,2819 2855,2776 2678,2771 1643,2811"/>
                <Baseline points="1658,2852 1717,2850 1776,2848 1835,2846 1894,2845 1953,2843 2012,2842 2072,2841 2131,2840 2190,2839 2249,2838 2308,2837 2367,2836 2426,2835 2486,2833 2545,2831 2604,2830 2663,2828 2722,2825 2781,2822 2841,2819"/>
                <TextEquiv>
                    <Unicode>pointe. Trotzdem hatte Frl. Weinberger wieder ein¬</Unicode>
                </TextEquiv>
            </TextLine>
            <TextLine id="r1l45" custom="readingOrder {index:44;}">
                <Coords points="518,2864 1649,2847 1623,2781 517,2806"/>
                <Baseline points="534,2863 589,2863 644,2863 699,2863 754,2862 809,2861 864,2860 919,2859 974,2857 1029,2855 1084,2853 1139,2851 1194,2849 1249,2848 1304,2846 1359,2844 1414,2842 1469,2840 1524,2839 1579,2838 1635,2837"/>
                <TextEquiv>
                    <Unicode>Nach dem großen Genuß am Samstag gabs gestern</Unicode>
                </TextEquiv>
            </TextLine>
            <TextLine id="r1l46" custom="readingOrder {index:45;}">
                <Coords points="1656,2912 2795,2887 2859,2876 2857,2818 1654,2863"/>
                <Baseline points="1670,2901 1728,2899 1787,2897 1846,2895 1904,2894 1963,2892 2022,2891 2080,2890 2139,2888 2198,2887 2257,2886 2315,2885 2374,2883 2433,2882 2491,2880 2550,2879 2609,2877 2667,2875 2726,2873 2785,2871 2844,2869"/>
                <TextEquiv>
                    <Unicode>mal Gelegenheit gehabt, ihr liebenswürdiges Talent zu</Unicode>
                </TextEquiv>
            </TextLine>
            <TextLine id="r1l47" custom="readingOrder {index:46;}">
                <Coords points="429,2921 1633,2906 1644,2856 428,2878"/>
                <Baseline points="445,2914 504,2915 563,2915 622,2915 682,2914 741,2913 800,2912 859,2910 919,2908 978,2906 1037,2904 1096,2902 1156,2899 1215,2897 1274,2896 1333,2894 1393,2892 1452,2890 1511,2889 1570,2888 1630,2888"/>
                <TextEquiv>
                    <Unicode>abends einen kleinen Nachtisch. Man verzeihe das Wort.</Unicode>
                </TextEquiv>
            </TextLine>
            <TextLine id="r1l48" custom="readingOrder {index:47;}">
                <Coords points="1654,2966 2872,2937 2871,2879 1652,2908"/>
                <Baseline points="1669,2952 1728,2949 1787,2948 1847,2946 1906,2944 1965,2942 2025,2941 2084,2939 2143,2938 2203,2936 2262,2935 2321,2933 2381,2932 2440,2930 2499,2929 2559,2928 2618,2926 2677,2924 2737,2923 2796,2921 2856,2919"/>
                <TextEquiv>
                    <Unicode>zeigen. Sie sah entzückend aus und plauderte mit pri¬</Unicode>
                </TextEquiv>
            </TextLine>
            <TextLine id="r1l49" custom="readingOrder {index:48;}">
                <Coords points="439,2963 1542,2951 1645,2942 1644,2890 437,2926"/>
                <Baseline points="453,2965 511,2965 570,2965 629,2964 688,2963 747,2962 806,2960 865,2958 924,2956 983,2954 1042,2952 1100,2950 1159,2947 1218,2945 1277,2943 1336,2941 1395,2940 1454,2938 1513,2937 1572,2937 1631,2937"/>
                <TextEquiv>
                    <Unicode>Aber in Schnitzlers „Abschiedssouper“ wird wirk¬</Unicode>
                </TextEquiv>
            </TextLine>
            <TextLine id="r1l50" custom="readingOrder {index:49;}">
                <Coords points="1649,3013 2621,2994 2861,2979 2861,2939 1648,2961"/>
                <Baseline points="1665,2997 1724,2996 1783,2994 1842,2992 1901,2991 1960,2990 2019,2989 2078,2987 2137,2986 2196,2985 2255,2983 2314,2982 2373,2981 2432,2979 2491,2978 2550,2977 2609,2975 2668,2974 2727,2972 2786,2970 2846,2969"/>
                <TextEquiv>
                    <Unicode>ckelnder Charme. Allerliebst wußte sie einen heran¬</Unicode>
                </TextEquiv>
            </TextLine>
            <TextLine id="r1l51" custom="readingOrder {index:50;}">
                <Coords points="432,3021 1642,3001 1640,2940 1509,2935 430,2966"/>
                <Baseline points="446,3017 505,3016 564,3015 623,3014 682,3013 741,3011 800,3010 859,3008 918,3007 977,3004 1036,3003 1095,3001 1154,2998 1213,2997 1272,2995 1331,2993 1390,2991 1449,2989 1508,2988 1567,2987 1627,2986"/>
                <TextEquiv>
                    <Unicode>lich nur gegessen: Austern, Filet de Boeuf, Beilagen,</Unicode>
                </TextEquiv>
            </TextLine>
            <TextLine id="r1l52" custom="readingOrder {index:51;}">
                <Coords points="1650,3062 2808,3032 2868,3015 2867,2970 1649,3013"/>
                <Baseline points="1665,3049 1724,3046 1783,3044 1843,3043 1902,3040 1962,3039 2021,3038 2080,3037 2140,3036 2199,3034 2259,3034 2318,3033 2377,3032 2437,3030 2496,3029 2556,3028 2615,3026 2674,3024 2734,3022 2793,3019 2853,3016"/>
                <TextEquiv>
                    <Unicode>ziehenden Schwips zu markieren. Huttig war ihr</Unicode>
                </TextEquiv>
            </TextLine>
            <TextLine id="r1l53" custom="readingOrder {index:52;}">
                <Coords points="432,3081 1639,3052 1594,2990 430,3023"/>
                <Baseline points="446,3070 504,3067 563,3065 622,3062 681,3061 740,3059 799,3057 858,3055 917,3053 976,3051 1035,3049 1093,3048 1152,3046 1211,3044 1270,3042 1329,3040 1388,3039 1447,3037 1506,3036 1565,3033 1624,3032"/>
                <TextEquiv>
                    <Unicode>Backwerk, Obst= und Eiscreme. Dazu Bordeaux und Cham¬</Unicode>
                </TextEquiv>
            </TextLine>
            <TextLine id="r1l54" custom="readingOrder {index:53;}">
                <Coords points="1641,3110 2863,3081 2862,3023 1640,3055"/>
                <Baseline points="1657,3096 1716,3095 1776,3094 1835,3093 1895,3092 1954,3091 2014,3089 2073,3088 2133,3086 2192,3085 2252,3083 2312,3081 2371,3079 2431,3078 2490,3077 2550,3075 2609,3074 2669,3072 2728,3072 2788,3071 2848,3070"/>
                <TextEquiv>
                    <Unicode>ebenbürtiger Partner. Herr Kaiser schien sich als Anatol</Unicode>
                </TextEquiv>
            </TextLine>
            <TextLine id="r1l55" custom="readingOrder {index:54;}">
                <Coords points="430,3134 1508,3104 1648,3082 1647,3051 428,3091"/>
                <Baseline points="446,3118 505,3116 564,3114 624,3112 683,3111 742,3109 802,3107 861,3105 920,3103 980,3101 1039,3098 1098,3097 1158,3095 1217,3093 1276,3092 1336,3090 1395,3088 1454,3087 1514,3086 1573,3085 1633,3084"/>
                <TextEquiv>
                    <Unicode>pagner. Schließlich noch Zigaretten. Ort der appetit¬</Unicode>
                </TextEquiv>
            </TextLine>
            <TextLine id="r1l56" custom="readingOrder {index:55;}">
                <Coords points="1654,3157 2846,3140 2869,3081 1653,3108"/>
                <Baseline points="1669,3147 1728,3146 1787,3145 1846,3143 1906,3142 1965,3140 2024,3139 2084,3137 2143,3135 2202,3133 2262,3131 2321,3130 2380,3128 2439,3127 2499,3125 2558,3124 2617,3123 2677,3122 2736,3122 2795,3121 2855,3121"/>
                <TextEquiv>
                    <Unicode>mit dem Publikum einen schlechten Witz machen zu wollen.</Unicode>
                </TextEquiv>
            </TextLine>
            <TextLine id="r1l57" custom="readingOrder {index:56;}">
                <Coords points="426,3153 1466,3169 1654,3146 1653,3079 425,3123"/>
                <Baseline points="442,3164 501,3162 561,3162 621,3160 681,3159 741,3157 801,3156 860,3155 920,3153 980,3151 1040,3150 1100,3148 1160,3146 1220,3145 1279,3143 1339,3142 1399,3140 1459,3138 1519,3137 1579,3135 1639,3134"/>
                <TextEquiv>
                    <Unicode>erregenden Handlung: Ein kleiner, ebenso üppiger, als</Unicode>
                </TextEquiv>
            </TextLine>
            <TextLine id="r1l58" custom="readingOrder {index:57;}">
                <Coords points="961,3190 2872,3170 2850,3112 961,3160"/>
                <Baseline points="977,3195 1071,3194 1165,3193 1259,3192 1353,3191 1447,3190 1541,3190 1635,3189 1729,3188 1823,3187 1917,3186 2011,3185 2105,3184 2199,3183 2293,3181 2387,3179 2481,3177 2575,3175 2669,3172 2763,3169 2857,3165"/>
                <TextEquiv>
                    <Unicode>Speisende Personen: Anatol, Es ist fast nicht denkbar, daß diese greifbare Unnatur,</Unicode>
                </TextEquiv>
            </TextLine>
            <TextLine id="r1l59" custom="readingOrder {index:58;}">
                <Coords points="434,3212 563,3232 633,3212 667,3232 718,3209 917,3230 915,3163 561,3175 433,3163"/>
                <Baseline points="449,3214 474,3214 499,3214 524,3214 549,3214 574,3214 599,3214 624,3214 649,3213 675,3212 700,3212 725,3211 750,3209 775,3208 800,3207 825,3205 850,3203 875,3201 901,3198"/>
                <TextEquiv>
                    <Unicode>diskreter Hotelsalon.</Unicode>
                </TextEquiv>
            </TextLine>
            <TextLine id="r1l60" custom="readingOrder {index:59;}">
                <Coords points="438,3275 2723,3242 2872,3224 2871,3157 437,3211"/>
                <Baseline points="452,3271 572,3262 692,3256 812,3251 933,3247 1053,3244 1173,3242 1293,3240 1414,3239 1534,3239 1654,3238 1774,3238 1895,3237 2015,3236 2135,3235 2255,3233 2376,3230 2496,3226 2616,3221 2736,3215 2857,3207"/>
                <TextEquiv>
                    <Unicode>Max und Annie. — Während des Essens wird natürlich dieses hohle Poltern das Ergebnis eines ehrlichen Stre¬</Unicode>
                </TextEquiv>
            </TextLine>
            <TextLine id="r1l61" custom="readingOrder {index:60;}">
                <Coords points="432,3347 2829,3282 2877,3208 430,3280"/>
                <Baseline points="445,3321 565,3314 686,3308 807,3303 928,3298 1049,3295 1169,3293 1290,3291 1411,3289 1532,3288 1653,3287 1773,3286 1894,3285 2015,3283 2136,3282 2257,3279 2377,3277 2498,3273 2619,3268 2740,3263 2861,3256"/>
                <TextEquiv>
                    <Unicode>geplaudert; selbstverständlich über die Liebe. Und zwar bens gewesen sein sollte. Frl. Weinberger und Herr</Unicode>
                </TextEquiv>
            </TextLine>
            <TextLine id="r1l62" custom="readingOrder {index:61;}">
                <Coords points="430,3373 2865,3318 430,3336"/>
                <Baseline points="445,3367 565,3360 685,3354 805,3350 925,3346 1046,3343 1166,3341 1286,3339 1406,3338 1526,3337 1647,3336 1767,3336 1887,3335 2007,3333 2127,3332 2248,3330 2368,3327 2488,3324 2608,3320 2728,3315 2849,3308"/>
                <TextEquiv>
                    <Unicode>über die illegitime. — Aber nicht über die, welche mit Huttig teilten sich hingegen mit Recht in den durchschla¬</Unicode>
                </TextEquiv>
            </TextLine>
            <TextLine id="r1l63" custom="readingOrder {index:62;}">
                <Coords points="432,3428 2672,3411 2896,3313 431,3367"/>
                <Baseline points="446,3416 567,3410 689,3405 811,3400 933,3397 1055,3393 1177,3391 1298,3389 1420,3388 1542,3386 1664,3385 1786,3385 1908,3384 2030,3383 2151,3381 2273,3380 2395,3378 2517,3376 2639,3373 2761,3369 2883,3365"/>
                <TextEquiv>
                    <Unicode>Rosenketten fesselt, sondern über jene, die zwischen alten genden äußeren Erfolg der im ganzen brillanten Auf¬,</Unicode>
                </TextEquiv>
            </TextLine>
            <TextLine id="r1l64" custom="readingOrder {index:63;}">
                <Coords points="441,3467 1641,3430 1816,3469 1882,3459 1882,3410 1518,3380 440,3430"/>
                <Baseline points="455,3459 525,3458 596,3457 666,3455 737,3453 807,3451 878,3448 948,3446 1019,3443 1089,3441 1160,3439 1231,3436 1301,3435 1372,3434 1442,3433 1513,3433 1583,3434 1654,3435 1724,3437 1795,3440 1866,3444"/>
                <TextEquiv>
                    <Unicode>Vertrauten eine Kluft aufreißen wird. Also keine Koserei, führung.</Unicode>
                </TextEquiv>
            </TextLine>
            <TextLine id="r1l65" custom="readingOrder {index:64;}">
                <Coords points="2711,3482 2729,3482 2739,3473 2766,3489 2781,3486 2799,3504 2824,3483 2836,3490 2848,3481 2863,3481 2864,3432 2846,3432 2822,3407 2809,3413 2794,3401 2782,3401 2754,3425 2712,3424"/>
                <Baseline points="2726,3474 2756,3474 2787,3476 2817,3476 2848,3474"/>
                <TextEquiv>
                    <Unicode>n.</Unicode>
                </TextEquiv>
            </TextLine>
            <TextLine id="r1l66" custom="readingOrder {index:65;}">
                <Coords points="441,3531 1623,3489 1667,3436 439,3464"/>
                <Baseline points="455,3512 514,3509 574,3507 634,3505 694,3504 754,3502 814,3500 874,3499 934,3498 994,3496 1054,3495 1113,3494 1173,3493 1233,3491 1293,3490 1353,3488 1413,3486 1473,3485 1533,3482 1593,3480 1653,3477"/>
                <TextEquiv>
                    <Unicode>sondern ein Abschied, gemildert durch die Freuden eines</Unicode>
                </TextEquiv>
            </TextLine>
            <TextLine id="r1l67" custom="readingOrder {index:66;}">
                <Coords points="1812,3548 1961,3564 2078,3533 2214,3572 2364,3539 2726,3592 2799,3585 2802,3475 1814,3475"/>
                <Baseline points="1827,3539 1874,3535 1922,3533 1970,3531 2018,3529 2066,3529 2114,3529 2162,3530 2210,3531 2258,3532 2306,3534 2353,3536 2401,3539 2449,3540 2497,3543 2545,3544 2593,3546 2641,3547 2689,3549 2737,3549 2785,3549"/>
                <TextEquiv>
                    <Unicode>OH</Unicode>
                </TextEquiv>
            </TextLine>
            <TextLine id="r1l68" custom="readingOrder {index:67;}">
                <Coords points="429,3573 1029,3537 1100,3578 1536,3569 1681,3531 1664,3476 428,3533"/>
                <Baseline points="445,3565 506,3562 567,3558 628,3556 689,3553 750,3551 811,3549 872,3548 933,3547 994,3546 1055,3544 1116,3543 1177,3542 1238,3541 1299,3539 1360,3537 1421,3535 1482,3533 1543,3530 1604,3526 1666,3522"/>
                <TextEquiv>
                    <Unicode>gut bedachten Abendtisches. Daher der Name der Plau¬</Unicode>
                </TextEquiv>
            </TextLine>
            <TextLine id="r1l69" custom="readingOrder {index:68;}">
                <Coords points="433,3639 1042,3604 1040,3543 662,3558 636,3584 556,3559 431,3569"/>
                <Baseline points="449,3609 477,3609 506,3609 535,3609 564,3608 593,3608 622,3607 651,3607 680,3606 709,3604 738,3603 766,3603 795,3601 824,3601 853,3599 882,3598 911,3597 940,3596 969,3594 998,3593 1027,3592"/>
                <TextEquiv>
                    <Unicode>derei: „Abschieds=Souper.“</Unicode>
                </TextEquiv>
            </TextLine>
            <TextEquiv>
                <Unicode>4.5. Abschiedssouper
absenladsseager box 8/2
Der Einakter ist ebenso wienerisch wie sein Autor.
So urwienerisch, so gemütlich=frech, und doch so durch¬
drungen von alles bezwingender, tändelnder, lachender
liebenswürdigkeit, daß sich auch der strengste Moralphi¬
ster nicht über diesen Hohn auf die Treue in der Liebe
aufregen könnte. „Abschiedssouper“ ist hier noch nicht
aufgeführt worden. Es sei daher in ein paar Worten
der lustige Inhalt erzählt: Anatol will seiner
bisherigen Liebelei ein Ende machen. Er vergöttert seit
acht Tagen eine andere. Und die Annie ist eben lang¬
weilig und fad geworden. Heute beim Abschiedssouper
will er ihrs sagen. In Gegenwart seines Freundes. Da
kommt Annie. Direkt von der Oper. Sie ist nämlich
beim Ballett. Während sie Austern schlürft und Anatol
nach würdigen Worten sucht, erklärt die, eine Ueberraschung
mitteilen zu wollen. Bei jedem Bissen bekennt sie end¬
lich, sie habe die Liebschaft satt! Sie mache der Sache
ein Ende. Anatol braust auf. „Du willst dich wohl
gar verheiraten?“ Annie lacht schallend: „Das wäre
doch kein Grund zur Trennung!“ Nein, sie ist verliebt,
richtig verliebt. — Und sie will ihren neuen Schatz nicht
betrügen. Anatol fällt aus der Rolle und tobt. Er
renommiert. Und daher platzt er heraus mit der Ver¬
sicherung, er sei auch verliebt; in eine andere; mehr
non er habe bereits betrogen. Das ist der Annie zu
viel. Sie gerät in Rage. Und voll sittlicher Entrüstung
wirft sie ihrem Anatol seine „Roheit“ vor. Daß auch er sie
[betrogen habe, brauchte er ihr nicht zu sagen. Sie
shabe es ihm auch nicht gesagt.
Dann fiel der Vorhang! In Wirklichkeit fiel er
zu früh, denn die Szene war noch lange nicht aus.
Annie soll noch hinausstürmen, natürlich dem Nach¬
Nfolger in die Arme. Vorher nimmt sie noch, — wenn
ein paar Zigaretten dem sprachlosen
ich nicht irre,
Anatol fort. Mit der köstlichen Motivierung: „Für
ihn!.
Abschiedssouper.
Das alles fiel fort, denn der Vorhang war zu
früh gefallen und erschlug in seinem Fall die Haupt¬
Lustspiel in einem Akt von Arthur Scnißler.
pointe. Trotzdem hatte Frl. Weinberger wieder ein¬
Nach dem großen Genuß am Samstag gabs gestern
mal Gelegenheit gehabt, ihr liebenswürdiges Talent zu
abends einen kleinen Nachtisch. Man verzeihe das Wort.
zeigen. Sie sah entzückend aus und plauderte mit pri¬
Aber in Schnitzlers „Abschiedssouper“ wird wirk¬
ckelnder Charme. Allerliebst wußte sie einen heran¬
lich nur gegessen: Austern, Filet de Boeuf, Beilagen,
ziehenden Schwips zu markieren. Huttig war ihr
Backwerk, Obst= und Eiscreme. Dazu Bordeaux und Cham¬
ebenbürtiger Partner. Herr Kaiser schien sich als Anatol
pagner. Schließlich noch Zigaretten. Ort der appetit¬
mit dem Publikum einen schlechten Witz machen zu wollen.
erregenden Handlung: Ein kleiner, ebenso üppiger, als
Speisende Personen: Anatol, Es ist fast nicht denkbar, daß diese greifbare Unnatur,
diskreter Hotelsalon.
Max und Annie. — Während des Essens wird natürlich dieses hohle Poltern das Ergebnis eines ehrlichen Stre¬
geplaudert; selbstverständlich über die Liebe. Und zwar bens gewesen sein sollte. Frl. Weinberger und Herr
über die illegitime. — Aber nicht über die, welche mit Huttig teilten sich hingegen mit Recht in den durchschla¬
Rosenketten fesselt, sondern über jene, die zwischen alten genden äußeren Erfolg der im ganzen brillanten Auf¬,
Vertrauten eine Kluft aufreißen wird. Also keine Koserei, führung.
n.
sondern ein Abschied, gemildert durch die Freuden eines
OH
gut bedachten Abendtisches. Daher der Name der Plau¬
derei: „Abschieds=Souper.“</Unicode>
            </TextEquiv>
        </TextRegion>
    </Page>
</PcGts>
