3436 4320
253 243 1152 339 4. 5. Abschiedssoupe
514 253 1749 363 ET box 8//2
1239 960 1473 1059 ###
712 1062 1103 1149 ephon 12801.
296 1158 1494 1229 Alex. Weigl’s Unternehmen für Zeitungs-Ausschnitte
1056 1215 1432 1352 TDe Auschunt
362 1255 512 1343 N
510 1242 1081 1366 OBSERYE
1278 1272 1559 1371 Nr. 72
192 1372 1621 1435 I. österr. behördl. conc. Bureau für Zeitungsberichte u. Personalnachrichten
444 1420 1353 1510 Wien, I., Concordiaplatz 4.
192 1506 1616 1558 Vertretungen in Berlin, Budapest, Chicago, Genf, London, Newyork, Paris, Rom,
533 1535 1239 1603 Stockholm, Kristiania, St. Petersburg.
968 1614 1294 1707 # Ugl.,
195 1661 684 1744 Ausschnitt aus:
716 1661 1579 1759 Md Keit Weren . her .0 Aegabey
205 1805 373 1898 vom:
567 1845 848 1943 34700 9
532 2041 1444 2130 Schnitzler's „Abschiedssonper“ in Költt¬
418 2087 639 2162 verboten.
639 2106 923 2168 In Koln
922 2117 1181 2177 hat die
1176 2108 1405 2190 Censur¬
421 2150 978 2213 behörde Schnitzler's
982 2154 1245 2226 bekannten
1275 2164 1390 2218 Ein¬
417 2191 969 2251 acter „Abschiedssouper“
1001 2202 1220 2262 verboten.
1274 2203 1393 2267 Das
426 2248 1398 2310 reizende Stückchen ist überall bis jetzt un¬
418 2282 1393 2359 beanständet gespielt worden, sogar bei uns in
426 2323 1389 2394 Wien. Auch in Köln wurde es schon einmal ge¬
422 2376 1392 2435 geben, allerdings in französischer Uebersetzung,
421 2416 1389 2470 mit Charlotte Wiehe in der Hauptrolle. Und nun
423 2455 1392 2519 hat die hochweise Behörde plötzlich ein Haar in
433 2501 1387 2578 dem harmlosen Einacter gefu ! Sie muß
421 2551 1272 2598 scharfe Augen haben, diese Köln Censur!
314 2584 1377 2694 50 Zeitungsansschnitte (Artikel oder Notizen) Kr. 14.—
1261 2616 1606 2704 28.— Indlusive
302 2663 404 2712 100
1250 2667 1575 2734 50.— Porte.
296 2700 404 2746 200
1396 2705 1581 2755 Zahlbar
1239 2712 1401 2776 110.—
1237 2736 1643 2815 200.—) im Voraus.
941 2776 989 2820 „
222 2781 409 2844 „ 1000
314 2801 1631 2878 Im Gegensatze zu anderen Bureaux für Zeitungsausschnitte ist das
1267 2849 1652 2911 auch steht es dea
210 2863 1271 2918 Abonnement durch keine bestimmte Zeitdauer begrenzt; —
198 2890 1522 2956 Abonnenten frei die aufgegebenen Themen zu ergänzen oder zu ändern.
313 2965 1646 3026 Der „OBSERVER“ veranstaltet täglich einen Auszug enthaltend die
206 3015 1630 3077 Inhaltsangabe aller wichtigen Mittheilungen der Wiener Morgen¬
211 3049 1639 3125 blätter (Tagesjournale ausser „Neue Freie Presse“ und „Wiener Zeitung“)
211 3091 1642 3148 wodurch eine Uebersicht über das gesammte politische und wirthschaftliche
210 3129 1643 3202 Leben des In- und Auslandes in drastischer Kürze geboten wird. Diese Mit¬
208 3181 1228 3246 theilungen werden in Wien am 9 Uhr Früh verschickt.
545 3244 1317 3347 Pnospecte gratis und franco.
2111 190 3012 264 Wien, I., Concondiaplatz 4.
1841 249 3273 316 Vertretungen in Berlin, Budapest, Chicago, Gent. London, Newyork, Paris, Ron.
2194 304 2901 368 Stockholm, Kristiania, St. Petarsburg.
1823 412 2345 501 Ausschnitt aus:
2432 439 3277 540 BERLIFEER TAGDLATT
1835 558 2042 640 vom:
2245 682 2530 780 4105
2454 938 2492 967 —
1994 905 3199 1009 Arthur Schnitzlers „Abschiedssouper“ ist in Köln
1930 975 3189 1053 von der Censur verboten worden. — Das fröhliche kleine Werk
1949 1044 3193 1110 ist in großen und kleinen Städten Deutschlands und Oesterreichs seit
1953 1072 3211 1154 Jahren gegeben worden, ohne irgendwo Anstoß zu erregen. Weshalb
1942 1145 3064 1192 man gerade in Köln so ängstlich ist, läßt sich schwer erklären.
2287 1307 2793 1388 Bezugs-Bedingungen:
1818 1381 3008 1438 Für 50 Zeitungsansschnitte (Artikel oder Notizen) Kr. 15.—
1920 1404 2039 1463 100
2892 1392 3237 1486 28.— Inelustve
3031 1443 3201 1489 Porto.
1919 1451 2035 1494 200
2887 1461 3022 1505 50.—
1915 1483 2039 1533 500
2862 1477 3227 1542 110.— Zahlbar
2869 1519 3266 1589 200.— im Vorans.
1848 1528 2032 1587 " 1000
1940 1572 3255 1621 Im Gegensatze zu anderen Bureaux für Zeitungsausschnitte ist das
1824 1631 3266 1686 Ab#nnement durch keine bestimmte Zeitdauer begrenzt; — auch steht es den
1820 1663 3149 1714 Abnnenten frei die aufgegebenen Themen zu ergänzen oder zu ändern.
1934 1713 3263 1787 Der „OBSERVER“ veranstaltet täglich einen Auszug enthaltend die
1821 1771 3256 1838 Inhaltsangabe aller wichtigen Mittheilungen der Wiener Morgen¬
1821 1813 3245 1870 blätter (Tagesjournale ausser „Neue Freie Presse“ und „Wiener Zeitung")
1819 1863 3264 1914 wodurch eine Uebersicht über das gesammte politische und wirthschaftliche
1827 1893 3252 1956 Leben des In- und Auslandes in drastischer Kürze geboten wird. Diese Mit¬
1813 1938 2846 1995 theilungen werden in Wien um 9 Uhr Früh verschickt.
2160 2025 2918 2097 Prospecte gnatis und franco.
2091 2181 2995 2253 Wien, I., Concondlapfarz¬
1826 2254 3261 2329 Vertretungen in Berlin, Budapest, Chicago, Genf, London, Newyork, Paris. Rom.
2180 2307 2885 2375 Stockholm, Kristiania, St. Petersburg.
1811 2420 2326 2506 Ausschnitt aus:
2332 2446 3097 2568 Künchner Neueste Nachrichten
1822 2574 2009 2653 vom:
2194 2650 2502 2754 910%
2070 2874 2954 2961 Ein Zensurverbot. In Köln hat die Zensur¬
1989 2904 2951 3002 behörde Schnitzlers bekannten Einakter „Abschieds¬
1997 2955 2949 3033 souper“ verboten. Das reizende Stückchen ist überall bis
1995 2999 2958 3076 jetzt unbeanstandet gespielt worden. Auch in Köln ist es
1998 3041 2955 3118 schon einmal gegeben worden, allerdings in französischer
2001 3077 2941 3153 Uebersetzung, mit Charlotte Wiehe in der Hauptrolle.
1992 3111 2947 3204 Und nun hat die weise Behörde plötzlich ein Haar in dem
2001 3151 2502 3237 harmlosen Einakter gefunden!
2279 3303 2783 3390 Bezugs-Bedingungen:
1810 3376 2989 3451 Für 50 Zeitungsansschnitte (Artikel oder Notizen) Kr. 15.—
2875 3390 3228 3484 28.— Inelusive
1908 3417 2009 3464 100
3035 3441 3193 3488 Porto.
1902 3458 2010 3503 200
2869 3453 3002 3509 50.—
1898 3492 2022 3543 500
2851 3485 3011 3545 110.—
2859 3517 3249 3589 200.— im Voraus.
1880 3525 2033 3603 1000
1834 3544 1886 3610 „
1928 3570 3248 3639 Im Gegensatze zu anderen Bureaux für Zeitungsausschnitte ist das
1816 3622 3241 3671 Abonnement durch keine bestimmte Zeitdauer begrenzt; — auch steht es den
1810 3660 3123 3724 Abonnenten frei die aufgegebenen Themen zu ergänzen oder zu ändern.
1929 3726 3246 3796 Der „OBSERVER“ veranstaltet täglich einen Auszug enthaltend die
1817 3779 3240 3830 Inhaltsangabe aller wichtigen Mittheilungen der Wiener Morgen¬
1812 3823 3237 3873 blätter (Tagesjournale ausser „Neue Freie Presse“ und „Wiener Zeitung“)
1817 3862 3240 3903 wodurch eine Uebersicht über das gesammte politische und wirthschaftliche
1820 3904 3249 3953 Leben des In- und Auslandes in drastischer Kürze geboten wird. Diese Mit¬
1816 3944 2838 4004 theilungen werden in Wien um 9 Uhr Früh verschiekt.
2146 4017 2918 4107 Prospecte gnatis und fnanco.
