3392 4384
481 255 1184 324 Abschiedssouper
226 236 1735 346 4.5. A.#nsaasseuger box 8/2
449 869 2512 945 itscheid seht1 Baden=Baden abgereist. am Bahlthof jund eind, der Könglichen Museen, die Direktion der
442 935 2516 993 iltnis mit herzliche Verabschiedung von der Großherzogin! National=Galerie und deren Unterbeamte, die
468 982 704 1044 ährend er
703 1008 2513 1034 von Baden statt. Abends traf die hohe Frau in Akademie der Künste, die Verbindung für
474 1027 2525 1079 bezeichnet, Bonn ein. Zum Empfange waren am Bahnhofe,I historische Kunst, die Akabemie des Bauwesens,
1611 1102 2517 1150 zweimal vor Mitgliedern des Vereins „Freie
695 1108 1609 1155 ist in den Hauptrollen beietzt mit den Damen
482 1115 697 1164 an innerer
1607 1137 2526 1184 Volksbühne zur Aufführung brachte, forderte
700 1149 1614 1190 Arnold, Maren, Marland, Seyffertitz, Schneider¬
499 1153 706 1205 ägen des
1606 1169 2520 1226 Direktor Barnowsky im Wege der Klage die in
705 1177 1602 1232 Niessen und Sorger sowie mit den Herren Arndi,
496 1180 709 1249 il) an, die
1615 1196 2529 1262 dem Vertrag bedungene Strafe von 2000 M. Im
703 1224 1607 1271 Ausfelder, Borée, Kleinke, Retzoach, Siebert, Sladeck,
512 1225 710 1280 ung vor¬
1616 1251 2520 1300 gestrigen Termin machte der Vertreter Direktor
710 1261 1601 1308 Starnburg und Walden. Die Regie führt Herr
512 1264 707 1319 ns letzte
1607 1279 2519 1342 Reinhardts, Rechtsanwalt Walter geltend, daß die
697 1295 1604 1346 Welisch. Die zur Handlung gehörige Musik wurde
507 1304 708 1360 len. Es
1621 1330 2520 1377 im Deutschen Theater stattgehabten Aufführungen
714 1335 1608 1382 von Klemens Schmalstich, einem Schüler des Prof,
552 1337 701 1393 Dame
1615 1359 2519 1424 von „Abschiedssouper“ nicht als von Direktor
706 1378 1215 1433 Humperdinck, komponiert.
522 1383 704 1430 nate zu
1609 1399 2526 1451 Reinhardt veranstaltete Aufführungen gelten
516 1411 711 1484 In dem
764 1414 1604 1468 #t Lustspielhaus. Morgen (Sonnabend) nach¬
1611 1438 2518 1480 lönnten, da sie auf ausdrückliche Anordnung des
574 1456 709 1503 Emma
704 1459 1610 1509 mittag findet die erste Märchenvorstellung statt.
1611 1458 2529 1532 Vereins „Freie Volksbühne“ in der von diesem
573 1496 702 1545 störten
701 1500 1605 1549 „Gänseliese!“, Märchen in fünf Bildern von Rosa
1604 1523 2521 1585 Verein gewünschten Besetzung stattfanden. Die
596 1532 702 1582 Töne
706 1543 1608 1585 Dodillet, Musik von Franz Neumann, erlebt hier¬
1615 1542 2519 1608 gedachten Bestimmungen des Vertrages müßten
699 1572 1607 1624 mit seine Uraufführung. Die Vorstellung beginnt
1611 1576 2532 1647 dahin interpretiert werden, daß nur „die allgemein
708 1619 1606 1658 3½ Uhr. Die Preise sind dieselben wie für die
1616 1635 2515 1679 üblichen Aufführungen, und insbesondere nur
712 1651 1608 1698 Sonntags=Nachmittagsvorstellungen; Kinder zahlen
1615 1654 2527 1713 öffentliche Aufführungen verboten seien“. Der
703 1691 1602 1733 jedoch nur die Hälfte. Die musikalische Leitung
1615 1697 2531 1770 Vertreter Direktor Barnowskys, Rechtsanwalt
545 1717 702 1771 amm¬
702 1723 1606 1772 liegt in Händen des Herrn Kapellmeisters Rudolf
1615 1744 2517 1787 Dr. Gotthelf, wies demgegenüber darauf hin, daß
697 1764 1601 1811 Johndorff. — Die Direktion ersucht uns mit¬
1612 1781 2516 1842 die betreffenden Vorstellungen unter der Regie
558 1800 703 1847 pro¬
703 1799 1607 1850 zuteilen, daß für die Sonnabend= und Sonntag¬
1613 1818 2522 1867 und in der Inszenierung Reinhardts und mit
566 1834 706 1888 pielte
707 1844 1611 1893 Abendvorstellungen von „Husarenfieber“ sämtliche
1615 1859 2537 1908 seinen vertragsgemäß hierzu verpflichteten Kräften
572 1874 695 1925 n D
703 1878 1277 1949 Plätze bereits vergriffen sind.
1607 1904 2529 1941 stattgefunden haben. Das Gericht erkannte nach
569 1909 702 1969 npo¬
1613 1930 2517 1982 dem Antrag des Klägers und verurteilte Herrn
764 1921 1604 1985 Kt Im Deutsch=Amerikanischen Theater
586 1931 710 2008 inen
1619 1968 2513 2030 Direktor Reinhardt zur Zahlung von 2000 M.
704 1973 1608 2024 gelangt, wie bereits erwähnt, morgen (Sonnabend)
580 1991 708 2037 man
1610 2009 2521 2073 Vertragsstrafe und Tragung der Prozeß¬
713 2018 1606 2059 als erste Kindervorstellung „Die Reise durch
595 2025 706 2072 der
1614 2054 1763 2113 kosten.
705 2045 1615 2107 das Märchenland“ zur Aufführung. Sie bringt
583 2061 705 2115 ehlt
1660 2061 2515 2148 s Gabriele Reuter spricht über „Eheproblem“
702 2084 1614 2131 die bekannten Märchen „Struwwelpeter", „Rot¬
590 2100 699 2157 ten¬
1570 2117 1616 2160 „.
1610 2108 2534 2185 am Dienstag, 20. d. M., abends 9 Uhr in der
698 2121 1599 2178 käppchen“, „Schneider Fips“ und „Hans im Glück“
581 2136 702 2194 an¬
703 2166 1604 2209 in glänzender Ausstattung zur Darstellung. Die
1603 2168 2279 2232 Lessing=Gesellschaft (Architektenhaus).
595 2175 699 2229 sere
713 2208 1612 2267 Vorstellungen finden unter der Leitung des Herrn
602 2216 702 2276 für
1673 2202 2536 2277 Kt Im Luisen=Theater wird Sonnabend
699 2245 1109 2305 William Löwe statt.
576 2257 699 2306 krifst.
1607 2257 2526 2316 nachmittag um 4 Uhr als Kindervorstellung „Die
759 2285 1609 2339 k Zu der Streitsache der Direktoren
584 2295 712 2344 auf¬
1614 2302 2490 2352 sieben Raben“ zu ganz kleinen Preisen gegeben.
574 2332 1611 2386 vom Reinhardt und Barnowsky geht uns folgender
1745 2333 2534 2394 Robert Johannes veranstaltet heute
1671 2345 1757 2393 *
709 2368 1605 2417 Bericht zu: Vor einiger Zeit wurde an dieser
561 2365 708 2428 onate
1610 2364 2517 2423 (Freitag) seinen vorletzten Vortragsabend im
589 2412 705 2457 von
706 2402 1607 2453 Stelle über eine literarische Fehde berichtet, die
1622 2405 2524 2481 Architektenhause. Am Sonntag findet der letzte
701 2443 1608 2492 zwischen den Theaterdirektoren Max Reinhardt
569 2439 705 2516 rende
1613 2453 1869 2517 Abend statt.
713 2483 1622 2544 und Viktor Barnowsky vor Gericht zum Austrag
1683 2475 2526 2555 #t Musikalische Notizen. Heute abend:
700 2523 1620 2581 kam. Gestern erlebte die Affäre vor der Zivil¬
1613 2522 2514 2575 Bechstein=Saal, ½8 Uhr, O. Schnirlin (Viol.) und
566 2530 695 2592 Mon¬
716 2557 1612 2602 kammer des Landgerichts I eine zweite Auflage.
1611 2566 2518 2602 S. v. Bortkiewicz (Klav.). — Beethoven=Saal, 8 Uhr,
559 2583 701 2635 en er¬
706 2596 1616 2645 In dem zwischen Reinhardt und Barnowsky ge¬
1613 2603 2520 2652 Therese und Artur Schnabel (Ges. u. Klav.) 1.
573 2615 704 2671 d. J.
1643 2642 1688 2673 —
1674 2640 2519 2686 Philharmonie, 8 Uhr, Mischa Elman (Viol.) m. d.
715 2634 1614 2684 schlossenen Vertrage hatte sich jener ver¬
570 2657 709 2715 Spiel¬
1898 2663 2520 2712 Singakademie, 8 Uhr, Erna Klein
1620 2669 1891 2727 Philh. Orch. —
709 2669 1620 2730 pflichtet, diejenigen Stücke, die unter seiner
568 2703 622 2749 e
1621 2700 2305 2758 (Klav.) m. d. Leipziger Winderstein=Orch.
2353 2699 2533 2748 Königl.
701 2706 1613 2765 Direktion am Kleinen Theater gegeben worden
1613 2736 2517 2777 Hochschule, 8 Uhr, Erkscher Männer=Gesangverein. —
556 2735 703 2792 ersten
714 2756 1618 2800 waren, mit Ausnahme mehrerer, im Vertrag besonders
1611 2766 2522 2817 Mozartsaal, 8 Uhr, Amsterdamer a-cappella-Chor.
704 2784 1618 2847 bezeichneter, in keinem von ihm geleiteten Theater
1615 2808 2519 2842 III. — Neue Welt, 8 Uhr, Rixdoifer Oratorien¬
713 2824 1612 2877 aufzuführen. Als nun vor einiger Zeit Direktor
564 2819 704 2902 zeits¬
1614 2836 2522 2883 Verein („Paulus“). — Der für heute angekündigte
1611 2858 2536 2928 Liederabend von Ed. Gärtner (Oberlichtsaal) ist auf
587 2858 1622 2912 das Reinhardt Schnitzlers „Abschiedssouper“, das früher
1612 2905 2186 2969 den 4. Dezember verlegt worden.
575 2906 1615 2968 angt, dem Repertoir des Kleinen Theaters angehörte,
906 2996 1620 3196 Jax 16
1274 3200 1683 3376 2 #6
