<?xml version="1.0" encoding="UTF-8" standalone="yes"?>
<PcGts xmlns="http://schema.primaresearch.org/PAGE/gts/pagecontent/2013-07-15" xmlns:xsi="http://www.w3.org/2001/XMLSchema-instance" xsi:schemaLocation="http://schema.primaresearch.org/PAGE/gts/pagecontent/2013-07-15 http://schema.primaresearch.org/PAGE/gts/pagecontent/2013-07-15/pagecontent.xsd">
    <Metadata>
        <Creator>prov=University of Rostock/Institute of Mathematics/CITlab/Gundram Leifert/gundram.leifert@uni-rostock.de:name=ONB_Newseye_GT_M1+(htr_id=10810)::::v=2.4.2
prov=University of Rostock/Institute of Mathematics/CITlab/Tobias Gruening/tobias.gruening@uni-rostock.de:name=de.uros.citlab.module.baseline2polygon.B2PSeamMultiOriented:v=2.4.2
prov=University of Rostock/Institute of Mathematics/CITlab/Tobias Gruening/tobias.gruening@uni-rostock.de:name=/mnt/transkribus/LA/DEA/URO/LA_news_onb_att.pb:de.uros.citlab.segmentation.CITlab_LA_ML:v=2.4.2
Transkribus</Creator>
        <Created>2019-10-07T11:51:20.509+02:00</Created>
        <LastChange>2019-10-08T19:59:54.519+02:00</LastChange>
        <TranskribusMetadata docId="223997" pageId="9504054" pageNr="99" tsid="16608415" status="IN_PROGRESS" userId="40391" imgUrl="https://files.transkribus.eu/Get?id=HVLJTSCNZELJATNWNCAWSCGO&amp;fileType=view" xmlUrl="https://files.transkribus.eu/Get?id=RAOMOPZINXXLPVNPRZRRBZVL" imageId="6194268"/>
    </Metadata>
    <Page imageFilename="223997_0099.jpeg" imageWidth="3436" imageHeight="4320">
        <ReadingOrder>
            <OrderedGroup id="ro_1711444723870" caption="Regions reading order">
                <RegionRefIndexed index="0" regionRef="r1"/>
                <RegionRefIndexed index="1" regionRef="r2"/>
            </OrderedGroup>
        </ReadingOrder>
        <TextRegion orientation="0.0" id="r1" custom="readingOrder {index:0;}">
            <Coords points="239,191 239,4055 1631,4055 1631,191"/>
            <TextLine id="r1l1" custom="readingOrder {index:0;}">
                <Coords points="548,233 645,252 943,221 1091,236 1176,223 1174,165 1038,160 919,187 894,168 758,163 730,193 547,206"/>
                <Baseline points="557,229 587,229 617,228 648,228 678,227 709,226 739,226 770,225 800,224 831,223 861,222 891,221 922,219 952,219 983,218 1013,216 1044,216 1074,214 1105,213 1135,212 1166,211"/>
                <TextEquiv>
                    <Unicode>Onter Ande re Areen</Unicode>
                </TextEquiv>
            </TextLine>
            <TextLine id="r1l2" custom="readingOrder {index:1;}">
                <Coords points="1129,315 1165,306 1205,275 1234,273 1255,285 1328,264 1357,277 1390,263 1432,269 1425,211 1386,207 1369,219 1347,207 1307,231 1260,213 1238,238 1179,261 1121,252"/>
                <Baseline points="1136,296 1161,288 1187,281 1213,275 1239,270 1265,266 1291,264 1317,261 1343,259 1369,257 1395,256 1421,255"/>
                <TextEquiv>
                    <Unicode> Ausschnitt</Unicode>
                </TextEquiv>
            </TextLine>
            <TextLine id="r1l3" custom="readingOrder {index:2;}">
                <Coords points="1277,366 1311,351 1334,350 1362,362 1395,325 1425,344 1512,336 1508,274 1477,267 1449,276 1441,270 1314,275 1292,296 1273,295"/>
                <Baseline points="1285,339 1312,337 1339,336 1366,335 1393,333 1420,331 1447,331 1474,329 1502,328"/>
                <TextEquiv>
                    <Unicode>Nr. 35</Unicode>
                </TextEquiv>
            </TextLine>
            <TextLine id="r1l4" custom="readingOrder {index:3;}">
                <Coords points="460,380 622,387 671,352 723,369 811,354 926,372 976,347 1069,361 1080,279 1045,275 1000,323 939,297 873,318 829,284 733,310 659,283 575,322 532,293 486,343 458,340"/>
                <Baseline points="469,362 499,359 529,357 559,356 589,354 620,353 650,352 680,351 710,351 740,350 771,349 801,349 831,348 861,347 891,344 922,343 952,340 982,336 1012,332 1042,328 1073,322"/>
                <TextEquiv>
                    <Unicode>„OBSEHVE</Unicode>
                </TextEquiv>
            </TextLine>
            <TextLine id="r1l5" custom="readingOrder {index:4;}">
                <Coords points="448,430 1009,442 1568,384 1530,346 1105,380 955,355 447,414"/>
                <Baseline points="457,431 512,430 567,428 622,427 677,425 732,423 787,421 842,419 897,416 952,414 1008,411 1063,409 1118,406 1173,403 1228,401 1283,399 1338,396 1393,395 1448,393 1503,391 1559,389"/>
                <TextEquiv>
                    <Unicode>conc Bureau für Zeitungsberichte u. Personalnachrichten</Unicode>
                </TextEquiv>
            </TextLine>
            <TextLine id="r1l6" custom="readingOrder {index:5;}">
                <Coords points="422,507 507,529 598,503 1333,494 1348,410 1226,443 1172,421 487,443 421,474"/>
                <Baseline points="432,503 477,502 523,501 568,499 614,497 659,495 705,493 750,491 796,488 841,486 887,484 932,482 978,480 1023,478 1069,476 1114,474 1160,473 1205,471 1251,471 1296,470 1342,469"/>
                <TextEquiv>
                    <Unicode>en, IX/:, Türkenstrasse 17.</Unicode>
                </TextEquiv>
            </TextLine>
            <TextLine id="r1l7" custom="readingOrder {index:6;}">
                <Coords points="534,577 672,588 738,559 855,573 885,553 1036,567 1164,534 1163,507 1110,493 1052,508 952,492 891,520 532,521"/>
                <Baseline points="543,562 573,561 604,560 634,560 665,558 696,558 726,557 757,556 787,555 818,553 849,552 879,551 910,550 940,548 971,547 1002,545 1032,544 1063,542 1093,540 1124,538 1155,536"/>
                <TextEquiv>
                    <Unicode>Filiale in Budapest. „Figyeló“ -</Unicode>
                </TextEquiv>
            </TextLine>
            <TextLine id="r1l8" custom="readingOrder {index:7;}">
                <Coords points="394,658 1564,604 1561,544 1134,537 391,604"/>
                <Baseline points="401,627 458,626 516,624 573,622 631,619 689,618 746,615 804,613 862,611 919,608 977,606 1035,603 1092,600 1150,598 1208,595 1265,592 1323,589 1381,586 1438,584 1496,581 1554,578"/>
                <TextEquiv>
                    <Unicode>a Berlin, Chicago, Gent, Lonion, Newyork, Paris, Rom, Stockholm.</Unicode>
                </TextEquiv>
            </TextLine>
            <TextLine id="r1l9" custom="readingOrder {index:8;}">
                <Coords points="335,777 393,795 428,774 455,776 491,794 518,773 600,765 649,789 674,778 674,710 636,727 554,713 531,726 453,729 427,714 395,729 335,730"/>
                <Baseline points="345,771 371,771 398,771 425,769 451,768 478,767 505,766 531,765 558,765 585,765 611,767 638,770 665,773"/>
                <TextEquiv>
                    <Unicode>nitt aus:</Unicode>
                </TextEquiv>
            </TextLine>
            <TextLine id="r1l10" custom="readingOrder {index:9;}">
                <Coords points="369,897 449,877 662,931 823,874 906,912 1447,946 1449,870 1312,835 1054,847 853,791 654,824 556,771 371,813"/>
                <Baseline points="378,893 431,897 484,899 537,901 590,902 643,903 696,904 749,905 802,905 855,905 908,906 961,906 1014,907 1067,908 1120,909 1173,912 1226,914 1279,918 1332,921 1385,926 1439,932"/>
                <TextEquiv>
                    <Unicode>72r202 Müdel Törsen-Leitung</Unicode>
                </TextEquiv>
            </TextLine>
            <TextLine id="r1l11" custom="readingOrder {index:10;}">
                <Coords points="694,1230 946,1249 1062,1232 1096,1254 1133,1232 1294,1242 1339,1229 1340,1171 1236,1198 1189,1171 1142,1198 1013,1173 694,1192"/>
                <Baseline points="703,1227 734,1228 765,1228 797,1229 828,1229 859,1230 891,1230 922,1230 953,1231 985,1231 1016,1231 1047,1231 1079,1231 1110,1231 1141,1231 1173,1231 1204,1231 1235,1231 1267,1231 1298,1231 1330,1231"/>
                <TextEquiv>
                    <Unicode>Kunst und Wissenschaft.</Unicode>
                </TextEquiv>
            </TextLine>
            <TextLine id="r1l12" custom="readingOrder {index:11;}">
                <Coords points="624,1284 1379,1299 1509,1282 1510,1250 624,1251"/>
                <Baseline points="633,1275 676,1276 719,1277 763,1278 806,1279 849,1280 893,1281 936,1281 979,1282 1023,1282 1066,1282 1109,1282 1153,1283 1196,1283 1239,1283 1283,1283 1326,1283 1369,1283 1413,1283 1456,1283 1500,1283"/>
                <TextEquiv>
                    <Unicode>— Unsere Ueberbrettel fangen allmählich an, sich von</Unicode>
                </TextEquiv>
            </TextLine>
            <TextLine id="r1l13" custom="readingOrder {index:12;}">
                <Coords points="543,1316 1501,1331 1501,1288 1455,1284 543,1276"/>
                <Baseline points="552,1317 599,1318 646,1319 693,1320 740,1321 787,1322 834,1323 881,1323 928,1324 975,1324 1022,1324 1069,1324 1116,1324 1163,1324 1210,1323 1257,1323 1304,1322 1351,1322 1398,1321 1445,1320 1492,1319"/>
                <TextEquiv>
                    <Unicode>der Ueberbrettelei zurückzuziehen. Was man z. B.</Unicode>
                </TextEquiv>
            </TextLine>
            <TextLine id="r1l14" custom="readingOrder {index:13;}">
                <Coords points="541,1357 817,1381 1508,1360 1508,1331 1423,1322 541,1332"/>
                <Baseline points="551,1359 598,1360 645,1360 693,1361 740,1361 788,1361 835,1362 882,1362 930,1362 977,1362 1025,1362 1072,1362 1119,1362 1167,1362 1214,1362 1262,1362 1309,1361 1356,1361 1404,1361 1451,1361 1499,1360"/>
                <TextEquiv>
                    <Unicode>jetzt in „Schall und Rauch“ zu sehen und zu hören</Unicode>
                </TextEquiv>
            </TextLine>
            <TextLine id="r1l15" custom="readingOrder {index:14;}">
                <Coords points="541,1411 1506,1404 1486,1362 820,1382 541,1357"/>
                <Baseline points="549,1398 596,1398 643,1399 691,1399 738,1400 785,1400 833,1400 880,1400 927,1400 975,1400 1022,1400 1069,1400 1117,1399 1164,1399 1211,1399 1259,1399 1306,1399 1353,1399 1401,1399 1448,1399 1496,1399"/>
                <TextEquiv>
                    <Unicode>bekommt, hat mit jener modernen Ueberkunst kaum</Unicode>
                </TextEquiv>
            </TextLine>
            <TextLine id="r1l16" custom="readingOrder {index:15;}">
                <Coords points="548,1440 1503,1451 1503,1404 548,1411"/>
                <Baseline points="556,1435 605,1436 654,1437 704,1437 753,1438 803,1438 852,1438 901,1438 951,1438 1000,1438 1050,1437 1099,1437 1149,1437 1198,1437 1247,1437 1297,1437 1346,1437 1396,1437 1445,1437 1495,1438"/>
                <TextEquiv>
                    <Unicode>noch etwas zu thun, es ist wieder die alte gute oder</Unicode>
                </TextEquiv>
            </TextLine>
            <TextLine id="r1l17" custom="readingOrder {index:16;}">
                <Coords points="548,1469 1496,1484 1496,1449 1406,1437 548,1440"/>
                <Baseline points="556,1475 602,1475 649,1476 695,1476 742,1477 789,1477 835,1478 882,1478 928,1478 975,1478 1022,1478 1068,1478 1115,1478 1161,1478 1208,1478 1255,1477 1301,1477 1348,1477 1394,1476 1441,1475 1488,1474"/>
                <TextEquiv>
                    <Unicode>auch schlechte Theaterspielerei, wie sie vor dem Herein¬</Unicode>
                </TextEquiv>
            </TextLine>
            <TextLine id="r1l18" custom="readingOrder {index:17;}">
                <Coords points="536,1570 1406,1554 1508,1577 1508,1519 536,1522"/>
                <Baseline points="545,1555 592,1555 640,1554 688,1554 735,1554 783,1554 831,1554 878,1554 926,1554 974,1554 1022,1554 1069,1554 1117,1554 1165,1554 1212,1554 1260,1554 1308,1554 1355,1554 1403,1554 1451,1554 1499,1554"/>
                <TextEquiv>
                    <Unicode>war. Das allerneueste Pregeamm von „Schall und</Unicode>
                </TextEquiv>
            </TextLine>
            <TextLine id="r1l19" custom="readingOrder {index:18;}">
                <Coords points="541,1581 587,1604 1508,1603 1473,1558 541,1564"/>
                <Baseline points="551,1593 598,1594 645,1595 693,1595 740,1595 788,1595 835,1595 882,1595 930,1595 977,1594 1025,1594 1072,1594 1119,1593 1167,1593 1214,1592 1262,1592 1309,1591 1356,1591 1404,1591 1451,1591 1499,1591"/>
                <TextEquiv>
                    <Unicode>Rauch“ bringt nämlich außer den einstweilen noch</Unicode>
                </TextEquiv>
            </TextLine>
            <TextLine id="r1l20" custom="readingOrder {index:19;}">
                <Coords points="558,1633 1535,1653 1575,1649 1576,1584 1467,1609 558,1593"/>
                <Baseline points="567,1630 617,1631 667,1633 717,1633 767,1633 817,1633 867,1633 917,1633 967,1633 1017,1632 1067,1632 1117,1632 1167,1632 1217,1631 1267,1632 1317,1632 1367,1633 1417,1634 1467,1636 1517,1638 1567,1640"/>
                <TextEquiv>
                    <Unicode>immer sehr beliebten Serenisimus=Zwischenspielen ledig= jve</Unicode>
                </TextEquiv>
            </TextLine>
            <TextLine id="r1l21" custom="readingOrder {index:20;}">
                <Coords points="292,1662 1553,1675 1433,1633 292,1626"/>
                <Baseline points="302,1664 364,1667 426,1669 488,1670 550,1671 612,1671 674,1672 736,1672 798,1671 860,1671 923,1671 985,1671 1047,1670 1109,1670 1171,1670 1233,1670 1295,1671 1357,1671 1419,1672 1481,1674 1544,1676"/>
                <TextEquiv>
                    <Unicode>50 Zeitungsaulich drei Einacter, die auch auf jeder anderen Bühne h.</Unicode>
                </TextEquiv>
            </TextLine>
            <TextLine id="r1l22" custom="readingOrder {index:21;}">
                <Coords points="278,1721 299,1719 307,1714 330,1718 336,1714 345,1716 348,1712 352,1716 365,1709 392,1714 392,1685 370,1681 359,1674 330,1676 325,1680 312,1667 299,1661 296,1665 278,1661"/>
                <Baseline points="287,1708 319,1706 351,1706 383,1708"/>
                <TextEquiv>
                    <Unicode>100</Unicode>
                </TextEquiv>
            </TextLine>
            <TextLine id="r1l23" custom="readingOrder {index:22;}">
                <Coords points="514,1713 1372,1713 1448,1744 1564,1718 1564,1691 1403,1673 514,1672"/>
                <Baseline points="523,1711 574,1711 626,1711 677,1711 729,1711 781,1711 832,1711 884,1711 935,1711 987,1712 1039,1712 1090,1712 1142,1712 1193,1713 1245,1713 1297,1714 1348,1714 1400,1715 1451,1716 1503,1717 1555,1718"/>
                <TextEquiv>
                    <Unicode>n gespielt werden könnten, und, man muß leider sagen, sar</Unicode>
                </TextEquiv>
            </TextLine>
            <TextLine id="r1l24" custom="readingOrder {index:23;}">
                <Coords points="280,1741 296,1741 311,1754 322,1755 361,1751 372,1740 379,1746 396,1744 395,1718 385,1718 377,1711 366,1715 363,1711 356,1715 341,1713 327,1719 321,1714 301,1716 297,1712 279,1711"/>
                <Baseline points="289,1744 321,1745 354,1743 387,1744"/>
                <TextEquiv>
                    <Unicode>200</Unicode>
                </TextEquiv>
            </TextLine>
            <TextLine id="r1l25" custom="readingOrder {index:24;}">
                <Coords points="503,1738 669,1768 1223,1758 1223,1727 1138,1711 503,1711"/>
                <Baseline points="513,1748 548,1749 583,1750 618,1751 653,1751 688,1751 723,1751 758,1751 793,1751 828,1750 863,1750 898,1750 933,1750 968,1749 1003,1749 1038,1749 1073,1749 1108,1748 1143,1749 1178,1749 1214,1749"/>
                <TextEquiv>
                    <Unicode>  vielfach besser gespielt werden würden.</Unicode>
                </TextEquiv>
            </TextLine>
            <TextLine id="r1l26" custom="readingOrder {index:25;}">
                <Coords points="1475,1770 1495,1777 1514,1773 1529,1779 1543,1766 1560,1773 1578,1766 1596,1769 1596,1722 1576,1726 1567,1717 1554,1717 1527,1724 1521,1730 1505,1723 1474,1728"/>
                <Baseline points="1483,1757 1509,1755 1535,1755 1561,1756 1587,1755"/>
                <TextEquiv>
                    <Unicode>aus.</Unicode>
                </TextEquiv>
            </TextLine>
            <TextLine id="r1l27" custom="readingOrder {index:26;}">
                <Coords points="287,1792 308,1789 323,1794 343,1793 348,1789 378,1794 390,1786 399,1786 397,1744 384,1745 375,1753 312,1754 295,1741 284,1741"/>
                <Baseline points="296,1786 327,1784 358,1781 390,1782"/>
                <TextEquiv>
                    <Unicode>500</Unicode>
                </TextEquiv>
            </TextLine>
            <TextLine id="r1l28" custom="readingOrder {index:27;}">
                <Coords points="522,1795 531,1795 538,1792 542,1796 549,1798 568,1779 581,1778 580,1760 559,1761 557,1759 553,1763 546,1756 539,1762 530,1758 521,1759"/>
                <Baseline points="530,1786 572,1785"/>
                <TextEquiv>
                    <Unicode>„</Unicode>
                </TextEquiv>
            </TextLine>
            <TextLine id="r1l29" custom="readingOrder {index:28;}">
                <Coords points="579,1780 720,1803 1498,1791 1498,1753 1427,1745 579,1755"/>
                <Baseline points="588,1791 633,1791 678,1792 723,1792 768,1792 813,1792 858,1792 903,1791 948,1791 993,1791 1038,1790 1083,1790 1128,1790 1173,1789 1218,1789 1263,1789 1308,1788 1353,1788 1398,1788 1443,1788 1489,1789"/>
                <TextEquiv>
                    <Unicode>Da ist zunächst eine „Komödie“ von Axel Steeubuch</Unicode>
                </TextEquiv>
            </TextLine>
            <TextLine id="r1l30" custom="readingOrder {index:29;}">
                <Coords points="275,1837 306,1831 316,1838 329,1833 345,1838 367,1834 385,1821 423,1827 423,1787 414,1787 407,1794 363,1789 331,1795 309,1789 274,1792"/>
                <Baseline points="283,1825 309,1824 335,1823 362,1823 388,1824 415,1823"/>
                <TextEquiv>
                    <Unicode>1000</Unicode>
                </TextEquiv>
            </TextLine>
            <TextLine id="r1l31" custom="readingOrder {index:30;}">
                <Coords points="536,1829 1276,1846 1625,1812 1514,1772 1454,1803 536,1797"/>
                <Baseline points="546,1832 599,1831 652,1830 706,1829 759,1829 813,1829 866,1829 920,1829 973,1830 1027,1831 1080,1831 1133,1831 1187,1832 1240,1832 1294,1831 1347,1831 1401,1829 1454,1828 1508,1825 1561,1822 1615,1818"/>
                <TextEquiv>
                    <Unicode>„ „Die Grenze“, in der sehr lang und langweilig das b das</Unicode>
                </TextEquiv>
            </TextLine>
            <TextLine id="r1l32" custom="readingOrder {index:31;}">
                <Coords points="292,1867 1496,1885 1614,1868 1614,1833 291,1834"/>
                <Baseline points="300,1874 365,1872 430,1870 495,1869 561,1868 626,1868 691,1868 756,1868 822,1869 887,1869 952,1870 1017,1870 1083,1870 1148,1871 1213,1870 1278,1870 1344,1869 1409,1868 1474,1866 1539,1863 1605,1859"/>
                <TextEquiv>
                    <Unicode>Im Gegensat Thema vom blauen Briefe abgehandelt wird. Der ss den</Unicode>
                </TextEquiv>
            </TextLine>
            <TextLine id="r1l33" custom="readingOrder {index:32;}">
                <Coords points="230,1915 1470,1924 1507,1884 230,1895"/>
                <Baseline points="239,1914 301,1912 364,1911 427,1909 490,1909 553,1908 616,1907 679,1907 742,1907 805,1907 868,1907 930,1907 993,1907 1056,1908 1119,1908 1182,1908 1245,1908 1308,1909 1371,1909 1434,1909 1497,1909"/>
                <TextEquiv>
                    <Unicode>onnement durch alte adelsstolze Oberst, der, im Avanceigent übergangen,</Unicode>
                </TextEquiv>
            </TextLine>
            <TextLine id="r1l34" custom="readingOrder {index:33;}">
                <Coords points="240,1969 1497,1945 1455,1911 240,1913"/>
                <Baseline points="249,1951 310,1949 372,1948 434,1947 496,1947 558,1946 620,1946 682,1946 744,1946 806,1946 868,1946 929,1946 991,1946 1053,1946 1115,1946 1177,1946 1239,1946 1301,1946 1363,1946 1425,1946 1487,1945"/>
                <TextEquiv>
                    <Unicode>onnenten frei di“ den Abschied nehmen muß und sich nun, um die ein¬</Unicode>
                </TextEquiv>
            </TextLine>
            <TextLine id="r1l35" custom="readingOrder {index:34;}">
                <Coords points="554,1990 1441,2004 1604,1993 1627,1944 554,1946"/>
                <Baseline points="562,1987 614,1986 667,1985 720,1985 773,1985 826,1985 878,1985 931,1985 984,1985 1037,1985 1090,1986 1142,1986 1195,1986 1248,1986 1301,1986 1354,1986 1406,1986 1459,1986 1512,1985 1565,1984 1618,1983"/>
                <TextEquiv>
                    <Unicode>zige Tochter versorgt zu sehen, dazu herbeiläßt, einen ld die</Unicode>
                </TextEquiv>
            </TextLine>
            <TextLine id="r1l36" custom="readingOrder {index:35;}">
                <Coords points="300,2039 1505,2042 1624,1993 300,1995"/>
                <Baseline points="310,2036 375,2033 440,2031 505,2028 571,2027 636,2026 701,2025 767,2025 832,2024 897,2024 963,2024 1028,2025 1093,2025 1158,2025 1224,2025 1289,2026 1354,2026 1420,2025 1485,2025 1550,2024 1616,2023"/>
                <TextEquiv>
                    <Unicode>Der „OBSEkfrüher abgewiesenen bürgerlichen Freier der Tochter in sgen¬</Unicode>
                </TextEquiv>
            </TextLine>
            <TextLine id="r1l37" custom="readingOrder {index:36;}">
                <Coords points="248,2086 1625,2069 1624,2011 486,2052 248,2022"/>
                <Baseline points="258,2077 325,2074 393,2071 461,2069 529,2067 597,2066 665,2065 733,2065 801,2065 869,2065 937,2065 1004,2065 1072,2065 1140,2065 1208,2066 1276,2065 1344,2065 1412,2064 1480,2063 1548,2061 1616,2060"/>
                <TextEquiv>
                    <Unicode>ialtsangabe all Gnaden anzunehmen, ja ihn selbst herbeizurufen. jung")</Unicode>
                </TextEquiv>
            </TextLine>
            <TextLine id="r1l38" custom="readingOrder {index:37;}">
                <Coords points="256,2118 1493,2122 1636,2104 1636,2064 256,2084"/>
                <Baseline points="266,2116 334,2112 402,2110 470,2108 538,2107 606,2106 674,2105 742,2105 810,2105 878,2105 946,2105 1014,2105 1082,2105 1150,2105 1218,2105 1286,2104 1354,2103 1422,2102 1490,2100 1558,2097 1627,2094"/>
                <TextEquiv>
                    <Unicode>ätter (Tagesje Dieser alte Oberst könnte eine ganz interessante stliche</Unicode>
                </TextEquiv>
            </TextLine>
            <TextLine id="r1l39" custom="readingOrder {index:38;}">
                <Coords points="258,2158 1504,2170 1640,2119 258,2126"/>
                <Baseline points="266,2154 334,2150 402,2148 470,2146 539,2144 607,2143 675,2142 743,2142 812,2142 880,2142 948,2143 1016,2143 1085,2143 1153,2143 1221,2143 1289,2142 1358,2142 1426,2140 1494,2139 1562,2136 1631,2133"/>
                <TextEquiv>
                    <Unicode>durch eine Uebe Charakterstudie abgeben, aber der Verfasser hat es nicht e Mit¬</Unicode>
                </TextEquiv>
            </TextLine>
            <TextLine id="r1l40" custom="readingOrder {index:39;}">
                <Coords points="257,2199 1492,2178 1477,2147 1125,2138 256,2159"/>
                <Baseline points="266,2192 326,2189 387,2187 448,2185 509,2184 570,2183 631,2182 691,2182 752,2182 813,2182 874,2182 935,2182 996,2183 1057,2183 1117,2183 1178,2183 1239,2183 1300,2182 1361,2181 1422,2180 1483,2178"/>
                <TextEquiv>
                    <Unicode>zen des In- un verstanden, dem Gespräche zwischen dem oberstlichen</Unicode>
                </TextEquiv>
            </TextLine>
            <TextLine id="r1l41" custom="readingOrder {index:40;}">
                <Coords points="256,2240 1471,2233 1504,2190 256,2199"/>
                <Baseline points="265,2235 326,2231 387,2228 449,2226 510,2224 572,2223 633,2222 695,2221 756,2221 818,2220 879,2220 940,2221 1002,2221 1063,2221 1125,2222 1186,2222 1248,2222 1309,2222 1371,2222 1432,2222 1494,2222"/>
                <TextEquiv>
                    <Unicode>ilungen werden Ehepaare, aus dem das Ganze im Grunde nur besteht,</Unicode>
                </TextEquiv>
            </TextLine>
            <TextLine id="r1l42" custom="readingOrder {index:41;}">
                <Coords points="542,2280 1181,2254 1494,2275 1509,2224 542,2231"/>
                <Baseline points="552,2259 599,2260 646,2261 694,2261 741,2262 789,2262 836,2262 883,2261 931,2261 978,2261 1026,2260 1073,2260 1120,2260 1168,2259 1215,2259 1263,2259 1310,2259 1357,2258 1405,2259 1452,2259 1500,2259"/>
                <TextEquiv>
                    <Unicode>durch irgendwelche hervorstechenden Wendungen oder</Unicode>
                </TextEquiv>
            </TextLine>
            <TextLine id="r1l43" custom="readingOrder {index:42;}">
                <Coords points="545,2321 1464,2312 1519,2303 1519,2239 1279,2275 545,2270"/>
                <Baseline points="553,2299 600,2300 648,2300 696,2301 744,2301 792,2301 840,2301 887,2302 935,2302 983,2301 1031,2301 1079,2301 1127,2301 1175,2300 1222,2300 1270,2299 1318,2299 1366,2298 1414,2297 1462,2296 1510,2295"/>
                <TextEquiv>
                    <Unicode>durch feine Psychologie auch nur etwas Reiz und Farbe</Unicode>
                </TextEquiv>
            </TextLine>
            <TextLine id="r1l44" custom="readingOrder {index:43;}">
                <Coords points="540,2345 1512,2346 1476,2305 1382,2299 540,2298"/>
                <Baseline points="549,2340 596,2340 644,2341 692,2341 739,2342 787,2342 835,2341 882,2341 930,2341 978,2341 1026,2340 1073,2340 1121,2340 1169,2339 1216,2339 1264,2339 1312,2339 1359,2339 1407,2339 1455,2339 1503,2339"/>
                <TextEquiv>
                    <Unicode>zu geben. Das breite, in vielfachen Wiederholungen</Unicode>
                </TextEquiv>
            </TextLine>
            <TextLine id="r1l45" custom="readingOrder {index:44;}">
                <Coords points="538,2383 1474,2390 1508,2346 538,2349"/>
                <Baseline points="547,2380 594,2380 642,2379 689,2379 737,2379 785,2379 832,2379 880,2379 927,2379 975,2379 1023,2379 1070,2379 1118,2379 1165,2379 1213,2379 1261,2379 1308,2379 1356,2379 1403,2379 1451,2379 1499,2379"/>
                <TextEquiv>
                    <Unicode>sich bewegende Gerede der beiden alten Leute ermüdete</Unicode>
                </TextEquiv>
            </TextLine>
            <TextLine id="r1l46" custom="readingOrder {index:45;}">
                <Coords points="536,2423 1512,2437 1512,2380 1483,2378 536,2384"/>
                <Baseline points="545,2419 592,2419 640,2420 688,2420 736,2419 784,2419 832,2419 880,2419 928,2418 976,2418 1024,2418 1071,2418 1119,2418 1167,2418 1215,2418 1263,2418 1311,2419 1359,2419 1407,2420 1455,2421 1503,2422"/>
                <TextEquiv>
                    <Unicode>mit der Zeit um so mehr, als, wie schon angedeutet,</Unicode>
                </TextEquiv>
            </TextLine>
            <TextLine id="r1l47" custom="readingOrder {index:46;}">
                <Coords points="538,2476 618,2456 721,2474 1273,2456 1196,2416 538,2429"/>
                <Baseline points="547,2458 582,2458 618,2459 654,2460 690,2460 726,2460 761,2460 797,2460 833,2460 869,2460 905,2459 940,2459 976,2458 1012,2458 1048,2457 1084,2457 1119,2457 1155,2456 1191,2456 1227,2456 1263,2456"/>
                <TextEquiv>
                    <Unicode>die Darstellung sehr, sehr mäßig ausfiel.</Unicode>
                </TextEquiv>
            </TextLine>
            <TextLine id="r1l48" custom="readingOrder {index:47;}">
                <Coords points="592,2501 1479,2504 1510,2437 1401,2464 592,2465"/>
                <Baseline points="601,2500 648,2500 695,2499 742,2499 790,2499 837,2498 884,2498 932,2498 979,2498 1026,2498 1074,2498 1121,2498 1168,2498 1216,2498 1263,2498 1310,2498 1358,2497 1405,2497 1452,2496 1500,2496"/>
                <TextEquiv>
                    <Unicode>Ein wenig vortheilhafter präsentirte sich der zweite</Unicode>
                </TextEquiv>
            </TextLine>
            <TextLine id="r1l49" custom="readingOrder {index:48;}">
                <Coords points="550,2537 1530,2550 1530,2486 1054,2517 550,2496"/>
                <Baseline points="559,2539 607,2538 655,2538 703,2537 751,2536 799,2536 847,2536 895,2536 943,2536 991,2536 1039,2536 1087,2536 1135,2537 1183,2537 1231,2537 1279,2537 1327,2537 1375,2537 1423,2537 1471,2537 1520,2537"/>
                <TextEquiv>
                    <Unicode>Einacter Bauernkumedi, ein „parodistisches Spiel“ von</Unicode>
                </TextEquiv>
            </TextLine>
            <TextLine id="r1l50" custom="readingOrder {index:49;}">
                <Coords points="549,2581 1447,2584 1503,2576 1503,2534 549,2539"/>
                <Baseline points="558,2580 604,2579 651,2579 698,2578 745,2578 792,2578 839,2578 885,2577 932,2577 979,2577 1026,2577 1073,2577 1120,2576 1167,2576 1213,2576 1260,2575 1307,2575 1354,2574 1401,2573 1448,2573 1495,2572"/>
                <TextEquiv>
                    <Unicode>Ferdinand Kronegg, in welchem mit allerdings recht</Unicode>
                </TextEquiv>
            </TextLine>
            <TextLine id="r1l51" custom="readingOrder {index:50;}">
                <Coords points="537,2615 1499,2620 1498,2575 537,2579"/>
                <Baseline points="546,2617 593,2617 640,2617 687,2617 734,2617 781,2617 828,2616 876,2616 923,2616 970,2615 1017,2615 1064,2614 1111,2614 1158,2613 1206,2613 1253,2612 1300,2612 1347,2612 1394,2611 1441,2611 1489,2611"/>
                <TextEquiv>
                    <Unicode>billigem, derb zugreifenden Witz der rege Geschäftssinn</Unicode>
                </TextEquiv>
            </TextLine>
            <TextLine id="r1l52" custom="readingOrder {index:51;}">
                <Coords points="540,2659 1509,2658 1509,2622 1470,2615 645,2636 540,2614"/>
                <Baseline points="550,2657 597,2657 644,2656 692,2656 739,2655 787,2655 834,2654 882,2654 929,2653 977,2653 1024,2652 1071,2652 1119,2652 1166,2651 1214,2651 1261,2650 1309,2650 1356,2649 1404,2648 1451,2648 1499,2647"/>
                <TextEquiv>
                    <Unicode>und das falsche Biedermeierthum der professionellen</Unicode>
                </TextEquiv>
            </TextLine>
            <TextLine id="r1l53" custom="readingOrder {index:52;}">
                <Coords points="547,2689 1515,2702 1515,2660 546,2660"/>
                <Baseline points="556,2695 603,2694 651,2694 698,2694 746,2693 793,2693 841,2692 888,2692 936,2691 983,2691 1031,2691 1078,2690 1126,2690 1173,2689 1221,2689 1268,2688 1316,2688 1363,2687 1411,2687 1458,2687 1506,2687"/>
                <TextEquiv>
                    <Unicode>Bauernkomödianten verspottet werden. Das traurige</Unicode>
                </TextEquiv>
            </TextLine>
            <TextLine id="r1l54" custom="readingOrder {index:53;}">
                <Coords points="543,2741 1506,2723 1493,2691 1326,2689 542,2716"/>
                <Baseline points="551,2737 598,2736 645,2735 692,2734 740,2734 787,2733 834,2732 881,2731 929,2731 976,2730 1023,2730 1070,2729 1118,2729 1165,2728 1212,2728 1259,2727 1307,2727 1354,2726 1401,2725 1448,2725 1496,2724"/>
                <TextEquiv>
                    <Unicode>Zither=Gezirpe und die sonstigen musikalischen Zu¬</Unicode>
                </TextEquiv>
            </TextLine>
            <TextLine id="r1l55" custom="readingOrder {index:54;}">
                <Coords points="553,2769 1165,2783 1264,2755 1513,2781 1500,2716 1366,2741 553,2740"/>
                <Baseline points="562,2775 609,2774 656,2773 703,2773 750,2772 797,2771 844,2771 891,2771 938,2770 985,2770 1033,2770 1080,2770 1127,2769 1174,2769 1221,2768 1268,2768 1315,2767 1362,2766 1409,2765 1456,2764 1504,2762"/>
                <TextEquiv>
                    <Unicode>thaten, durch welche der Verfasser den Rea¬</Unicode>
                </TextEquiv>
            </TextLine>
            <TextLine id="r1l56" custom="readingOrder {index:55;}">
                <Coords points="1009,2809 1060,2819 1117,2794 1163,2817 1328,2804 1341,2817 1451,2818 1498,2813 1498,2773 1306,2781 1261,2757 1214,2777 1009,2783"/>
                <Baseline points="1018,2812 1044,2809 1070,2808 1096,2806 1122,2805 1148,2805 1175,2805 1201,2805 1227,2806 1253,2806 1279,2807 1305,2807 1332,2808 1358,2808 1384,2808 1410,2808 1436,2806 1462,2805 1489,2803"/>
                <TextEquiv>
                    <Unicode>zu verschärfen gesucht</Unicode>
                </TextEquiv>
            </TextLine>
            <TextLine id="r1l57" custom="readingOrder {index:56;}">
                <Coords points="546,2813 809,2824 859,2807 1014,2829 1013,2785 982,2771 661,2783 545,2764"/>
                <Baseline points="555,2811 581,2812 607,2812 634,2812 660,2811 687,2811 713,2810 739,2810 766,2809 792,2808 819,2808 845,2807 871,2807 898,2806 924,2807 951,2807 977,2808 1004,2809"/>
                <TextEquiv>
                    <Unicode>lismus seiner Satire</Unicode>
                </TextEquiv>
            </TextLine>
            <TextLine id="r1l58" custom="readingOrder {index:57;}">
                <Coords points="545,2848 1512,2864 1486,2813 1395,2830 1328,2803 545,2830"/>
                <Baseline points="554,2852 601,2852 648,2851 696,2850 743,2850 791,2849 838,2848 885,2848 933,2847 980,2847 1028,2847 1075,2846 1122,2846 1170,2846 1217,2846 1265,2846 1312,2846 1359,2846 1407,2846 1454,2847 1502,2848"/>
                <TextEquiv>
                    <Unicode>hat, wäre allerdings besser fortgeblieben, um</Unicode>
                </TextEquiv>
            </TextLine>
            <TextLine id="r1l59" custom="readingOrder {index:58;}">
                <Coords points="545,2893 1514,2896 1513,2841 628,2872 545,2849"/>
                <Baseline points="555,2892 602,2891 649,2890 697,2889 744,2888 792,2888 839,2887 887,2887 934,2886 982,2886 1029,2885 1076,2885 1124,2884 1171,2884 1219,2884 1266,2883 1314,2883 1361,2882 1409,2882 1456,2882 1504,2881"/>
                <TextEquiv>
                    <Unicode>so eher, als durch die groben Uebertreibungen der</Unicode>
                </TextEquiv>
            </TextLine>
            <TextLine id="r1l60" custom="readingOrder {index:59;}">
                <Coords points="551,2943 1512,2939 1512,2894 550,2887"/>
                <Baseline points="560,2932 607,2930 654,2930 701,2929 748,2928 795,2927 842,2927 890,2926 937,2926 984,2925 1031,2925 1078,2925 1125,2925 1172,2925 1220,2924 1267,2924 1314,2924 1361,2924 1408,2924 1455,2923 1503,2923"/>
                <TextEquiv>
                    <Unicode>Darsteller die parodistische Tendenz des Ganzen mehr</Unicode>
                </TextEquiv>
            </TextLine>
            <TextLine id="r1l61" custom="readingOrder {index:60;}">
                <Coords points="546,2962 1486,2973 1509,2924 546,2936"/>
                <Baseline points="556,2970 603,2969 650,2969 697,2968 744,2968 792,2967 839,2966 886,2966 933,2965 980,2965 1028,2964 1075,2964 1122,2963 1169,2963 1216,2963 1264,2963 1311,2963 1358,2963 1405,2963 1452,2964 1500,2964"/>
                <TextEquiv>
                    <Unicode>als genügend gekennzeichnet wurde. Die Brutalität</Unicode>
                </TextEquiv>
            </TextLine>
            <TextLine id="r1l62" custom="readingOrder {index:61;}">
                <Coords points="546,3011 1516,3010 1516,2959 863,2987 546,2962"/>
                <Baseline points="555,3005 602,3005 650,3006 697,3006 745,3006 793,3006 840,3006 888,3006 936,3005 983,3005 1031,3004 1079,3004 1126,3003 1174,3003 1222,3002 1269,3002 1317,3001 1365,3001 1412,3001 1460,3001 1508,3001"/>
                <TextEquiv>
                    <Unicode>der Geständnisse, zu denen sich das würdige bäuerliche</Unicode>
                </TextEquiv>
            </TextLine>
            <TextLine id="r1l63" custom="readingOrder {index:62;}">
                <Coords points="550,3041 1448,3055 1507,3018 549,3023"/>
                <Baseline points="559,3044 608,3044 657,3045 707,3045 756,3045 806,3044 855,3044 904,3044 954,3044 1003,3043 1053,3043 1102,3042 1152,3042 1201,3041 1250,3041 1300,3040 1349,3040 1399,3039 1448,3039 1498,3039"/>
                <TextEquiv>
                    <Unicode>Elternpaar dem Sohne gegenüber herbeiläßt, wird</Unicode>
                </TextEquiv>
            </TextLine>
            <TextLine id="r1l64" custom="readingOrder {index:63;}">
                <Coords points="542,3082 1510,3075 1488,3044 542,3047"/>
                <Baseline points="551,3085 598,3085 646,3085 693,3084 741,3084 788,3083 836,3083 883,3082 931,3082 978,3081 1026,3080 1074,3080 1121,3079 1169,3079 1216,3078 1264,3078 1311,3077 1359,3077 1406,3077 1454,3077 1502,3076"/>
                <TextEquiv>
                    <Unicode>übrigens durch die obige Teudenz keineswegs ent¬</Unicode>
                </TextEquiv>
            </TextLine>
            <TextLine id="r1l65" custom="readingOrder {index:64;}">
                <Coords points="550,3123 1506,3129 1505,3080 549,3081"/>
                <Baseline points="558,3126 607,3126 656,3125 706,3125 755,3124 805,3124 854,3124 903,3123 953,3123 1002,3123 1052,3122 1101,3122 1151,3122 1200,3121 1249,3121 1299,3121 1348,3120 1398,3120 1447,3120 1497,3119"/>
                <TextEquiv>
                    <Unicode>schuldigt, und so hinterläßt, das Stück schließlich doch</Unicode>
                </TextEquiv>
            </TextLine>
            <TextLine id="r1l66" custom="readingOrder {index:65;}">
                <Coords points="550,3145 599,3173 672,3176 1119,3166 1119,3137 1094,3144 1066,3124 549,3125"/>
                <Baseline points="558,3159 585,3161 613,3162 640,3162 668,3163 696,3163 723,3163 751,3163 778,3162 806,3162 834,3161 861,3161 889,3160 916,3159 944,3159 972,3158 999,3158 1027,3158 1054,3157 1082,3157 1110,3157"/>
                <TextEquiv>
                    <Unicode>einen recht getheilten Eindruck.</Unicode>
                </TextEquiv>
            </TextLine>
            <TextLine id="r1l67" custom="readingOrder {index:66;}">
                <Coords points="591,3204 1489,3208 1505,3168 1231,3141 591,3173"/>
                <Baseline points="600,3203 644,3202 689,3202 734,3201 779,3201 823,3201 868,3200 913,3200 958,3200 1002,3200 1047,3199 1092,3199 1137,3199 1181,3199 1226,3198 1271,3198 1316,3197 1360,3197 1405,3196 1450,3195 1495,3195"/>
                <TextEquiv>
                    <Unicode>Noch getheilter war der Eindruck Schnitzlers bekann¬</Unicode>
                </TextEquiv>
            </TextLine>
            <TextLine id="r1l68" custom="readingOrder {index:67;}">
                <Coords points="549,3241 1512,3243 1511,3205 1477,3202 648,3219 548,3194"/>
                <Baseline points="558,3244 605,3243 652,3242 699,3242 746,3241 794,3241 841,3241 888,3240 935,3240 982,3240 1030,3239 1077,3239 1124,3239 1171,3239 1218,3238 1266,3238 1313,3238 1360,3237 1407,3237 1454,3237 1502,3236"/>
                <TextEquiv>
                    <Unicode>kem „Abschiedssouper“ gegenüber, das von den Herren</Unicode>
                </TextEquiv>
            </TextLine>
            <TextLine id="r1l69" custom="readingOrder {index:68;}">
                <Coords points="553,3292 1518,3275 1517,3239 553,3252"/>
                <Baseline points="562,3283 609,3282 656,3281 704,3280 751,3280 798,3280 846,3280 893,3280 940,3280 988,3280 1035,3280 1082,3280 1130,3280 1177,3280 1224,3280 1272,3280 1319,3280 1366,3280 1414,3279 1461,3278 1509,3277"/>
                <TextEquiv>
                    <Unicode>Kühne (Anatol) und Westmann (Max) ohne eine Spur</Unicode>
                </TextEquiv>
            </TextLine>
            <TextLine id="r1l70" custom="readingOrder {index:69;}">
                <Coords points="544,3328 1414,3329 1508,3312 1508,3279 543,3286"/>
                <Baseline points="552,3324 599,3322 646,3321 694,3320 741,3319 788,3319 836,3319 883,3319 930,3319 978,3319 1025,3319 1072,3319 1120,3319 1167,3319 1214,3319 1262,3319 1309,3319 1356,3319 1404,3318 1451,3317 1499,3316"/>
                <TextEquiv>
                    <Unicode>jener so zu sagen wurstigen Grazie und Eleganz gespielt</Unicode>
                </TextEquiv>
            </TextLine>
            <TextLine id="r1l71" custom="readingOrder {index:70;}">
                <Coords points="551,3356 1499,3367 1519,3332 701,3317 551,3340"/>
                <Baseline points="559,3360 606,3360 654,3360 701,3360 749,3360 796,3360 844,3359 891,3359 939,3358 986,3358 1034,3357 1082,3357 1129,3356 1177,3355 1224,3355 1272,3355 1319,3354 1367,3354 1414,3354 1462,3354 1510,3354"/>
                <TextEquiv>
                    <Unicode>wurde, die für diese Typen der jeunesse dorde erste</Unicode>
                </TextEquiv>
            </TextLine>
            <TextLine id="r1l72" custom="readingOrder {index:71;}">
                <Coords points="553,3392 1522,3389 1409,3355 842,3378 553,3356"/>
                <Baseline points="563,3394 610,3396 657,3397 705,3398 752,3399 800,3399 847,3399 895,3399 942,3398 990,3398 1037,3397 1084,3396 1132,3396 1179,3395 1227,3394 1274,3394 1322,3393 1369,3393 1417,3394 1464,3394 1512,3395"/>
                <TextEquiv>
                    <Unicode>Bedingung ist. Einzig Frl. Zinner fügte sich geschickt</Unicode>
                </TextEquiv>
            </TextLine>
            <TextLine id="r1l73" custom="readingOrder {index:72;}">
                <Coords points="547,3442 1465,3442 1512,3438 1512,3398 547,3406"/>
                <Baseline points="557,3436 604,3436 651,3436 699,3436 746,3436 793,3436 841,3436 888,3436 935,3436 983,3435 1030,3435 1077,3435 1125,3435 1172,3434 1219,3434 1267,3434 1314,3433 1361,3433 1409,3433 1456,3433 1504,3433"/>
                <TextEquiv>
                    <Unicode>in das Milien des Stückes, wenn auch ihre Annie mit</Unicode>
                </TextEquiv>
            </TextLine>
            <TextLine id="r1l74" custom="readingOrder {index:73;}">
                <Coords points="549,3489 1371,3476 1442,3499 1523,3474 1424,3434 549,3440"/>
                <Baseline points="559,3478 606,3477 654,3476 702,3475 750,3475 797,3474 845,3474 893,3473 941,3473 988,3473 1036,3473 1084,3473 1132,3473 1179,3473 1227,3474 1275,3474 1323,3474 1370,3475 1418,3475 1466,3476 1514,3476"/>
                <TextEquiv>
                    <Unicode>den hier bekannten Vorbildern in dieser Rolle absolut</Unicode>
                </TextEquiv>
            </TextLine>
            <TextLine id="r1l75" custom="readingOrder {index:74;}">
                <Coords points="547,3521 716,3531 847,3511 1099,3528 1159,3521 1159,3477 547,3481"/>
                <Baseline points="556,3512 585,3512 615,3512 645,3513 674,3513 704,3513 734,3513 763,3513 793,3514 823,3514 853,3514 882,3514 912,3514 942,3514 971,3514 1001,3514 1031,3514 1060,3514 1090,3513 1120,3512 1150,3512"/>
                <TextEquiv>
                    <Unicode>keinen Vergleich aushalten konnte.</Unicode>
                </TextEquiv>
            </TextLine>
            <TextLine id="r1l76" custom="readingOrder {index:75;}">
                <Coords points="598,3551 1477,3564 1503,3562 1503,3510 597,3518"/>
                <Baseline points="607,3550 651,3551 695,3553 739,3554 784,3555 828,3556 872,3556 917,3557 961,3557 1005,3557 1050,3556 1094,3556 1138,3556 1182,3555 1227,3555 1271,3554 1315,3553 1360,3553 1404,3552 1448,3552 1493,3551"/>
                <TextEquiv>
                    <Unicode>Mit ungetrübtem Behagen konnte man sich nach</Unicode>
                </TextEquiv>
            </TextLine>
            <TextLine id="r1l77" custom="readingOrder {index:76;}">
                <Coords points="545,3611 959,3624 1111,3593 1252,3622 1517,3588 1517,3550 545,3550"/>
                <Baseline points="554,3591 601,3593 649,3595 697,3596 744,3596 792,3597 840,3597 887,3597 935,3597 983,3597 1031,3597 1078,3596 1126,3596 1174,3595 1221,3594 1269,3594 1317,3593 1364,3593 1412,3592 1460,3592 1508,3592"/>
                <TextEquiv>
                    <Unicode>alledem wieder dem Humor der Serenissimus=Scenen</Unicode>
                </TextEquiv>
            </TextLine>
            <TextLine id="r1l78" custom="readingOrder {index:77;}">
                <Coords points="542,3649 1505,3657 1505,3626 1460,3615 542,3610"/>
                <Baseline points="551,3647 598,3648 645,3649 692,3649 740,3650 787,3651 834,3651 881,3652 929,3652 976,3653 1023,3653 1070,3653 1118,3654 1165,3654 1212,3655 1259,3655 1307,3656 1354,3656 1401,3656 1448,3657 1496,3657"/>
                <TextEquiv>
                    <Unicode>hingeben, die einstweilen noch immer die Lichtblicke der </Unicode>
                </TextEquiv>
            </TextLine>
            <TextLine id="r1l79" custom="readingOrder {index:78;}">
                <Coords points="551,3701 1503,3694 1503,3662 1414,3653 551,3661"/>
                <Baseline points="560,3688 606,3689 653,3690 700,3691 746,3691 793,3692 840,3692 886,3693 933,3693 980,3693 1027,3693 1073,3694 1120,3694 1167,3694 1213,3695 1260,3696 1307,3696 1353,3697 1400,3698 1447,3699 1494,3701"/>
                <TextEquiv>
                    <Unicode>Schall= und Rauch=Abende darstellen. Einstweilen,</Unicode>
                </TextEquiv>
            </TextLine>
            <TextLine id="r1l80" custom="readingOrder {index:79;}">
                <Coords points="539,3743 1508,3746 1492,3697 540,3696"/>
                <Baseline points="548,3729 595,3729 643,3730 690,3730 738,3730 785,3731 833,3731 880,3732 928,3732 975,3733 1023,3733 1070,3734 1118,3734 1165,3735 1213,3735 1260,3735 1308,3736 1355,3736 1403,3736 1450,3736 1498,3736"/>
                <TextEquiv>
                    <Unicode>aber wie lange noch? Es dürfte gar bald recht schwer</Unicode>
                </TextEquiv>
            </TextLine>
            <TextLine id="r1l81" custom="readingOrder {index:80;}">
                <Coords points="548,3763 1497,3772 1497,3745 1446,3738 548,3741"/>
                <Baseline points="558,3765 604,3767 651,3768 697,3769 744,3770 790,3771 837,3771 883,3772 930,3772 976,3772 1023,3772 1069,3773 1116,3773 1162,3773 1209,3772 1255,3772 1302,3772 1348,3772 1395,3772 1441,3771 1488,3771"/>
                <TextEquiv>
                    <Unicode>werden, für das Serenissimus=Thema noch neue amü¬</Unicode>
                </TextEquiv>
            </TextLine>
            <TextLine id="r1l82" custom="readingOrder {index:81;}">
                <Coords points="549,3811 1496,3824 1496,3773 549,3763"/>
                <Baseline points="559,3806 605,3807 651,3808 698,3808 744,3809 790,3809 837,3810 883,3810 929,3810 976,3810 1022,3810 1068,3810 1115,3810 1161,3810 1207,3810 1254,3810 1300,3810 1346,3810 1393,3810 1439,3810 1486,3811"/>
                <TextEquiv>
                    <Unicode>sante Variationen zu finden, zumal unsere gestrenge</Unicode>
                </TextEquiv>
            </TextLine>
            <TextLine id="r1l83" custom="readingOrder {index:82;}">
                <Coords points="542,3842 1505,3871 1505,3818 1324,3810 542,3830"/>
                <Baseline points="550,3844 597,3846 644,3847 691,3847 739,3848 786,3849 833,3849 881,3850 928,3850 975,3850 1023,3850 1070,3850 1117,3850 1164,3850 1212,3850 1259,3850 1306,3850 1354,3850 1401,3851 1448,3851 1496,3851"/>
                <TextEquiv>
                    <Unicode>Censur der politischen Satire gegenüber wenig Spaß</Unicode>
                </TextEquiv>
            </TextLine>
            <TextLine id="r1l84" custom="readingOrder {index:83;}">
                <Coords points="546,3893 1495,3898 1475,3861 1377,3854 546,3853"/>
                <Baseline points="556,3883 602,3885 648,3886 695,3887 741,3887 788,3887 834,3888 881,3888 927,3887 974,3887 1020,3887 1066,3887 1113,3887 1159,3887 1206,3887 1252,3887 1299,3887 1345,3888 1392,3889 1438,3890 1485,3892"/>
                <TextEquiv>
                    <Unicode>versteht. Die harm= und im Grunde doch auch recht</Unicode>
                </TextEquiv>
            </TextLine>
            <TextLine id="r1l85" custom="readingOrder {index:84;}">
                <Coords points="548,3927 1502,3925 1491,3900 1299,3889 548,3891"/>
                <Baseline points="556,3919 602,3920 649,3922 696,3922 743,3923 790,3924 837,3924 883,3925 930,3925 977,3925 1024,3925 1071,3925 1118,3926 1165,3926 1211,3926 1258,3927 1305,3927 1352,3928 1399,3929 1446,3930 1493,3932"/>
                <TextEquiv>
                    <Unicode>salzlosen Trotteleien aber, die Serenissimus jetzt zum</Unicode>
                </TextEquiv>
            </TextLine>
            <TextLine id="r1l86" custom="readingOrder {index:85;}">
                <Coords points="543,3978 1461,3987 1498,3940 544,3933"/>
                <Baseline points="552,3957 598,3959 645,3960 692,3962 739,3963 786,3964 832,3965 879,3966 926,3967 973,3967 1020,3968 1066,3968 1113,3969 1160,3969 1207,3969 1254,3970 1300,3970 1347,3970 1394,3971 1441,3971 1488,3971"/>
                <TextEquiv>
                    <Unicode>Besten giebt, dürften mit der Zeit doch recht eintönig</Unicode>
                </TextEquiv>
            </TextLine>
            <TextLine id="r1l87" custom="readingOrder {index:86;}">
                <Coords points="546,4011 1520,4036 1521,3991 1477,3976 547,3966"/>
                <Baseline points="556,3996 603,4000 651,4003 699,4005 747,4006 795,4007 842,4008 890,4008 938,4008 986,4008 1034,4008 1081,4008 1129,4007 1177,4007 1225,4007 1273,4008 1320,4008 1368,4010 1416,4012 1464,4014 1512,4017"/>
                <TextEquiv>
                    <Unicode>wirken und sich schließlich ganz und gar überleben wie.</Unicode>
                </TextEquiv>
            </TextLine>
            <TextLine id="r1l88" custom="readingOrder {index:87;}">
                <Coords points="573,4055 688,4044 815,4070 853,4053 965,4064 1027,4050 1027,4026 991,4008 806,4019 751,4006 573,4008"/>
                <Baseline points="582,4045 607,4044 633,4044 658,4044 684,4043 710,4043 735,4043 761,4043 787,4043 812,4043 838,4043 864,4044 889,4044 915,4044 941,4044 966,4044 992,4043 1018,4043"/>
                <TextEquiv>
                    <Unicode>— die Ueberbrettelei selbst.</Unicode>
                </TextEquiv>
            </TextLine>
            <TextEquiv>
                <Unicode>Onter Ande re Areen
 Ausschnitt
Nr. 35
„OBSEHVE
conc Bureau für Zeitungsberichte u. Personalnachrichten
en, IX/:, Türkenstrasse 17.
Filiale in Budapest. „Figyeló“ -
a Berlin, Chicago, Gent, Lonion, Newyork, Paris, Rom, Stockholm.
nitt aus:
72r202 Müdel Törsen-Leitung
Kunst und Wissenschaft.
— Unsere Ueberbrettel fangen allmählich an, sich von
der Ueberbrettelei zurückzuziehen. Was man z. B.
jetzt in „Schall und Rauch“ zu sehen und zu hören
bekommt, hat mit jener modernen Ueberkunst kaum
noch etwas zu thun, es ist wieder die alte gute oder
auch schlechte Theaterspielerei, wie sie vor dem Herein¬
war. Das allerneueste Pregeamm von „Schall und
Rauch“ bringt nämlich außer den einstweilen noch
immer sehr beliebten Serenisimus=Zwischenspielen ledig= jve
50 Zeitungsaulich drei Einacter, die auch auf jeder anderen Bühne h.
100
n gespielt werden könnten, und, man muß leider sagen, sar
200
  vielfach besser gespielt werden würden.
aus.
500
„
Da ist zunächst eine „Komödie“ von Axel Steeubuch
1000
„ „Die Grenze“, in der sehr lang und langweilig das b das
Im Gegensat Thema vom blauen Briefe abgehandelt wird. Der ss den
onnement durch alte adelsstolze Oberst, der, im Avanceigent übergangen,
onnenten frei di“ den Abschied nehmen muß und sich nun, um die ein¬
zige Tochter versorgt zu sehen, dazu herbeiläßt, einen ld die
Der „OBSEkfrüher abgewiesenen bürgerlichen Freier der Tochter in sgen¬
ialtsangabe all Gnaden anzunehmen, ja ihn selbst herbeizurufen. jung")
ätter (Tagesje Dieser alte Oberst könnte eine ganz interessante stliche
durch eine Uebe Charakterstudie abgeben, aber der Verfasser hat es nicht e Mit¬
zen des In- un verstanden, dem Gespräche zwischen dem oberstlichen
ilungen werden Ehepaare, aus dem das Ganze im Grunde nur besteht,
durch irgendwelche hervorstechenden Wendungen oder
durch feine Psychologie auch nur etwas Reiz und Farbe
zu geben. Das breite, in vielfachen Wiederholungen
sich bewegende Gerede der beiden alten Leute ermüdete
mit der Zeit um so mehr, als, wie schon angedeutet,
die Darstellung sehr, sehr mäßig ausfiel.
Ein wenig vortheilhafter präsentirte sich der zweite
Einacter Bauernkumedi, ein „parodistisches Spiel“ von
Ferdinand Kronegg, in welchem mit allerdings recht
billigem, derb zugreifenden Witz der rege Geschäftssinn
und das falsche Biedermeierthum der professionellen
Bauernkomödianten verspottet werden. Das traurige
Zither=Gezirpe und die sonstigen musikalischen Zu¬
thaten, durch welche der Verfasser den Rea¬
zu verschärfen gesucht
lismus seiner Satire
hat, wäre allerdings besser fortgeblieben, um
so eher, als durch die groben Uebertreibungen der
Darsteller die parodistische Tendenz des Ganzen mehr
als genügend gekennzeichnet wurde. Die Brutalität
der Geständnisse, zu denen sich das würdige bäuerliche
Elternpaar dem Sohne gegenüber herbeiläßt, wird
übrigens durch die obige Teudenz keineswegs ent¬
schuldigt, und so hinterläßt, das Stück schließlich doch
einen recht getheilten Eindruck.
Noch getheilter war der Eindruck Schnitzlers bekann¬
kem „Abschiedssouper“ gegenüber, das von den Herren
Kühne (Anatol) und Westmann (Max) ohne eine Spur
jener so zu sagen wurstigen Grazie und Eleganz gespielt
wurde, die für diese Typen der jeunesse dorde erste
Bedingung ist. Einzig Frl. Zinner fügte sich geschickt
in das Milien des Stückes, wenn auch ihre Annie mit
den hier bekannten Vorbildern in dieser Rolle absolut
keinen Vergleich aushalten konnte.
Mit ungetrübtem Behagen konnte man sich nach
alledem wieder dem Humor der Serenissimus=Scenen
hingeben, die einstweilen noch immer die Lichtblicke der 
Schall= und Rauch=Abende darstellen. Einstweilen,
aber wie lange noch? Es dürfte gar bald recht schwer
werden, für das Serenissimus=Thema noch neue amü¬
sante Variationen zu finden, zumal unsere gestrenge
Censur der politischen Satire gegenüber wenig Spaß
versteht. Die harm= und im Grunde doch auch recht
salzlosen Trotteleien aber, die Serenissimus jetzt zum
Besten giebt, dürften mit der Zeit doch recht eintönig
wirken und sich schließlich ganz und gar überleben wie.
— die Ueberbrettelei selbst.</Unicode>
            </TextEquiv>
        </TextRegion>
        <TextRegion orientation="0.0" id="r2" custom="readingOrder {index:1;}">
            <Coords points="1721,314 1721,3868 3213,3868 3213,314"/>
            <TextLine id="r2l1" custom="readingOrder {index:0;}">
                <Coords points="1751,340 3220,361 3184,276 1751,289"/>
                <Baseline points="1760,341 1832,340 1905,340 1977,339 2050,339 2122,339 2195,339 2267,339 2340,338 2412,338 2485,338 2557,338 2630,338 2702,338 2775,338 2847,338 2920,338 2992,338 3065,338 3137,338 3210,338"/>
                <TextEquiv>
                    <Unicode>4.5. Abschiedssouper box 8/1</Unicode>
                </TextEquiv>
            </TextLine>
            <TextLine id="r2l2" custom="readingOrder {index:1;}">
                <Coords points="2195,1704 2644,1693 2644,1628 2518,1615 2457,1639 2415,1629 2388,1644 2317,1632 2194,1642"/>
                <Baseline points="2203,1677 2228,1675 2253,1674 2279,1674 2304,1673 2330,1673 2355,1673 2380,1673 2406,1673 2431,1673 2457,1673 2482,1673 2507,1673 2533,1673 2558,1672 2584,1671 2609,1670 2635,1667"/>
                <TextEquiv>
                    <Unicode>Telephon 12801.</Unicode>
                </TextEquiv>
            </TextLine>
            <TextLine id="r2l3" custom="readingOrder {index:2;}">
                <Coords points="1841,1800 3030,1777 3054,1732 2964,1701 2500,1709 2457,1740 2308,1711 1839,1758"/>
                <Baseline points="1850,1785 1909,1783 1969,1782 2029,1781 2089,1780 2148,1778 2208,1777 2268,1775 2328,1774 2387,1772 2447,1770 2507,1768 2567,1766 2626,1764 2686,1762 2746,1760 2806,1758 2865,1755 2925,1753 2985,1751 3045,1748"/>
                <TextEquiv>
                    <Unicode>Alex. Weigl’'s Unternehmen für Zeitungs-Ausschnitte</Unicode>
                </TextEquiv>
            </TextLine>
            <TextLine id="r2l4" custom="readingOrder {index:3;}">
                <Coords points="2818,1820 2911,1825 2963,1810 2994,1821 3033,1801 3059,1808 3057,1768 3045,1766 3028,1773 3006,1761 2943,1766 2935,1760 2911,1778 2896,1777 2874,1759 2834,1778 2816,1773"/>
                <Baseline points="2827,1814 2854,1812 2882,1810 2910,1810 2938,1808 2965,1807 2993,1806 3021,1805 3049,1803"/>
                <TextEquiv>
                    <Unicode>Ausschnitt</Unicode>
                </TextEquiv>
            </TextLine>
            <TextLine id="r2l5" custom="readingOrder {index:4;}">
                <Coords points="2868,1896 2939,1909 2998,1885 3056,1886 3069,1894 3098,1867 3111,1867 3108,1814 3083,1823 3066,1814 3047,1821 3021,1815 3011,1827 2970,1840 2945,1819 2911,1823 2892,1844 2877,1830 2864,1833"/>
                <Baseline points="2875,1883 2900,1882 2925,1882 2951,1881 2976,1879 3001,1878 3027,1876 3052,1874 3077,1873 3103,1871"/>
                <TextEquiv>
                    <Unicode>Nr. 39</Unicode>
                </TextEquiv>
            </TextLine>
            <TextLine id="r2l6" custom="readingOrder {index:5;}">
                <Coords points="2042,1903 2199,1928 2566,1888 2701,1907 2710,1781 2669,1774 2633,1807 2487,1792 2270,1823 2202,1793 2102,1865 2041,1877"/>
                <Baseline points="2052,1911 2084,1909 2117,1906 2149,1904 2182,1902 2215,1899 2247,1898 2280,1896 2313,1894 2345,1893 2378,1891 2411,1889 2443,1888 2476,1887 2509,1885 2541,1884 2574,1883 2607,1882 2639,1881 2672,1879 2705,1878"/>
                <TextEquiv>
                    <Unicode>„OBSERVER</Unicode>
                </TextEquiv>
            </TextLine>
            <TextLine id="r2l7" custom="readingOrder {index:6;}">
                <Coords points="1712,1920 1747,1925 1774,1943 1804,1934 1824,1941 1868,1907 1931,1933 1984,1904 1979,1814 1958,1828 1923,1819 1904,1833 1836,1822 1809,1836 1767,1818 1707,1827"/>
                <Baseline points="1721,1911 1746,1913 1771,1914 1796,1914 1822,1913 1847,1912 1872,1910 1898,1907 1923,1904 1948,1902 1974,1900"/>
                <TextEquiv>
                    <Unicode>4105</Unicode>
                </TextEquiv>
            </TextLine>
            <TextLine id="r2l8" custom="readingOrder {index:7;}">
                <Coords points="1735,2006 3156,1943 3056,1886 1733,1939"/>
                <Baseline points="1743,1980 1813,1978 1883,1976 1953,1975 2023,1973 2094,1971 2164,1969 2234,1966 2304,1964 2374,1962 2445,1960 2515,1957 2585,1955 2655,1952 2725,1950 2796,1948 2866,1945 2936,1943 3006,1941 3076,1939 3147,1937"/>
                <TextEquiv>
                    <Unicode>I. österr. behördl. conc. Bureau für Zeitungsberichte u. Personalnachrichten</Unicode>
                </TextEquiv>
            </TextLine>
            <TextLine id="r2l9" custom="readingOrder {index:8;}">
                <Coords points="1939,2054 2340,2035 2435,2061 2944,2014 2942,1958 2887,1956 2575,1999 2360,1969 2096,2010 1937,1989"/>
                <Baseline points="1948,2042 1997,2041 2046,2041 2095,2040 2145,2038 2194,2037 2243,2035 2293,2033 2342,2031 2391,2029 2441,2027 2490,2025 2539,2024 2588,2022 2638,2020 2687,2019 2736,2018 2786,2017 2835,2017 2884,2017 2934,2017"/>
                <TextEquiv>
                    <Unicode>Wien IX/1, Türkenstrasse 17.</Unicode>
                </TextEquiv>
            </TextLine>
            <TextLine id="r2l10" custom="readingOrder {index:9;}">
                <Coords points="2136,2121 2460,2097 2488,2113 2542,2096 2668,2107 2754,2088 2752,2035 2727,2030 2651,2055 2134,2053"/>
                <Baseline points="2144,2102 2174,2101 2204,2099 2234,2098 2264,2098 2294,2097 2324,2096 2354,2095 2384,2095 2414,2094 2444,2093 2474,2092 2504,2091 2534,2090 2564,2089 2594,2088 2624,2087 2654,2085 2684,2084 2714,2082 2744,2080"/>
                <TextEquiv>
                    <Unicode>Filiale in Budapest: „Figyelö“</Unicode>
                </TextEquiv>
            </TextLine>
            <TextLine id="r2l11" custom="readingOrder {index:10;}">
                <Coords points="1738,2176 3156,2148 3154,2079 1736,2138"/>
                <Baseline points="1746,2176 1816,2173 1886,2171 1956,2169 2026,2166 2096,2164 2166,2161 2236,2159 2306,2156 2376,2154 2446,2151 2516,2149 2586,2146 2656,2144 2726,2142 2796,2139 2866,2136 2936,2134 3006,2131 3076,2129 3146,2126"/>
                <TextEquiv>
                    <Unicode>Vertretungen in Berlin, Chicago, Genf, London, Newyork, Paris, Rom, Stockholm.</Unicode>
                </TextEquiv>
            </TextLine>
            <TextLine id="r2l12" custom="readingOrder {index:11;}">
                <Coords points="1729,2345 1800,2346 1871,2322 1916,2339 1984,2319 2035,2334 2120,2311 2260,2326 2262,2282 2180,2246 2155,2265 2051,2252 1999,2275 1939,2259 1874,2281 1786,2270 1727,2294"/>
                <Baseline points="1737,2320 1762,2319 1788,2319 1814,2317 1840,2316 1866,2315 1891,2314 1917,2314 1943,2312 1969,2312 1995,2311 2020,2310 2046,2309 2072,2308 2098,2308 2124,2307 2149,2307 2175,2307 2201,2306 2227,2306 2253,2306"/>
                <TextEquiv>
                    <Unicode>Ausschnitt aus:</Unicode>
                </TextEquiv>
            </TextLine>
            <TextLine id="r2l13" custom="readingOrder {index:12;}">
                <Coords points="2356,2426 2701,2422 2816,2461 2868,2431 2938,2451 3038,2431 3040,2367 2840,2347 2778,2364 2755,2342 2621,2350 2538,2326 2490,2342 2359,2306"/>
                <Baseline points="2365,2416 2398,2416 2431,2417 2464,2418 2498,2419 2531,2420 2564,2422 2597,2423 2631,2425 2664,2427 2697,2427 2730,2429 2764,2430 2797,2430 2830,2431 2863,2430 2897,2430 2930,2429 2963,2427 2996,2425 3030,2422"/>
                <TextEquiv>
                    <Unicode>Tessische Teitung (Pertin)</Unicode>
                </TextEquiv>
            </TextLine>
            <TextLine id="r2l14" custom="readingOrder {index:13;}">
                <Coords points="1740,2471 1891,2489 1935,2468 1958,2478 1997,2444 2063,2495 2143,2465 2239,2501 2297,2480 2300,2390 2180,2388 2057,2323 1972,2378 1906,2382 1807,2428 1742,2419"/>
                <Baseline points="1750,2459 1776,2457 1803,2456 1830,2456 1857,2456 1884,2457 1911,2457 1938,2458 1965,2459 1992,2461 2019,2462 2045,2463 2072,2465 2099,2466 2126,2467 2153,2468 2180,2468 2207,2469 2234,2468 2261,2468 2288,2466"/>
                <TextEquiv>
                    <Unicode> 7/L7707</Unicode>
                </TextEquiv>
            </TextLine>
            <TextLine id="r2l15" custom="readingOrder {index:14;}">
                <Coords points="1960,2722 3056,2738 3031,2696 2815,2680 1961,2682"/>
                <Baseline points="1970,2729 2023,2727 2077,2724 2131,2724 2185,2723 2239,2723 2293,2723 2346,2723 2400,2724 2454,2725 2508,2726 2562,2727 2616,2729 2670,2730 2723,2731 2777,2731 2831,2731 2885,2732 2939,2731 2993,2730 3047,2729"/>
                <TextEquiv>
                    <Unicode>„Schall ulld Nauch“ hat gestern abends seinem Programm</Unicode>
                </TextEquiv>
            </TextLine>
            <TextLine id="r2l16" custom="readingOrder {index:15;}">
                <Coords points="1914,2767 3043,2782 3044,2735 1914,2733"/>
                <Baseline points="1923,2760 1978,2761 2034,2761 2089,2761 2145,2762 2200,2763 2256,2764 2311,2765 2367,2766 2422,2766 2478,2767 2534,2768 2589,2769 2645,2770 2700,2771 2756,2771 2811,2771 2867,2771 2922,2771 2978,2771 3034,2771"/>
                <TextEquiv>
                    <Unicode>ein Paar neue Nummern eingefügt, die verschieden an Werth</Unicode>
                </TextEquiv>
            </TextLine>
            <TextLine id="r2l17" custom="readingOrder {index:16;}">
                <Coords points="1924,2800 2891,2814 2880,2766 1925,2765"/>
                <Baseline points="1933,2797 1980,2798 2027,2799 2075,2800 2122,2801 2170,2802 2217,2802 2264,2803 2312,2804 2359,2805 2407,2806 2454,2806 2501,2807 2549,2807 2596,2808 2644,2808 2691,2809 2738,2809 2786,2810 2833,2811 2881,2811"/>
                <TextEquiv>
                    <Unicode>auch eine entsprechend verschiedene Aufnahme fanden</Unicode>
                </TextEquiv>
            </TextLine>
            <TextLine id="r2l18" custom="readingOrder {index:17;}">
                <Coords points="2975,2813 2989,2811 2997,2818 3005,2819 3011,2810 3017,2815 3028,2812 3031,2808 3040,2807 3035,2771 3025,2774 3017,2771 3006,2774 2999,2770 2992,2773 2988,2771 2970,2774"/>
                <Baseline points="2984,2814 3031,2808"/>
                <TextEquiv>
                    <Unicode>Di</Unicode>
                </TextEquiv>
            </TextLine>
            <TextLine id="r2l19" custom="readingOrder {index:18;}">
                <Coords points="1926,2827 2203,2857 2819,2854 2820,2831 1926,2798"/>
                <Baseline points="1935,2832 1978,2834 2022,2836 2066,2837 2110,2838 2153,2840 2197,2841 2241,2842 2285,2843 2328,2844 2372,2845 2416,2846 2460,2847 2503,2847 2547,2848 2591,2848 2635,2849 2678,2849 2722,2850 2766,2850 2810,2851"/>
                <TextEquiv>
                    <Unicode>Grenze“ von Axel Steenbusch, eine Komödie aus</Unicode>
                </TextEquiv>
            </TextLine>
            <TextLine id="r2l20" custom="readingOrder {index:19;}">
                <Coords points="1919,2885 2801,2895 2801,2850 2756,2846 2092,2835 2038,2860 1920,2836"/>
                <Baseline points="1929,2876 1972,2876 2015,2876 2058,2877 2101,2877 2144,2878 2187,2878 2231,2879 2274,2880 2317,2881 2360,2882 2403,2883 2446,2884 2489,2885 2533,2886 2576,2886 2619,2887 2662,2887 2705,2887 2748,2886 2792,2885"/>
                <TextEquiv>
                    <Unicode>leben, in der der blaue Brief seine unheimlich</Unicode>
                </TextEquiv>
            </TextLine>
            <TextLine id="r2l21" custom="readingOrder {index:20;}">
                <Coords points="1995,2925 2795,2925 2795,2894 2757,2886 1995,2883"/>
                <Baseline points="2004,2915 2043,2915 2082,2915 2121,2915 2160,2915 2199,2916 2238,2917 2277,2917 2316,2918 2355,2919 2395,2920 2434,2920 2473,2921 2512,2922 2551,2922 2590,2922 2629,2922 2668,2922 2707,2922 2746,2921 2786,2920"/>
                <TextEquiv>
                    <Unicode>uichte eine sehr langathmige, eintönige Vorbereitu</Unicode>
                </TextEquiv>
            </TextLine>
            <TextLine id="r2l22" custom="readingOrder {index:21;}">
                <Coords points="1985,2959 2689,2974 2803,2966 2804,2925 1986,2924"/>
                <Baseline points="1994,2953 2034,2953 2074,2953 2114,2954 2154,2954 2194,2954 2234,2955 2274,2955 2314,2956 2354,2957 2394,2958 2434,2958 2474,2959 2514,2959 2554,2960 2594,2961 2634,2961 2674,2962 2714,2962 2754,2962 2794,2962"/>
                <TextEquiv>
                    <Unicode>wachen Pointe zu kommen; immerhin war der E</Unicode>
                </TextEquiv>
            </TextLine>
            <TextLine id="r2l23" custom="readingOrder {index:22;}">
                <Coords points="1957,3005 2812,3004 2812,2967 2763,2961 1958,2956"/>
                <Baseline points="1966,2993 2007,2993 2049,2993 2091,2993 2133,2993 2175,2993 2216,2994 2258,2994 2300,2995 2342,2995 2384,2995 2425,2996 2467,2997 2509,2997 2551,2998 2593,2998 2634,2998 2676,2998 2718,2999 2760,2999 2802,2999"/>
                <TextEquiv>
                    <Unicode>chlecht, wie er gespielt wurde. Als ein sehr viel gie</Unicode>
                </TextEquiv>
            </TextLine>
            <TextLine id="r2l24" custom="readingOrder {index:23;}">
                <Coords points="2998,3015 3011,3016 3016,3012 3020,3012 3026,3006 3032,3006 3042,3014 3051,3014 3047,2968 3037,2969 3033,2966 3026,2972 3020,2972 3013,2965 3004,2970 2995,2970"/>
                <Baseline points="3007,3003 3040,3001"/>
                <TextEquiv>
                    <Unicode>ind</Unicode>
                </TextEquiv>
            </TextLine>
            <TextLine id="r2l25" custom="readingOrder {index:24;}">
                <Coords points="1920,3026 1984,3050 2225,3025 2798,3040 2798,3006 2684,2994 1921,3001"/>
                <Baseline points="1930,3034 1973,3033 2016,3032 2059,3031 2102,3031 2145,3031 2188,3031 2231,3031 2274,3032 2317,3032 2360,3033 2403,3034 2446,3034 2489,3035 2532,3035 2575,3036 2618,3037 2661,3037 2704,3037 2747,3037 2790,3037"/>
                <TextEquiv>
                    <Unicode>erwies sich das parodistische Spiel „Bauernt</Unicode>
                </TextEquiv>
            </TextLine>
            <TextLine id="r2l26" custom="readingOrder {index:25;}">
                <Coords points="2984,3045 2996,3045 3000,3049 3007,3042 3024,3049 3027,3045 3033,3045 3054,3062 3063,3062 3063,3013 3045,3016 3033,3005 3027,3005 3020,3013 3011,3016 3000,3007 2993,3013 2984,3013"/>
                <Baseline points="2992,3039 3023,3039 3054,3039"/>
                <TextEquiv>
                    <Unicode>von</Unicode>
                </TextEquiv>
            </TextLine>
            <TextLine id="r2l27" custom="readingOrder {index:26;}">
                <Coords points="1924,3068 3059,3091 3059,3055 2983,3040 1924,3037"/>
                <Baseline points="1932,3072 1987,3071 2043,3071 2099,3070 2155,3070 2211,3071 2267,3071 2323,3071 2379,3072 2435,3072 2491,3073 2546,3074 2602,3075 2658,3075 2714,3076 2770,3077 2826,3077 2882,3078 2938,3079 2994,3079 3050,3079"/>
                <TextEquiv>
                    <Unicode>F. Kronegg, in der die oberbayerischen Volksschauspieler mit „dem</Unicode>
                </TextEquiv>
            </TextLine>
            <TextLine id="r2l28" custom="readingOrder {index:27;}">
                <Coords points="1924,3118 2838,3133 3023,3121 3024,3085 1925,3069"/>
                <Baseline points="1933,3110 1987,3109 2041,3108 2095,3107 2149,3107 2203,3107 2257,3107 2311,3108 2365,3109 2419,3110 2474,3111 2528,3113 2582,3113 2636,3114 2690,3115 2744,3116 2798,3116 2852,3117 2906,3116 2960,3116 3015,3115"/>
                <TextEquiv>
                    <Unicode>goldenen Gemüethl“ und dem ausgeprägten Geschäftssinn sel</Unicode>
                </TextEquiv>
            </TextLine>
            <TextLine id="r2l29" custom="readingOrder {index:28;}">
                <Coords points="1916,3152 2897,3165 2916,3120 1916,3123"/>
                <Baseline points="1926,3145 1975,3145 2024,3145 2073,3146 2122,3146 2171,3147 2220,3147 2269,3148 2318,3149 2367,3150 2416,3151 2465,3152 2514,3152 2563,3153 2612,3154 2661,3155 2710,3155 2759,3155 2808,3155 2857,3155 2906,3155"/>
                <TextEquiv>
                    <Unicode>kaunig mitgenommen werden. Die Damen Zinner und</Unicode>
                </TextEquiv>
            </TextLine>
            <TextLine id="r2l30" custom="readingOrder {index:29;}">
                <Coords points="1956,3188 2180,3183 2206,3209 2847,3192 2826,3152 1957,3157"/>
                <Baseline points="1966,3181 2009,3182 2053,3183 2096,3184 2140,3184 2184,3185 2227,3186 2271,3186 2314,3187 2358,3187 2402,3188 2445,3188 2489,3189 2532,3189 2576,3190 2620,3190 2663,3191 2707,3192 2750,3192 2794,3193 2838,3194"/>
                <TextEquiv>
                    <Unicode>owie Herr Haus Oberländer, nicht unwürdig</Unicode>
                </TextEquiv>
            </TextLine>
            <TextLine id="r2l31" custom="readingOrder {index:30;}">
                <Coords points="2970,3203 2981,3202 2988,3206 3001,3200 3006,3203 3019,3197 3032,3204 3041,3203 3039,3165 3030,3166 3019,3162 3016,3164 3012,3161 3003,3165 2992,3156 2988,3160 2981,3157 2968,3157"/>
                <Baseline points="2978,3194 3005,3193 3032,3192"/>
                <TextEquiv>
                    <Unicode>äter</Unicode>
                </TextEquiv>
            </TextLine>
            <TextLine id="r2l32" custom="readingOrder {index:31;}">
                <Coords points="1902,3214 3003,3246 3027,3206 2207,3209 1903,3173"/>
                <Baseline points="1911,3212 1966,3215 2021,3218 2076,3220 2132,3222 2187,3224 2242,3226 2298,3227 2353,3228 2408,3229 2464,3230 2519,3230 2574,3231 2629,3231 2685,3231 2740,3232 2795,3232 2851,3233 2906,3233 2961,3234 3017,3235"/>
                <TextEquiv>
                    <Unicode>#lichen Namens, brachten in die Darstellung sehr viel Münte</Unicode>
                </TextEquiv>
            </TextLine>
            <TextLine id="r2l33" custom="readingOrder {index:32;}">
                <Coords points="1919,3251 3054,3276 3054,3243 2960,3235 1919,3215"/>
                <Baseline points="1927,3258 1982,3260 2038,3262 2094,3264 2150,3265 2206,3266 2262,3267 2318,3268 2374,3268 2430,3269 2486,3269 2541,3269 2597,3269 2653,3270 2709,3270 2765,3270 2821,3271 2877,3271 2933,3272 2989,3273 3045,3274"/>
                <TextEquiv>
                    <Unicode>keit, während Herr Alfred Kühne als Heldenvater lange</Unicode>
                </TextEquiv>
            </TextLine>
            <TextLine id="r2l34" custom="readingOrder {index:33;}">
                <Coords points="3074,3317 3098,3316 3112,3307 3120,3311 3125,3307 3181,3306 3181,3276 3161,3278 3155,3274 3146,3278 3132,3267 3123,3267 3108,3278 3074,3275"/>
                <Baseline points="3083,3307 3113,3305 3143,3306 3173,3305"/>
                <TextEquiv>
                    <Unicode>lus.</Unicode>
                </TextEquiv>
            </TextLine>
            <TextLine id="r2l35" custom="readingOrder {index:34;}">
                <Coords points="1944,3305 2994,3324 3056,3321 3057,3277 1945,3274"/>
                <Baseline points="1953,3302 2007,3302 2062,3303 2117,3303 2171,3304 2226,3305 2281,3305 2335,3306 2390,3306 2445,3307 2500,3307 2554,3308 2609,3308 2664,3309 2718,3309 2773,3310 2828,3310 2882,3311 2937,3311 2992,3311 3047,3312"/>
                <TextEquiv>
                    <Unicode>nicht überzeugend genug parodirte. In Arthur Schnitzlers</Unicode>
                </TextEquiv>
            </TextLine>
            <TextLine id="r2l36" custom="readingOrder {index:35;}">
                <Coords points="1953,3353 3045,3355 3013,3313 1954,3304"/>
                <Baseline points="1963,3340 2016,3340 2070,3340 2124,3340 2177,3340 2231,3341 2285,3341 2338,3342 2392,3343 2446,3343 2500,3344 2553,3345 2607,3346 2661,3346 2714,3347 2768,3347 2822,3347 2875,3347 2929,3347 2983,3347 3037,3346"/>
                <TextEquiv>
                    <Unicode>schon auf vielen Bühnen gespieltem „Abschiedssouper“</Unicode>
                </TextEquiv>
            </TextLine>
            <TextLine id="r2l37" custom="readingOrder {index:36;}">
                <Coords points="1960,3381 2725,3383 2814,3411 3061,3387 3045,3349 1960,3348"/>
                <Baseline points="1969,3375 2023,3376 2077,3376 2131,3377 2185,3378 2239,3378 2293,3379 2347,3379 2401,3379 2455,3380 2510,3380 2564,3381 2618,3382 2672,3382 2726,3383 2780,3384 2834,3385 2888,3386 2942,3388 2996,3389 3051,3391"/>
                <TextEquiv>
                    <Unicode>eichnete sich wieder Fränkein Constanze Zinner, allerdings</Unicode>
                </TextEquiv>
            </TextLine>
            <TextLine id="r2l38" custom="readingOrder {index:37;}">
                <Coords points="1974,3427 2952,3420 3084,3453 3204,3413 3204,3373 2812,3407 1974,3384"/>
                <Baseline points="1984,3421 2044,3420 2105,3420 2165,3421 2226,3421 2286,3422 2347,3423 2407,3425 2468,3426 2528,3427 2589,3428 2650,3428 2710,3429 2771,3429 2831,3428 2892,3427 2952,3425 3013,3423 3073,3419 3134,3415 3195,3409"/>
                <TextEquiv>
                    <Unicode>uter Anwendung einiger Hausi Niese=Toue, durch über- den</Unicode>
                </TextEquiv>
            </TextLine>
            <TextLine id="r2l39" custom="readingOrder {index:38;}">
                <Coords points="1971,3483 3092,3489 3092,3452 3037,3432 1971,3430"/>
                <Baseline points="1979,3481 2034,3481 2089,3481 2144,3482 2199,3482 2255,3482 2310,3481 2365,3481 2420,3481 2475,3481 2531,3481 2586,3481 2641,3481 2696,3481 2751,3481 2807,3481 2862,3481 2917,3481 2972,3482 3027,3482 3083,3483"/>
                <TextEquiv>
                    <Unicode>nüthigen Humor aus, aber die Herren ließen von den</Unicode>
                </TextEquiv>
            </TextLine>
            <TextLine id="r2l40" custom="readingOrder {index:39;}">
                <Coords points="1963,3520 3213,3522 3213,3491 3112,3476 1963,3484"/>
                <Baseline points="1973,3518 2034,3520 2096,3521 2157,3522 2219,3523 2280,3523 2342,3523 2403,3523 2465,3522 2526,3522 2588,3522 2649,3521 2711,3521 2772,3521 2834,3521 2895,3522 2957,3523 3018,3524 3080,3526 3141,3529 3203,3532"/>
                <TextEquiv>
                    <Unicode>Grazie dieses liebenswürdigen Stückchens nicht den Hauch einer 1 die</Unicode>
                </TextEquiv>
            </TextLine>
            <TextLine id="r2l41" custom="readingOrder {index:40;}">
                <Coords points="1943,3559 3204,3570 2979,3517 1944,3515"/>
                <Baseline points="1952,3553 2014,3555 2076,3558 2138,3560 2200,3561 2262,3561 2324,3561 2387,3561 2449,3561 2511,3560 2573,3560 2635,3560 2697,3559 2759,3559 2822,3560 2884,3561 2946,3562 3008,3563 3070,3566 3132,3569 3195,3574"/>
                <TextEquiv>
                    <Unicode>Abnung verspüren. Am meisten ziehen immer noch die Zwischene gen¬</Unicode>
                </TextEquiv>
            </TextLine>
            <TextLine id="r2l42" custom="readingOrder {index:41;}">
                <Coords points="1955,3602 3199,3625 3199,3579 3069,3565 1955,3561"/>
                <Baseline points="1964,3591 2025,3594 2086,3596 2147,3597 2209,3598 2270,3599 2331,3599 2392,3599 2454,3599 2515,3598 2576,3598 2637,3598 2699,3598 2760,3598 2821,3598 2882,3599 2944,3601 3005,3603 3066,3606 3127,3609 3189,3614"/>
                <TextEquiv>
                    <Unicode>spiele von Serenissimus, der es schon zu einiger Popularität ge= ans")</Unicode>
                </TextEquiv>
            </TextLine>
            <TextLine id="r2l43" custom="readingOrder {index:42;}">
                <Coords points="1957,3643 3221,3658 3221,3627 3011,3597 1957,3603"/>
                <Baseline points="1966,3631 2028,3634 2090,3636 2152,3638 2215,3639 2277,3639 2339,3639 2401,3639 2464,3639 2526,3638 2588,3638 2650,3637 2713,3637 2775,3637 2837,3637 2899,3638 2962,3639 3024,3641 3086,3643 3148,3646 3211,3650"/>
                <TextEquiv>
                    <Unicode>bracht hat. Die Regie sollte gerade auf einer so kleinen Bühne tliche</Unicode>
                </TextEquiv>
            </TextLine>
            <TextLine id="r2l44" custom="readingOrder {index:43;}">
                <Coords points="1951,3682 2798,3684 2867,3678 2867,3637 1951,3642"/>
                <Baseline points="1961,3673 2005,3673 2050,3672 2095,3672 2140,3673 2185,3673 2230,3673 2275,3673 2320,3674 2365,3674 2410,3675 2454,3675 2499,3675 2544,3675 2589,3675 2634,3675 2679,3674 2724,3673 2769,3672 2814,3671 2859,3669"/>
                <TextEquiv>
                    <Unicode>gewisse Aeußerlichkeiten besser beobachten, die Kostü</Unicode>
                </TextEquiv>
            </TextLine>
            <TextLine id="r2l45" custom="readingOrder {index:44;}">
                <Coords points="2905,3679 2921,3680 2928,3688 2943,3682 2954,3685 2963,3676 2986,3686 2994,3679 3012,3686 3024,3680 3037,3685 3044,3679 3072,3686 3071,3646 3056,3650 3029,3640 3015,3647 3007,3640 2960,3638 2931,3660 2913,3646 2904,3646"/>
                <Baseline points="2913,3677 2938,3677 2963,3676 2988,3674 3013,3672 3038,3673 3063,3678"/>
                <TextEquiv>
                    <Unicode>, Bärte,</Unicode>
                </TextEquiv>
            </TextLine>
            <TextLine id="r2l46" custom="readingOrder {index:45;}">
                <Coords points="3085,3694 3095,3691 3111,3705 3121,3699 3127,3703 3141,3691 3154,3691 3170,3701 3176,3695 3183,3699 3204,3685 3222,3685 3222,3670 3209,3671 3203,3665 3189,3666 3185,3662 3182,3666 3167,3654 3139,3652 3114,3654 3093,3670 3084,3670"/>
                <Baseline points="3094,3688 3123,3686 3153,3685 3183,3684 3213,3683"/>
                <TextEquiv>
                    <Unicode>Mit¬</Unicode>
                </TextEquiv>
            </TextLine>
            <TextLine id="r2l47" custom="readingOrder {index:46;}">
                <Coords points="1946,3720 2928,3722 2927,3681 2764,3663 1946,3682"/>
                <Baseline points="1955,3710 2003,3711 2051,3712 2099,3713 2147,3713 2196,3714 2244,3714 2292,3714 2340,3714 2388,3714 2437,3714 2485,3714 2533,3714 2581,3713 2629,3712 2678,3711 2726,3711 2774,3709 2822,3708 2870,3706 2919,3704"/>
                <TextEquiv>
                    <Unicode>Perrücken erinnern an Vorstadttheater, die Kunst des Sch</Unicode>
                </TextEquiv>
            </TextLine>
            <TextLine id="r2l48" custom="readingOrder {index:47;}">
                <Coords points="1936,3777 3077,3777 3077,3717 1936,3717"/>
                <Baseline points="1945,3755 2001,3755 2057,3755 2113,3755 2169,3755 2225,3754 2281,3754 2337,3754 2393,3753 2449,3753 2506,3753 2562,3753 2618,3753 2674,3753 2730,3753 2786,3754 2842,3754 2898,3755 2954,3756 3010,3758 3067,3760"/>
                <TextEquiv>
                    <Unicode>und Maskemachens wird mit einiger Sorglosigkeit gehandhabt.</Unicode>
                </TextEquiv>
            </TextLine>
            <TextLine id="r2l49" custom="readingOrder {index:48;}">
                <Coords points="2110,3855 2229,3873 2293,3849 2885,3846 2883,3802 2836,3793 2109,3819"/>
                <Baseline points="2120,3856 2157,3856 2195,3855 2233,3855 2271,3853 2309,3852 2346,3851 2384,3849 2422,3848 2460,3847 2498,3844 2535,3843 2573,3841 2611,3840 2649,3838 2687,3837 2724,3836 2762,3835 2800,3834 2838,3834 2876,3834"/>
                <TextEquiv>
                    <Unicode>Prospecte gnatis und fnanco.</Unicode>
                </TextEquiv>
            </TextLine>
            <TextEquiv>
                <Unicode>4.5. Abschiedssouper box 8/1
Telephon 12801.
Alex. Weigl’'s Unternehmen für Zeitungs-Ausschnitte
Ausschnitt
Nr. 39
„OBSERVER
4105
I. österr. behördl. conc. Bureau für Zeitungsberichte u. Personalnachrichten
Wien IX/1, Türkenstrasse 17.
Filiale in Budapest: „Figyelö“
Vertretungen in Berlin, Chicago, Genf, London, Newyork, Paris, Rom, Stockholm.
Ausschnitt aus:
Tessische Teitung (Pertin)
 7/L7707
„Schall ulld Nauch“ hat gestern abends seinem Programm
ein Paar neue Nummern eingefügt, die verschieden an Werth
auch eine entsprechend verschiedene Aufnahme fanden
Di
Grenze“ von Axel Steenbusch, eine Komödie aus
leben, in der der blaue Brief seine unheimlich
uichte eine sehr langathmige, eintönige Vorbereitu
wachen Pointe zu kommen; immerhin war der E
chlecht, wie er gespielt wurde. Als ein sehr viel gie
ind
erwies sich das parodistische Spiel „Bauernt
von
F. Kronegg, in der die oberbayerischen Volksschauspieler mit „dem
goldenen Gemüethl“ und dem ausgeprägten Geschäftssinn sel
kaunig mitgenommen werden. Die Damen Zinner und
owie Herr Haus Oberländer, nicht unwürdig
äter
#lichen Namens, brachten in die Darstellung sehr viel Münte
keit, während Herr Alfred Kühne als Heldenvater lange
lus.
nicht überzeugend genug parodirte. In Arthur Schnitzlers
schon auf vielen Bühnen gespieltem „Abschiedssouper“
eichnete sich wieder Fränkein Constanze Zinner, allerdings
uter Anwendung einiger Hausi Niese=Toue, durch über- den
nüthigen Humor aus, aber die Herren ließen von den
Grazie dieses liebenswürdigen Stückchens nicht den Hauch einer 1 die
Abnung verspüren. Am meisten ziehen immer noch die Zwischene gen¬
spiele von Serenissimus, der es schon zu einiger Popularität ge= ans")
bracht hat. Die Regie sollte gerade auf einer so kleinen Bühne tliche
gewisse Aeußerlichkeiten besser beobachten, die Kostü
, Bärte,
Mit¬
Perrücken erinnern an Vorstadttheater, die Kunst des Sch
und Maskemachens wird mit einiger Sorglosigkeit gehandhabt.
Prospecte gnatis und fnanco.</Unicode>
            </TextEquiv>
        </TextRegion>
    </Page>
</PcGts>
