3484 4320
435 204 1028 275 Abschiedssour
177 199 1676 314 4.5. Abechen##aper box 8/2
836 623 1720 797 Thronique Theatrale
1227 779 1501 872 —
814 845 1720 941 Mlle Charlotte Wiehe: La Main, souper Tackten,
883 910 1663 973 Colombise. — Abdions vomp#s, revuelte.
845 946 1713 1030 Mile Charlotte Wiehe est partie du Daue¬
804 996 1715 1070 mark, sa patrie, pour faire la conquête de
806 1051 1718 1117 Paris; et l’on deit recomn ie qu’elle y est
813 1091 1724 1155 presque parvenue, car dele g’ess asses vite
818 1134 1717 1200 taille ua place dans le #r#sale. Ausei, son
815 1177 1714 1251 ambition a grandi et maintenant, olle entre¬
815 1229 1718 1278 prend destournées. Malbe#rtusoment, elle est
818 1271 1728 1347 vonus à Genévo dans un menvais moment;
812 1313 1720 1368 elle n’a pu traiter avso # Shtätre, ou g’exéou¬
814 1358 1724 1425 tent d’importantes nodtl##tichn, ni avecle
816 1401 1642 1465 Korssal, dont le dirscheug ast en voyage.
856 1445 1720 1500 Force lui a donc ste de se contenter du
803 1484 1722 1553 Cisino de l’Espérsace, dent le salle est un
846 1580 2617 1653 peu exigus poun ien grandes visées de labien amusant dans le Souper d’adien, et vrai¬
1703 1631 2624 1686 ment dramatique dans Colombine: M. Tauf¬
848 1638 1231 1712 charmante artiste
884 1675 2615 1737 Les pièces qus Alie Churlotte Wiehe nous fenberger a joué avec esprit un röle de confi¬
832 1705 2625 1798 a fait connbitre s##t t##tes en un acte, ce quil dent, et avec entrain celui du baron Arle¬
1731 1768 2209 1829 quin, nouveau Mondor.
844 1768 1741 1824 ne constituc pas sc Asectacle fatigant, mais
1770 1797 2631 1865 Quent à Mile Charlotte Wiehe, nous
850 1822 1736 1876 qui aursit peut-öire vemblé un peu mince
1737 1851 2632 1908 avons dit toutes ses qualités de mimique,
847 1852 1325 1933 pour le Grand-Thtbire.
1731 1896 2614 1942 mais ce ne sont pas précisément celles qui
906 1887 1728 1944 Voici d’ebird ia Moin, pantomime intéres¬
1739 1938 2620 1994 conviennent à la comédie; en tant qu’actrice,
857 1943 1736 2003 sante dont le livret st la musiqus sont de M.
1748 1982 2627 2039 cette artiste accenlud trop son jeu, ce qui est
855 1989 1731 2038 Bérény. On se tronve chea Mile Vivette, une
858 2031 2629 2086 artiate de granie merque, qu’an cambrioleur! moins nécessaire lorsqu’on ala parole pour
866 2077 2643 2131 est enfrain de dévaliser. Mais Vivette rentrejexprimer sa pensée. II en résulte quelque
856 2124 1737 2172 et le voleur se bache. Elle est accompaguée
1738 2116 2624 2175 chose d’un peu mit presque enfantin dans
1748 2157 2627 2221 son interprétation. Nous trouvons bien que
852 2173 1740 2219 d’un baron qui est venu la reconduire dans
852 2195 2636 2255 T’espor qu’elie le garderait auprès d’elle; Milo Charlotte Wiehe est charmante dans ces
854 2250 2630 2302 mais Vivette l’éconduit impitoyablement. Ideux acter, mais elle n’est pas vraie. Oasent
862 2299 2636 2349 a beaa lui offrir des bijoux de prix, elle les Itrop que ces ouvrages ont été écritd pour eile,
855 2334 2624 2403 refase en loi montrant qu'elle en a de p’unlafin de meitre son talent original en valeur.
864 2389 2630 2437 beaux. Le baron, désolé, pert en oubliant Quant à son accent étranger, nous #immis de
1745 2426 2374 2485 cenx qui y trouvent du charme.
864 2421 1736 2495 volontairement von pardesaus #fin d’avoir un
1768 2440 2629 2520 A bdtons rompus est uns revue de cifs.
862 2457 1356 2549 prétexte pour rovenir.
912 2504 2641 2572 Restée seule, Vivette commence à se dé-Tconcert, dans laquelle deux personnages, tont
868 2556 2619 2603 vöur; elle retire sce nombreux bijonx et lesien causant, chantent Jés couplets sur les zu¬
868 2605 2633 2661 placo daus unc vide poche; puis elle endosse jets se présentant an cours dela conversation.
855 2642 2624 2708 un costume oriental et esqnissc un pas qu’elle: Dins la revuette qui nous occhpe il y a de
863 2697 2630 2744 accompagne de petites cymbiles. Er le cam-Ibent conplets, des médiocres et des pires.
857 2732 1066 2774 hrglann
1180 2732 2643 2787 ## perau #n g##te de cstte] Ges derniers, chintös le premier soir, furent
862 2762 1739 2822 scène ét il se promét bien de s’emparer des
1739 2765 2640 2828 ensuite aupprimés devant l’hostilité du pu¬
864 2813 1738 2871 colliers, bagues et bracelets de la belle. Qui,
1736 2809 2628 2880 blic. Or y parlait de la auppression des con¬
866 2855 1740 2919 mais comment faire? s’il se présente tont à
1741 2853 2629 2917 glégations, meis surtout des scburs de chari¬
865 2892 2625 2950 coup, elle peut fzire de ia résistance, crier, jte. IIy éteit dit que si T'on eupprimait les crá¬
859 2948 1733 3001 amenter les voisins. II faut la terrori#er abn
1741 2944 2640 3000 ches, ien pelites filles deviendraient tontes
856 2986 1726 3048 d’abattre za volonté. Et notre cambrioleur,
1737 2991 2629 3046 Jes g grucss et les gargons den assaseins.
851 3038 1735 3097 queique peu paychologue, passe une main
1736 3036 2630 3096 On ne discute pas de pareilles intanités.
861 3075 1738 3139 qu'il agite entre les rideaux. Vivette aper¬
1767 3073 2626 3131 Des coupiets qui ont piu beaucoupet qui fu¬
866 3136 1737 3180 goit cette main dans uns glace; mais, lors¬
1727 3129 2641 3176 frent bissés. parient de la viaite du président
869 3170 1633 3221 qu’elle se retourne la main a disparu.
1726 3152 2623 3232 Loubet au bay de Tunis; ga se chonte sur
892 3204 1743 3266 Ce jeu se répête plusieurs fois, et Vivet,
1738 3206 2634 3257 l’air des a Dindons , de la Mascotte: les
851 3246 1739 3308 affolée, tombs la face contre torre quand pa
1736 3248 2633 3315 dindoas font lonon, louon, louon! et les
858 3297 1739 3356 Feit le malandrin, un poiguard à la main.
1740 3293 2626 3363 moutons: bey. by, bey. et en résumé lou¬
862 3346 1734 3397 Iautile de dire qu'il profite do cette syncope
1744 3332 2627 3396 bey. C’est asttz amosant. ## #n joué et chanté
1737 3392 2565 3441 par Mlle Mary-Aubert et M. Tauffenberg.
853 3381 1745 3445 pour faire passer ies bijonx dans ses poches.
1774 3428 2631 3486 Chaque soir, le spestacle a commencé par
862 3430 1736 3479 Mais on entend un appel dens la rue, c’est le
857 3475 1741 3520 baron qui annonce sa présence; alors Vivetle
1743 3467 2629 3518 une p.éce da répertoire du Ceeino de l’Espé
851 3513 2631 3593 sort de zu torpeur, elle se relève et va ouvrir france, bien enievée par K. Volgrand. Mmes
857 3564 1734 3620 la porte, qu’elle avait fermée à clef. Le biron
1745 3561 2111 3621 Vierdet et Jentet.
2428 3557 2595 3620 C. P.
864 3600 1738 3658 entre, il volt la scène et, sortant son revol¬
860 3639 1750 3705 ver, il fait rendre gorge au cambrioleur, au¬
851 3680 1756 3754 agel it fest signe de decsmper, ce qu’il ne s#e
863 3729 1766 3788 fait pes dire deux fois. Vivette zerait bien
851 3777 1759 3840 angrate de ne pas bsuter au cou du biron, ce
852 3806 1758 3889 qu'elle fsit à la grande joie de celui-ci, qui,
848 3841 1756 3932 intérieurement, benit ie csmbrioleur. 186
846 3906 1754 3967 indirecte des tendresses de la jeune lmme.
897 3951 1757 4008 Cette jolie pantomime, accompsguée au
855 3983 1750 4053 piano par Tauteur, a été fort bien jonés par
855 4024 1754 4099 les trois artistes. Mlle Charlotte Wiche a un
849 4085 1741 4156 jen primé santier, très en debors, trés tx
852 4134 1738 4181 bresaif, et une physionomie des plus mobiles.
