3484 3936
739 506 1137 580 Telefon 12801.
730 565 784 625 —
449 586 1467 701 Unternehmen für Zeitungs-Ausschnitte.
1321 630 1509 719 Ausschnilt
603 695 1596 838 „OBSERVER“ N. 72
163 683 487 862 N 105
220 794 1675 887 I. österr. behördl. conc. Bureau für Zeitungsberichte u. Personalnachrichten
394 858 1500 979 Wien, IX/1. Türkenstrasse 17.
629 958 1287 1053 Filiale in Budapest: „Figyelé“ -
330 1036 1571 1137 Vertretungen in Berlin, Chicago, London, Newyork, Paris, Stockholm.
848 1121 1281 1254 Reichspost
251 1158 759 1268 Ausschnitt aus:
254 1297 636 1454 N5 1/797
493 1503 1488 1593 Theater, Kunst und Musik.
617 1575 1508 1654 Raimundtheater Mit der Aufführung von
1307 1633 1495 1693 Lum¬
465 1641 1259 1688 Ernst von Wolzogens Tragikomödie „D
469 1677 1507 1726 pengesindel" und Schnitzler's Lustspiel „Das
458 1732 1492 1783 Abschiedssouper Würde gestern das Ensemble¬
466 1764 1502 1817 Gastspiel von Mitgliedern des Deutschen
476 1807 1493 1866 Theaters in Berlin eröffnet. Die Tragikomödi“,
469 1847 1508 1907 die bisher auf den Wiener Bühnen noch nicht ausge¬
473 1894 1503 1957 führt worden ist, fand Dank der wirkungsvollen Dak¬
468 1929 1507 1993 stellung auch am Raimundiheater beifällige Aufnahme.
464 1988 1513 2039 Die Handlung ist eine sehr dürftige und nur im ersten
1250 2023 1498 2083 der Mar##
920 2023 1241 2083 Ein Ehepaar,
473 2025 907 2098 Acte etwas belebt.
906 2065 1512 2132 sein Eheglück durch die
473 2072 903 2132 Schriftsteller, sieht
464 2108 1510 2174 Tratschsucht einer Zimmervermietherin bebraht, die
474 2163 1502 2218 an die Vergangenheit der jungen Frau erinnert. Diese
466 2191 1505 2261 hat es nämlich aus Scham unterlassen, dem Gatten
474 2249 1512 2298 Mittheitung von ihrem vor Jechren begangenen Fehl¬
473 2289 1514 2340 tritt zu machen. Sie trifft nun nach Jahren in der
473 2330 1505 2394 eigenen Wohnung mit ihrem Verführer, in dem sie
465 2379 1512 2433 einen Freund ihres Gatten sieht, zusammen, befürchtet
471 2419 1519 2478 eine Entdeckung ihres Verhältnisses und verläßt nach
466 2464 1505 2510 langem inneren Kampfe das eigen: Heim, Zuflucht
472 2516 1516 2561 suchend in der Wohnung ihres Vaters. Mittlerweile
477 2554 1509 2615 erfährt der Gatte die volle Wahrheit, er sucht den
486 2599 1506 2674 Schwiegervater auf, um sich mit ihm auseinander¬
1471 2611 1669 2685 inclusive
272 2627 492 2714 Für 50 2
476 2638 1638 2728 zusetzen, und versöhnt sich dabei mit seiner Elsef Die Porto.
360 2688 463 2735 100
477 2710 738 2776 Darsteller
831 2717 898 2772 a
944 2714 1662 2761 „ Wolinge Dialset, his Zahlbar
353 2727 460 2776 200
910 2744 1690 2817 der aber wirklich eine derm Voraus.
478 2751 914 2814 auf rinen Eitgen,
363 2761 460 2810 500
315 2799 473 2870 „ 1000
477 2799 1725 2879 jämmerlichsten Gestalten diesee Bohemia=Gesellschafti#te ist das
409 2848 1733 2915 lm zu verkörpern hat. Dieser spricht den niederöner: gisshen gteht es den
294 2883 1586 2949 Abonneme Diglect. Sollte eine Absicht darin liegen, #int lern.
299 2946 1504 3008 Abonnent Probe Berliner Gemüthlichten sein? Die zweite Dar¬
478 2974 1500 3027 bietung des Abendes, das Schnitzlerische Machwerk, is
468 3007 1528 3088 in Wien nicht mahr neu. Die Gäste aus Berlin haben?
461 3054 1505 3117 gezeigt, daß sie Bühnengewaltige in ihren Reiben haben,
461 3103 1528 3163 und auch jene, welche nicht in ersten Rollen beschäftigt
459 3139 1268 3232 waren, verbienen die Censur: Lobenswert.
1840 -2 3263 82 1. österr. behördl. conc. Bureau für Zeitungsberichte u. Personalnschrichten
2020 64 3084 168 Wien, IX/1. Türkenstrasse 17.
2232 143 2883 239 Fillale In Budapest: „Flgyelé“
1927 223 3176 307 Vertretungen in Berlin, Chicago, London, Newyork, Paris, Stockholm.
1828 351 3001 451 Ausschnitt aus: Reichsweh (Wien)
1831 492 2205 618 vom 3/16)
2243 625 2838 731 Theaker und Kunst.
2043 704 3121 785 (Raimund=Theater.) Das Ensemblegastspiel von
1948 762 3122 826 Mitgliedern des Deutschen Theaters in Berlin
1957 806 3123 864 ist gestern unter zahlreicher Betheiligung des „literarischen
1954 854 3120 910 Wien“ eröffnet worden. Man gab Ernst v. Wolzogen's
1948 900 3124 980 wachtmeisterlich=psychologische Comödie „Das Lumpen¬
1957 963 3124 1031 gesinde!". Herr v. Wolzogen hat darin bekanntlich ganz
1959 1020 3120 1072 Erstaunliches an Rührseligkeit und falscher Empfindung geleistet.
1957 1042 3121 1128 Er docirt, wo er lügt, und lügt, wo er docirt. Wie fein
1942 1094 3110 1174 und siligran hat Murger seine Bohsmegestalten erschaffen,
1945 1151 3116 1210 wie derb und gymnasiustenhaft ist dieser deutsche Murger
1950 1197 3095 1260 gerathen! Im ersten, im zweiten, im dritten Act —
1960 1243 3112 1296 immer diese holdselige Rührthräne im deutschen Ange.
1952 1291 3111 1354 Ibsen's „Nora“ ist nach Krähwinkel versetzt. „Das Lumpen¬
1953 1345 3118 1407 gefindel“ oder die unverstandene Wachtmeisterstochter, oder
1949 1389 3113 1457 der hinausgeworfene Commerzienrath, oder „Tanichen
1956 1440 3110 1506 Rosmarin“ rediviva, das Alles wären gleich passende
1953 1494 3110 1536 Titel gewesen. Es gibt Bliemchenkaffee und gibt Bliemchen¬
1951 1526 3117 1604 literatur. Man kann Herrn v. Wolzogen den Vorwurf nicht
1955 1590 3119 1651 ersparen, daß er dieses Geure in die Moderne einge¬
1953 1637 3108 1682 schmnggelt hat. Hu — wie das nach kreuzbraven Proletariern
1946 1680 3111 1741 riecht, wie tiefe Probleme da aufsteigen, wenn Herr
1952 1724 3097 1795 Dr. Friedrich Kern und Herr Wilhelm Kern sich mit Nietzsche
1948 1775 3109 1845 und Schopenhauer an die Köpfe klopfen, wie problematisch
1839 1829 3210 1890 Für und hochdramatisch die Berliner des Herrn v. Wolzogen einher= suslve
1929 1874 3196 1938 Llaufen! Fräulein Elsa Polke, Tochter des Herrn Wachtmeisters scto.
3074 1911 3207 1958 filbar
1924 1939 3236 1997 zPolke, kam vor zweieinhalb Jahren auf einem Künstlerfeste Foraus.
1876 1956 3096 2033 " iczu Falle. Als sie Herrn Dr. Friedrich Kern zum Manne
1948 2011 3274 2072 nahm, verschwieg sie dieses Stückchen Vergangenheit. Und k ist das
1840 2042 3271 2121 Aton daraus macht Herr v. Wolzogen seine Tragicomödie. Ein ht es den
1855 2111 3114 2178 Abon bischen Socialdemokratie, ein bischen ehrlich=deutsch¬
1951 2151 2268 2217 sentimentales
2264 2156 2541 2225 Philisterthum
2579 2162 2685 2218 mit
2881 2165 3108 2228 Gehorsam
2735 2155 2876 2218 viel
2099 2193 2666 2270 langen Beinen läuft
2666 2208 2911 2270 dazwischen.
2957 2210 3108 2275 Bitte,
1945 2261 3109 2338 beacht n Sie dieses Scheusal von einem Commerzienrath, das
1948 2297 3096 2351 im ersten Act hinausgeworfen wird! Kommt herein, ent¬
1950 2337 3102 2421 wickelt seinen Plan, eine neue „deutsche christliche Zeitung“
1945 2389 3102 2466 zu gründen, und verspricht den Brüdern Kern ein bürgerliches
1952 2455 3103 2518 Auskommen. Hier entrüstet sich Herr v. Wolzogen und
1947 2489 3108 2571 marlirt einen moralischen Edelmenschen. Die Brüder Kern
1940 2539 3102 2593 verkaufen ihre Gesinnung nicht um sechstausend Mark. Rühr¬
1949 2596 3104 2647 thränen steigen auf, aber Herr v. Wolzogen vergißt, diesen
1944 2640 3101 2712 ehrenwerthen Brüdern überhaupt eine Gesinnung mitzugeben.
1938 2684 3116 2739 Sietrinken Bier, rauchen Pfeifen, beherbergen allerlei.
1946 2729 3096 2805 Gesindel wie den „Nationalökonomen“ Dippel, den Dichter
1940 2775 3115 2844 Faßmann, die Witwe Schwumbe und die zweifelhafte
1948 2827 2318 2884 Mieze Pickenbach,
2348 2834 3108 2890 sprechen ab und zu verwirrtes
1944 2869 3110 2959 Fünfte=Curien=Deutsch und bemühen sich, auf möglichst lang¬
1944 2912 3113 2987 weilig zu zeigen, wie vortrefflich es ist, we man ehrlich
1932 2969 3109 3046 bleibt. Wir danken für diese Bebelei, für diese ranzigen
1940 3009 3101 3077 Biedermänner, welche eine unverstandene Frau aus dem
1945 3067 3100 3139 Hause treiben, wir wissen, daß derlei Sudermann¬
1938 3114 3095 3189 Freytag'sches Dramengelichter ganz gut in einem Land¬
1942 3162 3108 3239 strich gedeiht, wo David Strauß einst die gesammte deutsche
1930 3220 3102 3284 Aufklärung compromittirt hat, wir kennen diese ausgewachsenen
1947 3257 3104 3331 Candidaten der Philosophie, von denen die Münchener
1955 3312 3102 3383 „Fliegenden“ ihren zahnlosen Humor beziehen, diese biederen
1944 3358 3095 3422 Moralphilister in Bratenröcken, die sich in allen braven
1939 3405 3105 3464 deutschen Familienromanen herumtreiben. Sie sterben nicht
1942 3456 3097 3507 aus, gewiß, aber sie sind schon lange gestorben. Es
1937 3498 3103 3568 ist nicht recht einzusehen, was unsere Berliner Gäste
1941 3553 3103 3619 veranlaßte, zu dieser weinerlich=lächerlichen Comödie,
1927 3593 3094 3658 die ihr Dasein kümmerlich auf den Ruinen deutscher Gelehrten¬
1931 3649 3098 3691 republiken fristet, zu greisen. Herr Woldemar Runge, der
1926 3685 3101 3765 die Regie vortrefflich leitet, erschien vor der Rampe und
1935 3741 3094 3795 dankte im Namen des Autors, den er telegraphisch von
1941 3791 3087 3837 seinem Erfolge zu verständigen versprach. Gewiß, es war
