3436 4192
1614 2819 1688 2897 1r
520 80 1221 156 Abschiedssouper
1333 79 1765 177 bos 8/1
259 90 1318 194 4.5 A
922 481 1265 537 Telefon 12801.
608 575 1535 667 Wernehmen für Zeitungs-Ausschnitte.
1622 580 1823 662 Ausschnl't
1550 654 1670 751 Nr.
740 646 1401 768 „OBSERVER“
2333 700 2671 767 Telefon 12801.
363 735 1715 813 I. österr. behördl. concess. Bureau für Zeitungsberichte und Personalnachri
1780 794 1899 861 ——
2054 782 2949 887 Unernehmen für Zeitungs-Ausschnitte.
1885 756 1980 892 1
3025 811 3221 904 Ausschnitt
667 820 1510 920 Wien, IX/1 Türkenstrasse 17.
581 902 1583 982 Filiale in Budapest: „Figyelö“, VIII. Jocefsring 31a. —
2948 891 3231 1001 Nr. 56
2148 861 2815 998 „OBSERVER“
1773 994 3213 1062 I. österr. behördl. concess. Bureau für Zeitungsberichte und Personalnachrichten
358 1035 837 1133 Ausschnitt aus:
2067 1045 2917 1138 Wien, IX/1 Türkenstrasse 17.
838 1106 1536 1208 Ostdeutsche Rundschau
1996 1130 2984 1222 — Filiale in Budapest: „Figyelö“, VIII. Josefsring 31a.—
371 1135 828 1288 vom 7//. 93.
2315 1236 3007 1340 Reichswehr (Wien)
1766 1256 2249 1348 Ausschnitt aus:
655 1312 1571 1451 Kunst und Wssenschaft.
1765 1376 2230 1488 vom 73/11.0#.
667 1437 1650 1500 Raimundtheater. Im Zeichen Hermann Bahr's
594 1477 1639 1554 und Arthur Schnitzler's setzte gestern Adele Sand¬
595 1523 1649 1592 rock ihr Protest= und Abschiedsgastspiel fort. Das war
1946 1521 3055 1610 —(Rain und=Theater.) Der Litekaturapostel
581 1554 1644 1645 keine geringe Sensation. Alles, was mit dem Theater
1862 1560 3047 1656 (Hermann Bahr, dem keine Schule zu neu und kein Jünger
586 1616 1642 1681 Fühlung hat oder haben möchte, war gestern auf den
1868 1644 3040 1701 zu jung ist, hat heute dem Publicum eine ganz merkwürdige
580 1651 1639 1722 Beinen nach dem Raimundtheater. Mitleidig lächelnd
1876 1688 3041 1739 Ueberraschung bereitet. Er kam spanisch und in antiquirter
575 1708 1641 1764 mochte wohl Ferdinand Raimund auf das kleine Geschlecht
1882 1726 3047 1787 Form. Seine „Juana“ ist nach dem bewährten Recepte
568 1746 1643 1804 herabgeblickt haben, das da in nervöser Wichtigthuerei
581 1775 1630 1841 sich für oder gegen Herrn Bahr ereiferte. Sein Schau¬
1866 1783 3049 1856 renommirter literarischer Kochbücher gemacht. Es lautet: Man
575 1821 1641 1886 spiel „Juano“, das gestern zum erstenmale ausgeführt
1871 1820 3043 1891 nehme einen alten vertrauenswürdigen General, gebe dazu
578 1874 1637 1927 wurde, hat mit der Kunst wahrhaftig nichts zu thun.
1879 1874 3035 1932 eine lebensdurstige Generalin und menge sie mit einem hübschen
575 1918 1635 1964 Offenkundiger als hier war blankeste Effekthascherei selbst
1872 1918 3048 1993 Lieutenant, würze die gährende Masse mit einem unver¬
570 1945 1637 2019 von Sardou niemals betrieben worden, der doch
1874 1981 3038 2039 dorbenen Mädchen und zuckere sie mit einem salbungsvollen
576 1990 1644 2067 schon von allen Literaturjüngels als Taschenspieler mit
1876 2023 3045 2086 Abbé. Rührt man den Teig drei Acte lang, so gibt das ein
575 2032 1637 2108 Recht bemitleidet wird. Der Mann, der zwischen zwei
1881 2073 3039 2131 genießbares Ehebruchstortelett. Es ist Fabricat aus der
576 2086 1627 2136 Weibsbildern hin= und herpendelt, das ist auch das
1884 2128 3037 2183 französischen Küche und wenn Hermann Bahr ein fils von Dumas
571 2126 1635 2187 Theama in „Juana“. Eine „Fiakeridee“ nannte Grill¬
559 2164 1636 2245 parzer scherzhaft dieses Theama, als von feiner
1877 2174 3034 2234 fils wäre, so ließe sich nichts einwenden, aber er, der Ewig=Krittelnde,
565 2193 1633 2275 Sappho“ die Rede war. Herr Bahr übersetzte
1889 2214 3045 2293 sollte sorgsamer sein in der Wahl dramatischer Ingredienzien.
561 2237 1638 2311 diese „Fiakeridee“ nach dem Vorbilde Sardou'scher Mache
1874 2266 3036 2331 Wenn das Stück dennoch lauten Beifall fand und wenn der
571 2297 1629 2362 einfach in's Spanische und will nun glauben machen, er
1868 2304 3037 2376 Antor wiederholt erscheinen konnte, so war dies vornehmlich auf
567 2331 1628 2404 hätte damit wirklich irgend wem Anderen auch noch ge¬
1880 2367 3037 2423 die geistvollen Bizarrerien zurückzuführen, die ab und zu im
571 2369 1606 2431 dient, als dem Rollenbedürfnisse einer auf's „Dämonische“
1874 2411 3030 2466 Dialog aufblitzten. Die Inuna wurde von der gastirenden
559 2423 1626 2478 versessenen Tragödin. Sappho heißt hier „Juana“ und
1875 2454 3033 2514 Sandrock gespielt. Sie war feurig, ohne zu erwärmen.
575 2456 1627 2529 ist natürlich verheiratet, sonst gäbe es keinen Ehebruch.
1867 2493 2136 2569 Die Rolle
573 2502 1621 2573 Ohne Ehebruch kein modernes Stück! Melitta heißt
2132 2505 2369 2564 ist zu
2373 2511 3036 2574 widerwärtig, das Sentimen¬
573 2559 1623 2617 „Angela“ und ist die Nichte Juana's, damit der tragische
372 2551 476 2618 Für
1871 2546 2825 2604 talische zu unnatürlich, um Mitgefühl zu
2827 2560 3045 2624 erwecken.
474 2602 1625 2646 100 Konflikt in der Familie bleibt, Phaon avancirt zum
1880 2604 3037 2658 Herr Burg gab den unglückseligen Lieutenant, der sich
470 2632 1619 2693 200 spanischen Lieutenant, und weil die Sache doch ein wenig
1867 2642 3039 2717 schließlich auf Befehl des Ehepaares und vorgesetzten Generals
467 2673 563 2723 500
569 2676 1619 2737 komplizirter erscheinen soll, als sie in der That ist, hat
1873 2700 3041 2776 erschießen muß. Er starb als Soldat und brav. Von der
447 2712 1625 2784 1000 sein Vater einmal das Leben des spanischen Hahnreih
1881 2750 3036 2813 Schläfe rieselte ihm ein Blutbächlein auf die Wange. Herr
499 2756 566 2817 In
570 2762 1629 2831 gerettet. Natürlich will sich die Tante durch die Nichte
396 2787 570 2856 Abonnen
1858 2769 3171 2876 [Raeder war ein wackerer General. Hätten die Spanier im selusive
570 2808 1617 2871 nicht ausstechen lassen. Dazu ist sie viel zu dämonisch.
3027 2851 3134 2887 orto.
572 2848 1620 2907 So rächt sie sich denn, indem sie ihrem Manne den
1855 2837 3020 2907 enbanischen Feldzuge nur Viele von dem Schlage gehabt!
3028 2867 3153 2916 ahlbar
563 2884 1627 2955 Ehebruch verräth. Mit der Pistole in der Hand scheidet
3025 2904 3182 2964 Voraus
1872 2895 3029 2943 Fräulein Krauß ist eine holde Unzulänglichkeit. — Fräulein
552 2926 1616 2988 der Lieutenant aus dem Land, wo man zu Castagnetten
1870 2942 3030 3000 Sandrock und Herrn Burg begegneten wir auch in dem
552 2961 1625 3021 Seguedilla tanzt. Ein symbolisches Gewitter à la
3038 2950 3198 3032 ist das
1872 2982 3205 3054 darauffolgenden Einacter „Abschiedson den
553 3001 818 3068 Maeterlinck
811 3004 1630 3093 begleitet die Katastrophe der faden¬
1875 3035 3103 3112 Arthur Schnitzler. Das Stuckchen, eine geschmackvolle frn.
557 3048 1116 3117 scheinigen Ehebruchskomödie.
1138 3061 1261 3113 Das
1361 3069 1625 3124 aber auch
1862 3079 3023 3145 Laubsägearbeit, ist von einer Wohlthätigkeits=Alademie her in
558 3087 1604 3165 Alles, womit Hermann Bahr die „Moderne“
1861 3132 3030 3184 Erinnerung. Damals, im Ballsaale, verpufften beim unge¬
550 3155 1623 3209 markirt. Gerade das, was er stets zu verlangen
1868 3183 3037 3264 duldigen Sesselrücken einer tanzhungrigen Mädchenschaar die
551 3195 1622 3264 pflegt, fehlt: die „persönliche Note“, und in der That,
555 3233 1614 3297 Sittenberg hat Recht, wenn er von Bahr sagt,
1871 3226 3033 3297 intimen Wirkungen. Heute wurde jedes Detail verstanden und
554 3274 1618 3340 „daß es sein größtes und vielleicht einziges Talent ist,
1869 3276 3033 3340 belacht. „Abschiedssouper“ ist vielleicht die liebenswürdigste
537 3313 1621 3361 den Schein eines Talents zu erwecken“. Fräulein Sand¬
1871 3331 3038 3389 aller Anatollheiter, lustig und trotz mancher waghalsigen
544 3348 1625 3424 rock war als Juana in ihrem Elemente: Ganz
1858 3370 3050 3439 Wendung nicht verletzend. Gespielt wurde mit dem erforderlichen
541 3411 1623 3468 Dämon. Man merkte ihr an, wie wohl es ihr that, sich
1834 3427 2343 3500 eChampagner=Uebermuth.
2877 3427 3000 3480 t2.
539 3449 1613 3490 wieder einmal ordentlich austragiren zu können. Weniger
549 3482 1613 3527 zu Hause war sie beim „Abschiedssouper“
538 3514 1022 3585 von Schnitzler.
1019 3526 1610 3589 Das süße Wiener Mädel
1235 3573 1298 3626 ie
548 3563 1155 3624 hätte sie doch lieber der
1388 3572 1623 3641 überlassen
552 3613 1612 3663 sollen. Mau muß nicht Alles spielen wollen, nur weil
543 3657 1617 3725 man Sandrock heißt. Die Niese hatte in diesem
541 3692 1621 3760 Planderstücklein durch ihren breiten Wiener Humor in
549 3734 1613 3796 Berlin Aufsehen erregt. Bei der Sandrock aber be¬
540 3770 1615 3845 klaschte man gestern nur das Ungewohnte, wie seinerzeit
540 3811 1601 3884 bei Ronacher, als Lewinsky und Sonnenthal
545 3871 1610 3947 zu wohlthätigen Zwecken sich in Guschelbauer'schen
540 3897 1118 3986 „Drahrer“=Scherzen ergingen.
1396 3913 1603 3984 Th. A.
