3436 4256
296 236 1215 341 4.5. Abschiedssoupe
1153 240 1792 341 box 8/1
646 291 847 350 — — a1 A
901 975 1235 1042 Telefon 12801.
607 1081 1559 1153 Unternehmen für Zeitungs-Ausschnitte.
402 1138 1630 1271 10 5 „OBSERVER“ Nr.
363 1261 1687 1324 I. österr. behördl. concess. Bureau für Zeitungsberichte und Personalnacht
631 1318 1509 1422 Wien, IX/, Türkenstrasse 17.
578 1395 1556 1477 — Filiale in Budapest: „Figyelö“, VIII. Josefsring 31a. —
335 1569 1570 1682 Ausschnitt aus: gordeinscnt Aud meise 2
343 1687 617 1773 vom 2 J.
641 1731 851 1822 11·4*
397 1839 1618 1932 —Nach „Juana“ gelangte Arthur Schnitzlers Einakter
394 1909 1621 1981 „Abschiedssouper“ zur Darstellung. Die lustige Planderei
391 1963 1621 2009 gefiel sehr. Frl. Sandrock als Annie bildete mit Herrn
405 1999 1621 2061 Burg als Anatol und Herrn Jensen als Max ein präch¬
402 2055 1626 2100 tiges Kleeblatt. Die Zusammenstellung des blutigen
414 2082 1619 2136 Schauerdramas und der lustigen Szene aus Schnitzlers
404 2121 1629 2189 „Anatol“ mag überraschen. Etwas Gemeinsames haben
406 2174 1621 2244 sie: beide sind Skizzen, aber die eine nach dem Leben, die
394 2215 1620 2279 andere nach den zahllosen Ehebruchdramen. Es sollte mich
400 2255 1631 2335 nicht wundern, wenn Literarhistoriker eines künftigen Jahr¬
403 2292 1623 2364 hunderts „Juana“ ausgraben und finden sollten, Bahr habe
408 2345 1620 2405 damit die Ehebruchdramen verspotten, eine Parodie auf die¬
404 2399 1621 2459 selben schreiben wollen, wie man es Hauff in Bezug auf
416 2430 1624 2502 den Claurenschen Roman mit seinem „Mann im Monde“
415 2491 680 2565 nachsagte.
730 2961 1420 3049 Bezugs-Bedingungen.
1390 3023 1565 3093 fl. 7.50
364 3039 1312 3109 Für 50 Zeitungsausschnitte (Artikel oder Notizen)
1586 3055 1730 3119 inclusi
1424 3078 1552 3141 14.—
449 3095 545 3139 100
1598 3107 1729 3145 Porté
1427 3119 1552 3164 25.—
1602 3136 1728 3174 Zahlb
445 3129 549 3177 200
1579 3158 1725 3221 im Vor
449 3167 544 3216 500
1401 3145 1588 3255 10—
396 3205 560 3277 „ 1000
486 3204 1718 3291 Im Gegensatze zu anderen Bureaux für Zeitungsausschnitze ist
364 3278 1735 3343 Abonnement durch keine bestimmte Zeitdauer begrenzt; — auch steht es
370 3315 1716 3387 Abonnenten frei die aufgegebenen Theinen zu ergänzen oder zu ändern.
2344 959 2678 1059 Telefon 12801.
2025 1066 2970 1162 „Unternehmen für Zeitungs-Ausschnitte.
3022 1073 3246 1148 Ausschnitt
1880 1120 2082 1221 100
2153 1142 3254 1266 „OBSERVER“ Nr. 92
1801 1226 3254 1322 I. österr. behördl. concess. Bureau für Zeitungsberichte und Personalnachrichten
2085 1319 2949 1418 Wien, IX/1 Türkenstrasse 17.
2038 1394 2982 1481 Filiale in Budapest: „Figyelö“, VIII. Josefsring 31 a.
1783 1534 2258 1640 Ausschnitt aus:
2300 1605 2977 1710 Neues Pester Journal
1800 1642 2269 1775 vom 2 3/1. 91.
2103 1774 3050 1857 An demselben Abend, an dem Bahr's Tragödie
1985 1847 3025 1903 so fröhlich wirkte, hatte das Premièrenpublikum des
3017 1843 3057 1903 45
1986 1894 3035 1946 Raimund=Theaiers auch Gelegenheit, einen reizenden
1983 1929 3021 1985 Einakter von Arthur Schnitzler: „Abschiedssouper“
1978 1953 3036 2031 kennen zu lernen.—Dieses=Stüekchen= gehört unter
1989 2011 3038 2078 jene Serie von Einaktern, die der Dichter im Jahre
2009 2065 3041 2106 1893 unter dem Gesammttitel „Anatol“ veröffentlicht
1992 2107 3039 2169 hat. Das Buch blieb unbeachtet, bis Schnitzler's
1988 2143 3026 2210 spätere dramatische Erfolge die Aufmerksamkeit darauf
1993 2186 3029 2248 lenkten. Der allen diesen Einaktern gemeinsame
1992 2223 3025 2298 Held Anatol ist ein etwas melancholisch angehauchter
1999 2276 3028 2339 junger Lebemann, der immer „liebelt“, da ihm die
1997 2314 3021 2374 Kraft zu einer großen Leidenschaft fehlt. Im „Ab¬
2006 2364 3042 2427 schiedssouper“ wird er uns in einer stark gedrückten
1998 2412 3059 2487 Stimmung vorgeführt. Er möchte nämlich die Balle=,
1998 2444 3038 2544 eine Annie, mit der er einige Zeit gelebt, ohne ihr
1989 2522 3059 2587 weh zu thun, von sich abschütteln, da er einen
2002 2553 3022 2624 „nenen, einzigen“ Mädchentynns entdeckt hat, der
1992 2595 3037 2664 sein Herz in Wallung gebracht. Dieses Mädchen ist
1996 2635 3034 2707 aus ganz andelem Holze als die Ballerine geschnitzt. Es
1988 2693 3042 2745 eeinnert ihn an einen gelengenan Wieger Walzer senti¬
2364 2731 3043 2799 sche###sholkhafte Wehmuth, das ist
1993 2735 2370 2796 nentale Heiterten
1984 2770 2995 2829 ##e ihr Wesen Miit anderen Mforten: es ist dun de¬
1981 2818 3021 2877 rühmte soße Wiener Model, mit dem er sich „ver¬
2010 2864 2959 2927 handeln“ mochte Aber vorher muß er n###ch
2020 2916 2943 2965 der Andern brechen. Das wird schwer geßen.
1997 2944 3041 3012 fürchtet, die Arme wird sich den Abschied allzu sehr
1992 3001 2956 3048 zu Herzen nehmen. Aber es kommi anders, als
1806 3010 3035 3119 Für 50; gebacht. Auste w#####. nicht, sammert nicht. Sie hat
2018 3050 3209 3128 gämlich #eiiis Erjah gesunden. Früher schon. Egi inclusive
3039 3105 3196 3145 Porto.
1892 3104 2016 3163 100
2003 3111 3208 3172 stein Kellene vom üher. Sin theilt dies ehrlich Zahlbar
1893 3140 2007 3192 200
3032 3159 3209 3224 im Volas
1899 3156 3025 3215 500 ihrem Geliebien wist und nun gerathen Beide hier
1839 3221 3028 3286 1000 durch in einen köstlichen Streit. Das Auseinander¬
3016 3204 3238 3304 ite ist
1939 3247 3006 3301 lu zehen findet schligßlich gatt, wobei Annio noch zu
3026 3273 3221 3333 teht
1820 3296 3167 3373 Abonnem guterlett wit A#gtol's Aigarretten sich verprovienistt, Iidern.
1821 3346 3026 3406 Abonnen die sie dem „Anderen“ bringt. Es ist, wie man sieht,
2005 3381 3037 3431 eine r#ht frivole Geschichte, aber es jst soviel Geist
2005 3415 3036 3485 varin, söviel Beobachtung, soviel überlegene Welt¬
1995 3453 3072 3541 weishen, daß das sittlic Austößige hiedurch sehr ge
2037 3506 2374 3579 Bildert erscheint.
