3436 4320
1094 302 1175 358 e
254 285 1088 355 4.5. Abschiedssou
498 306 1336 401 EEET
1342 290 1732 379 box 8/2
2402 219 2817 280 Telephon 12801.
2003 306 3203 368 Alex. Weigl's Unternehmen für Zeitungs-Ausschnitte
2978 357 3206 428 Ausschnitt
2766 383 2931 451 De
2214 400 2903 505 „OBSEN VLN
3029 417 3274 510 Nr. 84
1866 494 3308 572 I. österr. behördl. conc. Bureau für Zeitungsberichte u. Personalnachrichten
2086 553 3089 628 Wien, IX/1, Türkenstrasse 17.
2083 611 2906 678 Filiale in Budapest: „Figyelö“-
1876 688 3292 750 Vertretungen in Berlin, Chicago, Genf, London, Newyork, Paris, Rom, Stockholm.
1870 818 2370 895 Ausschnitt aus:
2351 824 3055 968 La Patrig, Paris
2051 926 2366 1035 4H1—4605
1870 960 2109 1040 vom:
2453 1251 2682 1314 GTE RANMR
2158 1299 3009 1417 La Vie Théatrale
2416 1428 2775 1516 PREMIERES
2155 1492 3027 1572 Nouvnau-Tußarne (Gerele des Escholiers). —
2158 1554 3035 1616 Lelläre, un acte, en vers, de M. Clande Roland.
2217 1600 3021 1634 — La Frousse, comédie en un acte de M.
2170 1612 3033 1684 Schnitzler, adaptée par M. Vaucaire. — La
2185 1662 3038 1719 Duchesse Puliphar, fantaisie en deux actos,
2190 1690 2723 1746 en vers, de M. Louis Artus.
1853 1713 3000 1812 Für 50 Zeitml Après de multiples atermoiements, 1
3060 1742 3256 1806 inclusive
1966 1746 2078 1809 100
2149 1780 3033 1844 Cercle des Escholiers nous a enfin donné
3078 1794 3243 1842 Porto.
1974 1794 2087 1842 200
2151 1822 3024 1877 hier soir son nouveau spéctacle, — moins
3056 1831 3250 1881 Zahlbar
1967 1835 2074 1881 500
2150 1860 3027 1921 cependant la piéce de M. Sorel. Ce spectacle
3032 1868 3276 1934 im Voraus.
1942 1870 2080 1926 1000
2152 1890 3025 1967 se compose de deux pièces en vers et d’uno
1976 1916 2483 1990 Im Geg pièce en prese.
3013 1929 3302 1987 mitte ist das
1859 1951 2178 2011 Abonnement di
2174 1976 3296 2027 Lapiéce en proseestune spirituelle comé-1 stcht es den
1862 2013 3175 2089 Abonnenten fre die qui contient uneidée amusante, mais insuf- ändern.
2147 2051 3034 2120 lisamment développée. Un Monsieur, sur les
1972 2082 3297 2147 Der „Ol conseils d’un ami, endort sa maitresse pour mthaltend die
1858 2123 3290 2189 Inhaltsangabel la questionner et lui demander si elle lui gr Morgen¬
1867 2162 3286 2231 blätter (Ta été ou non fidele; or, la jeune femme ung mer Zeitung“)
1867 2219 3301 2280 wodurch eine fois endormie, il a la frousse, mais ung irthschaftliche
1852 2244 3289 2323 Leben des Int frousse terrible, de lui voir dire la vérité. d. Diese Mit¬
1859 2295 3028 2350 theilungen wen Cette pièce a été jouén avec beaucoup de
2138 2323 3034 2393 charme par Mlle Viviane Lavergne“ et avec
2143 2363 3051 2441 une savoureuse et fineironie par M. Berthez.
2137 2401 2772 2474 M. A. Royer Fest aussi parfatt.
2178 2442 2606 2505 Passons aux poétes.
2175 2500 3043 2551 L’une des pièces, la première, est unc dé¬
2128 2537 3050 2591 licieuse fantaisic de M. Claude Roland: Le#
2133 2559 3045 2634 Rére. Je n’ensai malheurensement entendu
2132 2615 3038 2674 que la lin et il ne m’est pas ainsi permis de la
2133 2650 3038 2717 juger, mais ce que je puis dire, c’est que les
2139 2684 3032 2746 quelques vers que j’en ai applaudis, — qui
2138 2728 3037 2783 etaient dits, gentiment, par Mlle Sandra For¬
2136 2760 3045 2822 tier, et lus, remarquablement, par M. Heuri
2140 2802 3040 2866 Monteux, sont d’un élégant et délicat podte.
2166 2841 3029 2910 Le morceau de résistance de la soirée était
2128 2880 3037 2949 La Duchesse Putiphar, farce romanlique, en
2126 2923 2963 2984 deux actes et en vers, de M. Louis Artus.
2169 2974 3035 3026 Cette piéce, qui avait été déja jonée au
2137 3000 3038 3078 Théätre d’Application en 1892, est un petit
2149 3030 2904 3118 bijon d’esprit et de rimes étincelantes.
2239 3092 2798 3150 Passez à l’auteur ses tocades!
2241 3137 2878 3189 C’est au beau temps des estocades
2236 3171 2850 3222 Qulil a fait monvoir ses pantins!
2237 3203 2809 3267 Gest sur la terre des alcades,
2235 3235 2764 3283 Des toreros, des cavaleades
2228 3266 2808 3332 Et des longs oremuslatins!
2170 3313 3032 3375 On voit la manière banvillesque du poête,
2137 3359 3031 3425 qui n’avait pas besoin de s’exeuser (nous y
2137 3405 3027 3461 avons heureusement gagné un délicieux pro¬
2127 3437 3040 3498 logue): car sa pièce, fört bien menée, malgré
2133 3486 3026 3543 sa fantaisie, est intéressante d’un bout à
2141 3514 3028 3574 T’autre. La reprise d’hier ne nous a fait re¬
2140 3558 3036 3610 gretter qu'une chose, c’est que M. Louis
2134 3585 3032 3652 Artus n'ait pas récidivé en nous donnant le
2139 3630 3032 3703 pendant de cette amusante et truculente
2138 3666 2302 3717 farce.
2168 3699 3026 3760 Mmes Marguerite Ugalde, Cécile Caron,
2135 3756 3030 3806 Sandra-Fortier, et MM. Carpentier et Ponte¬
2137 3782 3028 3845 carvo n’ont peut-étre pas aussi bien joué que
2140 3829 3028 3886 l’auraient fait des artistes de la Comédie¬
2133 3857 3032 3921 Française l’cuvre légère et si joliment folle
2134 3908 3037 3978 de M. Artus, mais ils méritent cependank
2137 3937 3017 4013 d’étre loués, parce qu'ils jouèrent par amout
2145 3977 2350 4034 de l’Art!
2471 4006 2993 4088 HENRY DE GORSSE.
