3436 4192
254 78 1199 162 4.5. Abschiedssoupen
1365 79 1766 167 box 8/1
526 94 1373 181 ARE E ERRA SHÖS EAP  P
730 757 1460 828 der amtlichen Erhebungen stutzen werve.
2216 756 2352 819 geieg
1703 751 2177 822 Guomel Seip. 110
758 803 2432 860 Eine einheitliche Regelung der Ladenschlußstunde mußl aus anderen Gründen sehr verwickelt.
788 838 2445 894 nsich und im Interesse der Angestellten durchaus liche und geheimnißvolle Geschichte di
736 878 2554 938 wünschenswerth erscheinen, das kann nur socialpolitischer[ Gelder. Beim Erdbeben von 1894, das u
720 915 2471 967 Unverstand oder engherziger Egoismus bestreiten. Anderer=Calabriens und Apuliens verwüstete,
2454 931 2577 1015 S
764 1014 2618 1058 = Schanspielhaus. Man mag über die Novität Auf der einen Seite der Mann — entwa
1751 1042 2655 1097 niedergeschmettert von der kecken Ironie des Weib¬
723 1040 1750 1103 des vorgestrigen Abends denken, wie man will: ein
1752 1080 2728 1130 der anderen die Frau — überlegen und stolz im Ben¬
728 1084 1736 1139 „starkes Stück“ ist die Comödie jeden Falls, mit welcher
1742 1118 2769 1172 sein ihrer sieghaften Schönheit. Noch hat sich Clara nicht.
726 1126 1738 1180 sich Roberto Bracco bei dem Frankfurter Publikum
1745 1154 2777 1216 vergeben, wenn das frivole Spiel mit der ihr drohenden
725 1169 1731 1215 als Dramatiker einführte. Und daß dieser neueste Ver¬
1744 1194 2782 1250 Gefahr nicht schon ein Vergeben, ein Verleugnen der weib¬
732 1209 1736 1260 treter der jungen italienischen Literatur trotz dieser etwas
1747 1239 2778 1296 lichen Würde bedeutet. Da, in dem Augenblicke höchster
728 1243 1734 1293 anrüchigen „Stärke,“ trotz der kecken Wahl des Stoffes,
1752 1282 2774 1331 seelischer Erregung, als die animalischen Instinkte in
738 1287 1747 1330 trotz der Gewagtheit der Situationen und einer ungenirten
1748 1321 2780 1375 Riccardi über die Vernunft das Uebergewicht gewinnen
725 1325 1733 1371 Deutlichkeit der Sprache über die schüchternen Einwände
1750 1359 2777 1403 und die brutale Gewalt in Action zu treten droht, meldet
727 1366 1746 1415 eines philiströsen Empfindens den Sieg davon getragen,
1742 1395 2777 1457 der Diener den Grafen, der, nachdem er abgewiesen, arg¬
733 1404 1744 1445 das macht ihn vor unseren Augen erst recht zum Dichter,
1740 1434 2779 1483 wöhnisch den Eingang zur Wohnung bewacht. Vergeblich
722 1444 1743 1498 zum graziösen Vertreter jener Lebensphilosophie, die das
1745 1476 2782 1527 macht Riccardi den Versuch, Frau Clara zur Flucht durch
721 1485 1740 1532 „tout comprendre c’est tout pardonner“ zum Wahr¬
1752 1511 2779 1568 einen zweiten Ausgang zu bewegen, eine Möglichkeit der
735 1513 1749 1571 spruch erhoben. Gewiß — auch Roberto Bracco mit
1751 1546 2778 1605 Rettung, die er dem bedrängten Weibe für eine ihm be¬
736 1555 1745 1603 seiner dreigetigen Comödie „Untreu“ ist ein Dramatiker
2342 1590 2770 1646 es auch nur ein
733 1585 2238 1637 der Décadence, des künstlerischen wie des sittlichen Verfalles,wiesene Gunstbezeugung —
1917 1621 2685 1676 offen halten will. Erst jetzt besinnt
2670 1620 2771 1684 sich
745 1632 1851 1677 so gut wie jene schriftstellernden Boulevardiers an der Kuß
1742 1665 2707 1719 Madame auf das natürliche Gebot der Pflicht:
745 1671 1749 1725 Seine, deren mit Eleganz gepaarte Frivolitäten für
2664 1693 2772 1758 den
2571 1708 2674 1754 für
1742 1700 2581 1763 selbst ruft den Gatten, der seltsamerweise
812 1708 1746 1772 eine vorbildliche Bedeutung gewonnen haben.
1745 1734 2767 1793 sauberen Riccardi auch jetzt noch nicht die verdiente Be¬
735 1725 984 1801 Aber seine
998 1741 1743 1800 auf einem morschen und unhaltbaren
1747 1776 2776 1838 handlungsweise findet, und verläßt am Arm des Grafen
748 1791 1757 1837 Boden würzelnde Kunst arbeitet mit einer technischen
1754 1824 2765 1869 den ihr nur allzu gefährlich gewordenen Boden. Der
978 1828 1744 1874 sie gebietet über eine Anmuth der Form
756 1827 990 1883 Gewondtheit,
1754 1861 2773 1909 dritte Act spielt zwei Monate später. Der Graf hat die
855 1869 1735 1923 # Liebenswürdigkeit des Ausdruckes, daß sich über
1756 1897 2777 1952 Gräfin nicht erschossen, wie er im ersten Augenblicke
666 1905 854 1961 10 diesen
966 1905 1739 1951 #chandhabten Aeußerlichkeiten der Mache die
1747 1927 2779 1996 gedroht; die Gräfin hat dem Grafen nicht die Treue
652 1923 901 1999 is. Verwerst
1071 1943 1739 1992 Vorwurfes und der ungesunde Charakter
1744 1978 2776 2027 gebrochen, wie sie seiner Zeit angesichts der ersten Ver¬
1171 1987 1742 2027 eise vergessen lassen. Man höre.
735 1981 939 2036 der Hand##
1749 2009 2776 2066 dachtsäußerung zu thun versprochen, und Herr Riccardi
733 2021 1005 2073 Gräfin Clard,
1186 2016 1742 2080 Gattin des Grafen Silvio San¬
1748 2059 2770 2109 geht noch immer im Hause Sangiorgi ein und aus, als
725 2060 1035 2114 giorgt, ist eines
1222 2060 1747 2105 Heilten Weiber, die das Glück
1743 2096 2780 2150 ob nichts vorgefallen wäre. Nur die Gatten sind sich
733 2096 1084 2158 der Ehe in den
1270 2102 1746 2161 gesellschaftlichen Freiheiten
1398 2131 2770 2185 vom Standpunkte fremd geworden; wir erfahren gesprächsweise, daß sie nur
734 2130 1277 2192 suchen, welche der verheiratbe
1397 2169 2769 2217 #erunverheiratheten bei den Mahlzeiten sich nothgedrungen sehen und sprechen,
717 2179 1329 2225 des modernen sittlichen Empfngens
1423 2202 2785 2273 und gefallsüchtig, daß die Gräfin sich aber eine Enthaltsamkeit zur Pflicht
1320 2214 1431 2267 schön
726 2219 1331 2271 gegenüt gestattet sind. Jung,
744 2255 2771 2296 umgiebt# sich mit einem Kreise von Anbetern, in deren macht, die dem Grafen das Betreten ihrer Gemächer
728 2284 2771 2339 Reihe der angessante Gatte nur die Rolle des augen=Iverbietet. Da ist natürlich zu einer Versöhnung die höchste
643 2294 732 2349 n
1100 2325 2777 2381 Freundes zu spielen scheint. Und Zeit. Und da sowohl der Graf wie die Gräfin derselben
667 2324 1046 2396 ndl blicklich bevorzu
1745 2365 2770 2409 Ansicht sind, so sehen wir am Schlusse des Actes Beide
1258 2361 1752 2418 f die Dauer. Graf Silvio
735 2373 867 2422 selbst
687 2372 749 2420 en
966 2373 1075 2429 nicht
1110 2397 1745 2460 ##buhlerschaft Gino Riccardi's, eines
1738 2406 2783 2460 in den Gemächern Madames einträchtiglich verschwinden,
731 2387 977 2464 selbst fürchtel
652 2414 743 2472 in
1752 2435 2772 2488 während der sich zum Besuche einstellende Haus¬
2486 2468 2783 2535 ie von Otto
2422 2497 2467 2528 a
653 2456 731 2548 m
1757 2480 2413 2539 freund schnöde abgewiesen wird.
727 2476 1749 2536 Gunst der schönen Clara mit einer Hartnäckigkeit bewirbt,
1749 2519 2781 2578 Eisenschitz in „unser geliebtes Deutsch“ übertragene
732 2521 1753 2577 der ein minder nachsichtiger Ehemann längst mit einem
734 2554 2785 2614 resoluten Hinauswurf begegnet wäre. Für Frau Claraitalienische Gesellschaftscomödie hatte sich einer ganz vor¬
735 2606 2784 2652 ist freilich Riccardi einstweilen nur ein Spielzeng wie trefflichen Aufführung zu erfreuen. Fräulein Landori
1749 2641 2771 2684 wußte als Gräfin Clara das seiner Reize bewußte und
732 2632 1756 2686 jeder Andere, selbst der eigene Hatte, dem sie einst in
1748 2664 2788 2724 mit seinen Reizen spielende Weib in den verführerischsten
727 2682 1756 2729 capriciöser Stunde angedroht, jedes Mißtrauen in ihre
737 2712 2772 2770 eheliche Treue mit dem sofortigen Treubruch zu beant=Formen in die Erscheinung treten zu lassen; Herr Bauer
736 2756 2784 2805 worten. Madame, im itimen téte-à-téte mit Riccardij stellte mit eleganter Nonchalance einen jener modernen
731 2789 2779 2840 von verführerischstem Entgegenkommen, kokettirk trotzdem mit Lebemänner auf die Bretter, deren innere Schwäche allein
742 2830 2782 2884 ihrer „sittlichen Kraft“ und um diese merkwürdige Sorte die Handlung einigermaßen möglich erscheinen läßt; nur
733 2865 2783 2918 von „Sittlichkeit“ der stärksten Probe zu unterwerfen, Herr Bolz hatte seinen Gino Riccardi weniger glücklich
729 2904 2788 2965 willigt sie ein in ein Rendez=vous, ein Stelldichein in der erfaßt, indem er es sich offenbar zur Aufgabe gemacht
730 2954 2745 2987 Höhle des Löwen. Mit einem unerhört dreisten „Nun, hatte, uns in Erscheinung und Darstellung von den ge¬
1756 2972 2788 3033 winnenden Eigenschaften dieses Salonlöwen möglichst
732 2984 1759 3046 bitte, verführen Sie mich!“ betritt sie das Junggesellen¬
1750 3021 2777 3077 wenig zu verrathen. Während die Comödie des tempera¬
725 3029 1747 3075 heim Riccardi's. Und nun beginnt eine Scene, die an
732 3053 2783 3128 nacktem Cynismus, wie an glänzender technischer Führung mentvollen Neapolitaners sehr beifällig aufgenommen
719 3099 2793 3184 lin der modernen Bühnenliteratur-kaum ihres Gleichen findet. wurde, mußte sich das als lever de ridean
