3436 4256
1044 134 1182 193 bejahrt
872 138 984 193 fucch
698 172 1196 245 Gastspiel Sonntag begannen
227 181 668 248 Novität, mit welcher sie
621 219 1188 284 omödie „Lumpengesindel“
278 227 565 290 Wolzogen 2#
1102 259 1213 313 Ent¬
693 264 1061 325 pät zu uns gekommer
297 275 489 331 unt möhrer
1035 304 1207 363 gegangen
409 312 623 372 mehr als
626 347 1209 402 wie Heuri Murger's Szeiten aus
262 362 401 416 us dem
227 385 1216 451 dem Leben der Pariser Bohemte, schildert uns diese
1012 435 1221 491 Es erhöht
241 438 964 505 Tragikomödse die Berüiner Literaturzigenne
221 488 650 544 nicht ihren schriftstelleris
1045 518 1215 577 aber in
215 517 911 589 Cliché berlinbekannter Persönlichkeiter
220 564 1213 615 dieser pasamllärtigen Verkleidung steckt ihr ganzer
895 603 1208 668 „Lumpengesindel“
214 613 868 670 Reiz. Losgelöst davon ist Wolzogen'
656 645 1214 712 Augenblicksbilder aus dem
224 661 470 720 eine Reihe
227 690 1229 752 Treihen der Schriftstellerboheme, die durch eine saden¬
229 737 1209 801 dünne Handlung nothdürst zusammengehalten werden.
233 780 1224 855 Von den Brüdern Kern, die gemeinsam hausen,
221 831 1202 890 ist Dr. Friedrich mit der Tochter eines Polisimacht¬
235 865 1213 935 meisiers Eise verheiratel. Mit der Ehe hat aber ##sebrich
631 909 1223 964 ngemöhnheiten nicht abgelegt; es.
234 915 500 986 Kern seine Im
225 953 1218 1016 geht in dieser Wirthschaft toll zu, viel soller ais Frau
222 986 1214 1070 Eise es vertragt. Nach einem Abendessen, an dem aller
231 1033 1226 1088 lei Lumpengestudel Theil nimmt und schließlich über
228 1083 1230 1147 Nacht dableibt, verläßt die Gattin das eheliche Heim.
226 1127 1236 1196 Es ist nicht nur der Ekel, der sie aus dem Haus treibt,
231 1162 1240 1232 sondern auch die Furcht. Unter dem Lumpengesindel
233 1211 1238 1287 befindet sich nämlich einer, der ihre erste Liebe genossen.
225 1251 1238 1329 Böse Anspielungen fallen. Aber Dr. Friedrich Kern ist
233 1300 1245 1361 nicht vom Schlage Meister Anton's, der da glaubt,
237 1359 1238 1410 darüber komme Niemand hinweg. Nach einer unsäglich
241 1389 1231 1447 naiven Erklärung, in welcher ein alberner Wiener
229 1432 1237 1496 eine klägliche Lebensphilosophie entfaltet, findet er
245 1470 1241 1538 Alles naturlich. Eisa kehrt wieder zurück. Der
230 1513 1241 1573 Vater=Wachtmeister, der surchtbar rabiat geihan, gibt
246 1561 1243 1631 sich auch zufrieden, der Bruder Wilhelm heiratet eine
239 1603 1228 1675 aus dem „Lumpengefindel“ und die Tragikomödie ist
235 1640 1240 1724 aus. Unter der Hand ist aus Welzogen's Milienstück
243 1701 1239 1761 ein Thesenstück geworden, brutal in seiner Meral und
242 1742 1243 1803 Berliner Schnoddrigkeit aus der Jahrhundertwende mit
233 1773 1242 1836 der Sentimentalitität der Zopfzeit verquickend. Ueber
249 1821 1248 1875 diese Stylwidrigkeit des Stückes täuschte die Styleinheit
248 1866 1229 1920 der Darstellung Ruclich hinteg. Mil Geist und Ge
243 1910 1261 1962 schmack spielen die Künstler miteinander; es ist eine
247 1944 1249 2014 Unterordnung unter das Ganze, die zur künstlerischen
243 1995 1255 2049 Selbstlosigkeit wird. Im Verlaufe des Gastspieles werden
245 2034 1245 2105 wir den Einzelnen wohl noch wiederholt begegnen; für
232 2085 1257 2178 heute wollen wir den prächtigen Wachtunter Nissens
239 2141 836 2207 und den Friedrich Kern des Huum
248 2124 1256 2240 Mn unerwähnt laßri-l
911 2171 1258 2242 gesselte: Fräutein
231 2217 1244 2294 Prenner durch die diskrete Feinheit, mit welcher sie
249 2261 1250 2334 Empfindungen des Innenlebens wiedergibt und einen
246 2308 1198 2381 ergreifenden Ton für seelische Schmerzen anschlägt.
241 2349 1212 2402 Auf Wolzogen folgte Schulles
535 2392 1247 2456 auch eine Art moralischen Lumpen¬
249 2407 427 2459 sonper
241 2434 1258 2497 Resindels. In di Bluette machte Gisela Schneider
259 2479 1262 2534 durch ihre Annie Furore; sie war das echte leichtlebige
243 2516 1259 2579 Wiener Kind, von einer gewissen naiven Unmoral, dis
255 2563 1271 2629 geradezu etwas Versöhnendes hatte Man war berauscht
254 2605 1263 2677 von diesem Tollkopf, und hatten sich bei dem ersten
261 2656 1254 2717 Stück nur die „Enthusiasten von Beruf“ am Beifall
260 2688 1258 2769 betheiligt, hier applaudirte Alles. Die Wienerin unter
259 2746 1153 2820 den Berlinern entschied den Erfolg des Abends.
1118 2763 1200 2846 P.
1606 195 2568 266 4.5. Abschiedssouver
2577 190 3085 297 box 8/1
2130 409 2544 478 Telefon 12801.
1831 501 2842 602 Unternehmen für Zeitungs-Ausschnitte.
2718 557 2912 613 Ausschnitt
1997 579 3002 731 „OBSERVER“ Nr. 69
1588 713 3054 803 A. ös&l. behördl. cone. Bureau für Zeitungsberichte u. Personalnachrichten
1803 779 2892 888 Wien, IX/1. Türkenstrasse 17.
2019 873 2659 956 Flliale In Budapest: „Figyelé“
1705 927 2976 1019 Vertretungen in Berlin, Chicago, London, Newyork, Paris, Stockholm.
1615 1077 2747 1195 Ausschnitt aus: Neuigkeits Wellblatt
1628 1235 1999 1337 vom 7/190
1804 1378 2869 1473 Theater, Kunst, Musik und Literatur.
2093 1450 2576 1519 Raimund=Theater.
1818 1493 2859 1581 (Ensemble=Gastspiel von Mitgliedern des
1983 1550 2704 1607 Deuschen Theaters in Berlin.)
1867 1570 2842 1637 Vor gut besetztem Hause fand gestern die Eröffnungs¬
1822 1627 2854 1677 Vorstellung des für zwei Wochen anberaumten Gastspieles
1820 1668 2849 1716 einer größeren Anzahl von Mitgliedern des Deutschen
1820 1707 2853 1756 Theaters in Berlin statt und brachte als eigentliche Novität
1832 1747 2851 1795 eine „Tragikomödie“ in 3 Auszügen: „Das Lumpen¬
1825 1779 2857 1829 gesinde!“ von Ernst v. Wolzogen und den hier
1835 1815 2870 1880 bereits bekannten Einakter: „Abschiedssauper“ von
1825 1853 2502 1920 Arthur Schnitzler-zur Aufführung.
1880 1897 2849 1939 Das Publikum, das vornehmlich aus den Premièren¬
1828 1924 2853 1986 Habitnes und den literarischen Kreisen Wiens bestand,
1837 1966 2859 2015 brachte den Berliner Gästen sympathisches Interesse ent¬
1834 2001 2855 2059 gegen und der Erfolg des Abends war ein sehr freund¬
1827 2036 2853 2097 licher, galt aber entschieden mehr der gerundeten Dar¬
1840 2069 2861 2136 stellung, als der aufgeführten Novität, die mit dem Rüst¬
1833 2125 2847 2164 zeug der modernen Veristik arbeitet und damit ein leben¬
1842 2147 2854 2216 diges Biid der Berliner Schriftsteller=Bohéme auf die Bühne
1842 2193 2849 2232 stellt, aber wenig Handlung und inneren Gehalt besitzt. Die
1843 2226 2865 2275 Ehe eines Mädchens aus dem Volke, das einen mächtigen
1848 2267 2869 2311 Drang nach höherer geistiger Bildung besitzt und deshatb
1842 2294 2861 2351 freudig die Gattin eines begabten, auf seine Unabhängigke“
1839 2324 2857 2382 stolzen, wenn auch in sehr prekären finanziellen Verhält¬
1845 2379 2858 2430 nissen lebenden Schriftstellers wird, erfährt nach kurzer
1840 2411 2860 2462 Dauer eine starke Trübung, als ein leichtlebiger Bildhauer
1841 2453 2848 2511 aus Wien auftritt, welcher der jungen Frau als Schreckbild
1836 2486 2848 2546 einer bunklen Episode aus ihrem Mädchenleben erscheint.
1836 2522 2859 2578 Beide hatten sich vor ein paar Jahren bei einem Künstler¬
1674 2535 1824 2612 Für 50
1847 2528 3051 2625 feste gefunden und in der Anwandlung eines heißen Sinnes= inclusive
1739 2591 1825 2637 100
1841 2585 3021 2650 rausches ging die Unschuld des Mädchens verloren. Mit Porto.
1746 2630 1839 2675 200
1844 2619 3032 2685 dem „Fleck auf der Ehi'“ krat die gute Else trotzdem in den Zahlbar
1753 2671 1841 2714 500
1844 2662 3064 2728 Ehestand, hatte aber nicht den Muth, den Gatten über ihr im Voraus.
1686 2693 2860 2773 1000 Vorleben aufzuklären. Hiezu wurde sie von ihrem Vater,
1793 2728 3105 2798 einem Polizei=Wachtmeister, der trotz seiner amtlichen hitte ist das
1667 2771 3110 2843 Abonne Stellung als Hüter der Moral in punkto der Frauenwürde steht es den
1658 2815 2960 2883 Abonne sehr liberale Anschauungen offenbart, zunächst veranlaßt, üdern.
1848 2862 2860 2915 Des Oefteren drängt es sie wohl zu einem Bekenntnisse,
1835 2896 2870 2956 das aber durch die Gegenwart eines Schwagers, der mit
1832 2928 2857 2988 dem Ehepaare im Haushalte lebt, aufgehalten wird. Das“
1840 2977 2881 3035 Erscheinen ihres Verführers läßt die gequälte Frau jedoch.
1840 3013 2837 3057 den Beitug an ihrem Gatten in seiner vollen Größe er¬
1833 3046 2867 3090 kennen, sie fühlt sich der ehelichen Gemeinschaft nicht mehr
1843 3085 2860 3133 würdig und flüchtet in das Vaterhaus zurück, wo die see¬
1831 3114 2865 3172 lische Aufregung sie auf das Krankenbett wirst. Der Gatte
1840 3165 2861 3216 stürmt ihr nach und es erfolgt nach einer peinlichen Aus¬
1836 3195 2858 3257 einandersetzung mit dem Verführer die Verzeihung und Ver¬
1832 3236 2860 3292 söhnung, nachdem auch der Schwager erklärt hat, das Haus
1830 3276 2434 3336 des Bruders verlassen zu wollen.
1886 3305 2856 3357 Der matte Schluß befriedigt ebensowenig, wie die in den
1849 3348 2863 3397 Motiven schwach geführte Handlung. Wolzogen sucht den Effekt
1841 3383 2862 3438 seines Stückes mehr in der Schilderung des gewählten Miliens,
1830 3428 2868 3471 das er mit sicherem Blick erschaut hat, gleichwohl aber dabei
1837 3461 2869 3512 in Uebertreibungen verfällt. Die Exposition ist das Beste an
1837 3499 2852 3548 dem Stücke; eine große häusliche Kneipszene im zweiten
1838 3529 2855 3580 Akte aber mit dem sentimentalen Pendant der an ihren
1835 3564 2858 3621 Gewissensbissen leidenden jungen Frau wirkt mehr abstoßend
1846 3607 2859 3666 als wahr, wie sich denn überhaupt der Antor an veristisch
1840 3650 2852 3697 sein sollenden Details nicht genug thun kann. Daß der gute
1840 3685 2869 3744 Geschmack hiebei mehrmals zum Nachtheile kommt, scheint
1844 3720 2863 3771 Herin v. Wolzogen nicht weiter zu geniren. So ist die
1846 3766 2853 3811 Nothwendigkeit nicht einzusehen, warum der lüderliche Bild¬
1841 3791 2874 3847 hauer mit seiner, von einer recht gemeinen Gesinnung
1841 3834 2857 3891 zeigenden Lebensauffassung just ein Wiener sein soll. Das
1852 3870 2854 3915 Stück, dessen Titel übrigens nur ironisch gemeint ist, ist
1847 3900 2872 3965 doch aus dem Berliner Boden geschöpft und bedarf des
1842 3949 2863 3993 fremden Einschlages nicht. Subjekte von der niedrigen Den¬
1848 3983 2861 4032 kungsart dieses Bildhauers, der ganz selig ist, daß seine
1840 4024 2870 4069 plastische Gruppe durch einen Zufall zertrümmert wurde,
2377 4056 2863 4114 Versicherungssumme erhält
1847 4057 2383 4109 weil er nun eine stattliche —
1846 4096 2864 4136 und einige Zeit ein vergnügtes Leben führen kann und der
1845 4135 2864 4177 sein Verhältniß zu der Frau seines Freundes von geradezu
