3484 4192
279 88 1244 181 4. 5. Abschiedssouper
1320 81 1775 191 box 8/1
542 140 1276 200 en ere enee e eneen en en eeen K. dn
824 835 1172 928 Telefon 12801.
503 923 1449 1003 AUfternehmen für Zeitungs-Ausschnitte.
1510 944 1732 1014 Ausschnitt
1457 1013 1715 1118 Nr. 57
637 1001 1343 1134 „OBSERVER“
272 1122 1716 1199 I. österr. behördl. concess. Bureau für Zeitungsberichte und Personalnachrichten
580 1189 1423 1282 Wien, IX/1 Türkenstrasse 17.
512 1258 1480 1346 Filiale in Budapest: „Figyelö“, VIII. Josefsring 31a.
891 1385 1469 1495 Fremdenblatt
264 1398 738 1503 Ausscimitt aus:
289 1505 711 1639 vom 4#/ fl. 95
355 1673 1740 1752 + (Raimund=Theater.) Die „Juana“ ist das Werk eines geist¬
315 1734 1746 1799 reichen Schriftstellers, der ein scharfes Auge für alle Technik des dramati¬
325 1785 1741 1854 schen Schaffens besitzt. Die neue romanische Theaterkunst mit ihren
329 1840 1748 1901 eng umrissenen Handlungen und ihrer knappen Charakteristik, welche
332 1889 1753 1951 auf die reichlich ergänzende Leistung des Schauspielers berechnet ist,
334 1936 1774 2006 hat Hermann Bahr beschäftigt, als er dies Drama entwarf. Bei
324 1951 1757 2050 einem Entwurf ist es aber leider zum größten Theil geblieben, bei
330 2018 1746 2079 einer sicher ausgeführten, vielversprechenden Konstruktion. In diesem
329 2066 1755 2134 kurzen Trauerspiel einer Ehe ist Alles verständig vorgesehen, es fehlt
328 2104 1754 2193 keine der nothwendigen Personen, auch keine Phase der typischen Entwicklung,
324 2180 1750 2234 das wäre ganz in Ordnung, aber die Ausführung ist uns der Dichter,
331 2202 1747 2267 wenigstens für die beiden ersten Akte, schuldig geblieben. Die Charakteristik
330 2263 1748 2314 kann nicht eine „knappe“ genannt werden, sie macht den Eindruck der
331 2288 1759 2370 Skizze. Die allerdings ist interessant, ebenso wie das verständnißvolle
340 2344 1747 2408 Geschick in der Führung der Handlung anerkannt werden muß. Der
338 2386 1747 2465 dritte Akt ist stellenweise sorgfältiger behandelt, er ermöglicht starke
339 2444 1757 2515 schauspielerische Wirkungen. Das Wort kommt in diesem mageren
332 2487 1761 2555 Drama nur wenig zu seinem Recht, dieses Wenige jedoch ist vortrefflich
336 2543 1755 2602 in seiner Einfachheit und Klarheit. Um die Juana ist der illustre Gast
337 2582 1753 2653 des Raimund=Theat ers, Fräulein Adele Sandrock, ehrlich bemüht
326 2636 1753 2697 gewesen. Verschwenderisch gewährte sie dem spröden Stoff den Reich¬
341 2682 1775 2745 thum ihres Könnens, und es ist ihr auch in einzelnen Szenen
341 2727 1756 2806 gelungen, dieser Gestalt Leben, warmes Blut zu verleihen. Gleichsam als
329 2769 1751 2831 Satyrspiel schlossen sich der „Juana“ ein paar Szenen aus dem vor¬
341 2832 1765 2882 nehmen Gigerldasein an, welche Arthur Schnitzler=das „Abschieds¬
336 2862 1752 2948 souper“ genannt hat. Sie sollen dem begabten Dramatiker und Erzähler
342 2925 1061 3001 nicht ernstlich nachgetragen werden.
1536 2948 1675 3013 Porto.
510 2985 741 3053 #ad
1528 3002 1694 3043 Zahlbar
380 2985 491 3058 200
1367 3013 1720 3093 55.— im Voraus
381 3046 492 3090 500
1356 3059 1500 3119 100.—
351 3078 497 3144 " 1000
421 3087 1742 3177 Im Gegensatze zu anderen Bureaux für Zeitungsausschnitte ist das
1386 3147 1745 3211 auch steht es den
316 3158 1391 3221 Abonnement durch keine bestimmte Zeitdauer begrenzt; —
319 3189 1648 3248 Abonnenten frei die aufgegebenen Themen zu ergänzen oder zu ändern.
1872 -4 3137 49 I. österr. behördl. Condten m
2170 61 3015 144 Wien, IX/1 Türkenstrasse 17.
2101 144 3060 228 Filiale in Budapest: „Figyelö“, VIII. Josefsring 31 a.
1867 276 2334 365 Ausschnitt aus:
2465 307 3092 417 Neues Wiener Journal
1860 368 2317 507 von 53
2060 498 2560 593 Bahr's „Juana“.
2564 510 3238 603 Schnitzler's „Abschieds¬
2528 570 2789 656 sonper“
2023 617 3270 715 Zum erstenmale aufgeführt im Raimund=Theater am 18. No¬
2578 687 2738 746 vember.
2125 709 3280 781 Um dreiviertel 9 Uhr hatten es Alle überstanden! Juana
2016 743 3262 829 war todt, ihr Liebhaber war todt, und das Stück war durch¬
2020 817 3285 888 gefallen. Hermann Bahr kann sich das gestatten. Im Deutschen
2018 879 3275 938 Volkstheater steht er vor einem sicheren Erfolg, ein zweites Stück
2033 924 3276 990 hat er unter der Feder, und eine Napoleon=Trilogie annoncirte er
2025 956 3264 1034 jüngst in seinem Vorwort zu „Josefine". Hoffentlich ist sie von einer
2022 1014 2685 1080 anderen Race, als diese „Juana“.
2137 1054 3267 1115 Diese moralisch, seelisch und dramatisch mißrathene Dame
2026 1094 3264 1180 ist eine Generalsgattin. Ich wette, der Leser frägt schon: Und der
2023 1139 3262 1215 [Dritte? Denn das Stück ist von Hermann Bahr, dem Manne,
2030 1214 3264 1271 der nur dreieckige Ehen auf die Bühne bringt. Der Dritte ist ein
2029 1249 3263 1332 blutjunger Lientenant, der vom General wie ein Sohn geliebt
2029 1299 3260 1370 wird. Der Lieutenant garnisonirt im Herzen der Generalin,
2023 1337 3072 1427 Anonyme Briefe öffnen dem General die
3066 1358 3262 1421 Augen.
2022 1404 3256 1465 Er geht geradeaus zum Lieutenant, bei dem Madame
3068 1446 3110 1503 H
2016 1452 3089 1511 eben versteckt ist. „Du, man schreibt mir das und das!“
3152 1456 3256 1520 „Es
2011 1504 3257 1562 ist nicht wahr!“ — „Dein Ehrenwort?“ — „Mein Ehrenwort!“
2011 1549 3255 1616 Der General geht zufrieden seines Weges. Das Pärchen könnte
2022 1580 3270 1659 bis ins höchste Alter ehebrechen, wenn der Lieutenaut nicht die
2011 1628 3256 1705 Nichte des Generals heiraten sollte. Das nimmt die Generalin
2012 1688 3272 1752 krumm. Rache ersüllt ihr Herz. Sie gesteht ihrem Manne
2017 1729 3260 1805 Alles. Dieser läßt den Lieutenant rufen und drückt ihm liebe¬
1876 1781 2022 1852 Fur
2021 1782 3260 1846 voll eine Pistolencassette in die Hand. Der Lieutenant ist nicht
2020 1839 3256 1918 so dumm, wie er aussieht. Er versteht den Wink mit der
2026 1878 3005 1950 Pistole, geht hinter die Coulissen und erschießt sich.
2142 1911 3258 1997 Sein Leichnam wird unter großer Heiterkeit auf die Bühne
2025 1971 3259 2063 gebracht und Jnana sinkt entseelt darüber hin. Ein Herzschlag
2027 2024 2575 2087 scheint sie getödtet zu haben.
1884 2016 2024 2089 AboIII
1894 2075 2037 2141 AbolIE
2124 2071 3269 2147 Dieses Stück, das schon hundertmal besser da war, von einer
2015 2122 3308 2201 hohlen, mit Verismus angeschminkten Romantik erfüllt, das nicht einen
2017 2177 3252 2229 Bahr'schen Zug aufweist, hat gestern die merkwürdigsten Schicksale
2017 2201 3315 2286 erlebt. Es wurde stürmisch applaudirt, noch stürmischer gezischt, beild
2000 2271 3260 2338 offener Scene gelärmt, gelacht, gehüstelt, kurz, es war eine „interessante“
2007 2292 3275 2390 Première. Ohne aber das Stück besser machen zu wollen, als es
2002 2366 3270 2435 ist, glauben wir, daß es einen äußeren Erfolg gehabt hätte, wenn
2009 2397 3259 2463 es im raschen Tempo abgespielt worden wäre. Es wäre leicht
2011 2462 3262 2528 gewesen, das Publicum zu überrumpeln. So aber stattete man
2009 2495 3271 2576 „Juana“ mit Pausen aus, füllte die Hälfte der Spielzeit mit
2000 2546 3261 2639 siummem Spiel und führte uns eine complete Pantomime vor,
1985 2613 3263 2676 die mitunter schallende Heiterkeit entfesselte. Das Publicum, ein¬
1983 2646 3245 2730 mal in die entsprechende Laune versetzt, lachte über jedes verfäng¬
2016 2685 2252 2757 liche Wort.
2113 2722 3258 2812 Adele Sandrock, die sich so sehr über die Wirkung getäuscht
2004 2779 3247 2857 hat, spielte die Titelrolle meisterhaft. Eine andere Schauspielerin
2000 2844 3252 2915 an ihrer Stelle hätte das Stück zur Posse umgestaltet. Wenn
2007 2884 3248 2934 das Publicum in der übermüthigsten Stimmung war, verstand
2004 2934 3251 3001 sie es mit der Zaubergewalt ihres Talentes, Stimmung ins Haus
2003 2981 3255 3061 zu bringen. Man ließ sie auch nicht die mißlungene Komödie
1996 3016 3246 3105 entgelten. Brausender Beifall wurde ihr nach den Actschlüssen
2002 3085 3243 3147 gezollt. Dann aber brachte sie den Dichter mit auf die Bühne. Und
2006 3126 3239 3184 nun prisselte ein ganzes Zisch=Gewitter hernieder. Die heille
2007 3170 3253 3240 Rolle des Lieutenants gab Herr Burg sehr geschickt. Man
2003 3215 3240 3293 hat sich aber in der Besetzung vergriffen. Ein scharfer Liebhaber
2000 3278 3243 3343 und nicht der jugendliche Bonvivant hätte diese Rolle spielen
1996 3315 3239 3387 müssen. Herr Raeder gab den nicht minder gefährlichen
1997 3366 3249 3434 gehörnten General. Daß er nicht ausgelacht wurde, stellt seinem
1987 3406 3246 3479 Können das beste Zeugniß aus. Fräulein Krauß und Herr
1989 3451 2708 3530 Popp gaben ihre Episoden discret.
2112 3492 3229 3576 „Juana“ hatte ursprünglich vier Acte. Für die gestrige
2004 3536 3245 3624 Première war der vierte Act losgeschraubt worden. Herr Bahr
1995 3589 2569 3663 hat sich die Leiden abgekürzt.
2114 3640 3244 3709 Eine fast halbstündige Pause wurde dem Publicum gegönnt.
1988 3684 3244 3773 Dann hatte sich die Erregung gelegt. Man gab Schnitzler's
2001 3740 3246 3827 „Abschiedssouper“. Diese gutgezeichnete Scene, welche schon an
2002 3800 3243 3851 Wohlthätigkeitsabenden gebührend gewürdigt wurde, fand eine
1992 3843 3249 3923 vorzügliche Aufnahme. Wieder feierte Adele Sandrock Triumphe.
1988 3875 3252 3969 Aber neben ihrthaten sich auch die Herren Burg und Jensen
1972 3922 2354 4017 wacker hervor. 1
2533 3947 2623 4008 A#
3154 3949 3194 4007 55
