3484 4384
1441 311 1829 415 box 8/2
330 340 1290 415 4.5. Abschiedssouper
1413 1229 1714 1343 134061977
1439 1370 2070 1471 Grazer Tagblatt, Gras
1571 1454 1918 1528 Abendblatt,
1348 1516 1595 1583 suter ur
1952 1494 2098 1575 = Ert.
1157 1509 2071 1633 (Schausprethals.) Wedelind und Schnf
1093 1571 2166 1687 L##als Dramatiker nicht in der Zeit vor dem
1114 1655 2144 1721 Kriege, sondern auch im Kriege selbst — das ge¬
1119 1689 2124 1764 hört zu den vielen Ungereimtheiten der „großen“
1125 1740 2136 1809 Zeit. Man denke aber nur an die Völlerei in
1116 1785 2153 1873 gewissen „noblen“ Kreisen, will man das „Ab¬
1117 1840 2146 1929 schiedssouper“ an den Slezak=Rummel, will tan
1115 1896 2127 1965 den „Kammersänger“ zeitgemäß finten. Im
1118 1929 2139 2009 Wedekindstücke bot Herr Förster ein sehens¬
1117 1974 2136 2064 wertes Charakterbild, wenn er auch nicht die
1111 2012 2133 2110 liebenswürdigste Seite seiner Begabung heivor¬
1118 2086 2139 2159 treten ließ, aber gerade dies kommt den erziehe¬
1123 2133 2146 2204 rischen Absichten des Dichters entgegen. Die
1181 2174 2251 2252 ldentenöre sind im Privatlehen nicht eben jene —
1161 2223 1417 2283 albgötter u.
1556 2227 2139 2306 it de Besetzung der Heiene
1247 2270 1409 2336 Fräulein
1555 2275 2136 2348 ibert konn ich mich des¬
1523 2322 2142 2410 nden erklären, weil durch sie
1112 2363 1372 2428 die Verliebtl
1464 2379 2135 2445 er reifen Frau, der „Mutter und
1110 2421 2160 2494 Gattin besser betont und in wirksämsten Gegen¬—
2098 2483 2191 2542 1.—
1654 2471 1924 2528 —
1147 2506 2175 2580 satz zur Schwärmerei des Backfisches (von Fräu¬
1147 2557 2178 2627 lein Erber recht lieb dargestellt) gebracht wird.
1147 2616 2165 2679 Eine lebenswahre Gestalt, aus einem Guß ge¬
1156 2648 2174 2727 formt, war der verkannte Tondichter des Herrn
1160 2710 2178 2772 Mödlinger. — Im „Abschiedssouper“ er¬
1143 2754 2189 2826 freute Frau Weiser=Lauter durch ihre l.¬
1151 2816 2165 2871 kannte Leistung. Herr Olden erbrachte den Be¬
1144 2847 2171 2918 fähigungsnachweis für süddeutsche Lebe¬
1157 2910 2187 2971 männer. Und gerade diese waren die schwächere
1154 2959 2131 3016 Seite seines mittelbaren Vorgängers. R. v. H.
1212 2965 2191 3063 (Städtische Bühnen.) Das Schauspiel¬
1138 3047 2185 3112 haus bringt heute die vorläufig letzte Aufführung
1142 3093 2184 3165 der beiden Einakter „Abschiedssouper“ und
1137 3147 2184 3216 „Der Kammersänger“. Herr Forster
1295 3165 2187 3282 ich in dieser Vorstellung mit. Morgen bringt
1574 3237 2206 3322 ### ###adarholung der Oper
