3484 4256
1411 176 1783 272 box 8/1
290 179 1271 273 4.5. Abschiedssouper
1140 234 1279 292 eetanne
566 223 1025 293 a un un n a   uc
858 330 1234 399 Telefon 12801.
560 441 1575 501 Unternehmen für Zeitungs-Ausschnitte.
1447 493 1628 564 Ausschnitt
514 510 717 647 9
719 517 1738 645 „OBSERVER“ Nr.44
320 628 1776 719 I. österr. behördl. conc. Bureau für Zeitungsberichte u. Personalnschrichten
517 705 1604 797 Wien, IX/1. Türkenstrasse 17.
743 795 1467 880 Filiale in Budapest: „Figyelé“ —
418 854 1690 947 Vertretungen in Berlin, Chicago, London, Newyork, Paris, Stockholm.
328 983 1092 1078 Ausschnitt aus: e
1192 978 1560 1086 6.8 Peser
336 1120 906 1225 141—70
1187 1129 1781 1241 MDSATZ
711 1410 1526 1514 Theater= und Kunstnachrichten.
1267 1493 1683 1565 Wien, 23. Februar.
595 1522 1727 1610 [Theater in der Josephstadt.] Der heutige,
528 1559 1712 1652 wirklich-literarische Abend dieser Bühne fand zu Gunsten des
528 1625 1709 1698 Journalisten= und Schriftsteller=Vereines „Concordia“ statt.
529 1665 1705 1736 Man gab vier Einacter, die alle in irgend einer Weise vom
528 1709 1706 1780 Abschiednehmen handeln. An erster Stelle stand ein Drama
519 1739 1706 1817 Dora Dunker's: „Bagatelle“. Dieses äußerst knapp geführte
520 1799 1697 1864 Stück zeigt in scharfen und prägnanten Zügen die letzten, die
356 1746 479 1898 2
1697 1808 1826 1886 -41.
529 1833 1689 1910 Abschiedsstunden eines Lehrers, der sich erschießt, ohne gegen¬
527 1874 1695 1955 über seiner Frau den Muth zu dem Geständnisse zu finden,
525 1915 1781 1995 daß er den Consequenzen eines Sittlichkeitsverbrechens durch ——
364 1910 460 2015 7
517 1967 1699 2039 selbstgewählten Tod entgehen will. Die Verständnißlosigkeit der
521 2007 1715 2082 Frau angesichts der Verzweiflung ihres Mannes, der sie
514 2052 1687 2110 im Glauben läßt, daß nichts als eine Bagatelle, nichts
530 2101 1691 2151 als eine Ehrenbeleidigungs=Klage der ganze Grund seiner
1698 2115 1801 2203 ###.
520 2142 1697 2202 Kümmerniß sei; die ahnungslose Heiterkeit und Unbefangenheit
521 2177 1691 2254 des Kindes Beider und dann der plötzliche, verhänguißvolle Schuß
514 2216 1685 2289 des Unglücklichen im Nebeuzimmer — das Alles sind Contraste
369 2230 448 2283 —
516 2258 1840 2319 von einer Wucht und Vehemenz, die packen und erschüttern. — ##
516 2298 1680 2377 Es folgte ein Lustspiel des Roberto Bracco, „Er, sie und er“
491 2332 1708 2416 4 aus dem Italienischen geschmackvoll übersetzt von Otto Eisen¬
506 2397 1692 2491 schitz. In diesem graciösen Werke, das in so mancher Hinsicht an
322 2431 502 2521 Für 50
504 2463 1701 2523 des gleichen Verfassers „Untreu“ gemahnt, will ein schüchterner,
414 2485 516 2540 106
508 2498 1691 2553 gewissenhafter Jüngling von seinem besten Freunde Abschied
400 2536 517 2583 200
512 2537 1690 2609 nehmen, weil dessen Gattin ihm in der Euge eines ländlichen
518 2581 1713 2643 Zusammenlebens im Laufe der Zeit zu werth geworden ist. Wie
351 2606 501 2672 1000
504 2603 1706 2679 die junge Frau nun, ohne sich vor ihrem selbstsicheren Manne zu si
500 2673 1756 2723 compromittiren, mit halben, zweideutigen Worten den blonden sdas
340 2701 492 2763 Abonne
498 2711 1767 2776 Flüchtling zum Bleiben bestimmt den zagen, scheuen in sden
330 2747 493 2818 Abonne
500 2752 1682 2826 einen rücksichtslosen, stürmischen Liebhaber wandelt, das ist
492 2795 1692 2864 hier mit einer Verführung und Eleganz, die entzücken, zum
491 2824 1670 2899 Ausdrucke gebracht. — Das drine Stück, Otto Erich Haxt¬
518 2873 1691 2927 leben's Drama „Abschied vom Regiment“ erregte den
496 2905 1680 2969 lautesten Beifall; es schlägt wie das erste tragische Accente an.
488 2952 1677 3029 Einepreunischer= Hauptmank#socans einer einen, sießbürger
486 2999 1677 3053 lichen Landstadt strafweise in einen größeren Ort und wittert
484 3046 1684 3117 den Grund dieser Versetzung in den auffollenden Koketterien
494 3084 1667 3151 seiner Frau. Vom Abschiedsmale angetrunken heimkehrend, be¬
490 3126 1678 3185 droht er sie thätlich, um von ihr selbst den Namen des Ge¬
495 3167 1670 3236 liebten zu erfahren. Da aber stürzt dieser (wie der Gatte ein
495 3211 1671 3268 Officier), den sie zum letzten Rendezvons zu sich gelaben, auf
488 3238 1661 3319 ihre gelleuden Hifferufe unbedenklich in das Zimmer und er¬
489 3291 1668 3364 sticht den Hauptmann, der wider ihn den Söbel zog. Das
488 3330 1673 3402 kleine, wirksame Drama wendet sich ungemein scharf gegen die
482 3386 1668 3434 üblichen Geldheiraten heillas verschuldeter Officiere und erhält
476 3417 1669 3486 daburch einen erhöhten, neben dem literarischen einen ethischen
464 3477 1670 3531 and socialen Werth. — Den Beschluß der Vorstellung bildete
491 3505 1657 3577 Rthfr S besanmen hamhre Soparee= Stüch
493 3543 1669 3612 AnschiehescüNe), und auch dieser Einacter gemann mit seiner
486 3585 1675 3653 feinen, charmanten Ironie die volle Zustimmung des Publi¬
488 3647 1656 3697 cums. So wur der Erfolg des Abends dann ein ganzer. Zur
490 3682 1665 3739 Schaffung dieses Erfolges aber hat nicht unwesentlich die Dar¬
483 3722 1668 3769 stellung beigetragen. Die Schauspieler, diesmal vor die Auf¬
479 3766 1654 3823 gabe gestellt, wirkliche Menschen von Fleisch und Blut zu ver¬
476 3805 1666 3868 körpern, boten zumeist Vortreffliches. Besonders glänzend waren
473 3850 1370 3910 in der Wiedergabe exirem entgegengesepter.
1364 3853 1662 3906 tragischer und
480 3889 1664 3953 komischer Gestalten Frau Hansi Niese („Bagatelle", „Ab¬
485 3931 1660 3984 schiedssouper“), Fräulein Fehdmer („Er, sie und er“, „Ab¬
481 3972 1663 4034 schied vom Regiment“), sowie Herr Joseph Jarno („Baga¬
481 4014 1656 4070 telle", „Abschied vom Regiment", „Abschiedssouper“). Daneben
473 4058 1669 4136 gebühren jedoch auch den Herren Pfann, Deutsch und
478 4098 1092 4151 Nerz Anerkennung und Lob.
2413 170 2810 248 Telefon 12801.
2132 272 3125 355 Unternehmen für Zeitungs-Ausschnitte.
3008 339 3174 413 Ausechnilt
2281 359 2929 474 „OBSERVER“
2970 406 3273 498 Nr. 0
1893 488 3332 564 * I. österr. bebördl. conc. Bureau für Zeitungsberichte u. Personalnachrichten
2069 555 3154 650 Wien, IX/1. Türkenstrasse 17.
2303 636 3080 723 Filiale in Budapest: „Figyelö“ —
1996 712 3241 786 Vertretungen in Berlin, Chicago, London, Newyork, Paris, Stockholm.
1895 828 2448 907 Ausschnitt aus:
2890 838 3272 984 schaf
2199 929 2534 1072 1 40
1899 960 2218 1063 vom 2“
2197 1304 3118 1441 Küüst und Wissenschaft.
2216 1430 3197 1513 Theater in der Josefstadt. Direktor Jarno
2117 1464 3189 1552 sucht noch immer ehrbare Annäherungen mit der
2120 1512 3197 1592 Literatur. Gestern gab es wieder einmal einen „literari¬
2115 1565 3190 1633 schen Abend“ und zwar zu Gunsten der Concordia“.
2122 1602 3189 1680 Vier einaktige Bagatellen wurden zum erstenmale auf¬
2115 1651 3180 1723 geführt. Das erste Stück, ein Drama von einer gewissen
2124 1683 3179 1762 Dore Dunker, betitelt sich schlechtweg „Eine Baga¬
2106 1731 3182 1805 telle“ Die „Bagarelle“ aber, um die Dora Dunker
2099 1776 3157 1844 ihren tragischen Strumpf gestrickt hatte, ist ein Sittlich¬
2089 1827 3149 1900 keitsdelikt, worauf einige Jahre Zuchthaus stehen. Und
2090 1883 3150 1942 der, der sich dieses Sittlichkeitsdeliktes schuldig gemacht
2099 1922 3153 1991 hat, ist ein sonst unbescholtener Gymnasiallehrer und
2092 1968 3153 2031 außerdem Besitzer einer glücklichen Frau und eines sitt¬
2099 2003 3156 2070 samen Kindes. Während die Frau das Leben so schön
2089 2039 3157 2109 findet und das Kind schöne Schulzeugnisse nach Hause
2083 2072 3153 2145 bringt, drückt ihm sein Rechtsfrreund den Revolver
2095 2124 2540 2191 in die Hand, weil
2656 2139 3164 2198 k ineu anderen Ausweg
2090 2175 3147 2229 aus der Schande weiß. Ein Knall, und die
2097 2213 3146 2278 sentimental angelegte Familienidylle löste sich in eitel
2080 2249 3159 2318 Tragik auf. Das Stück ist so roh gezimmert und dabei
2087 2300 3290 2388 so nebelhaft umdüstert, daß der Eindruck kein anderer jjusire
1981 2339 2078 2388 100
2087 2344 3264 2404 sein konnte, als ein peinlichr. Es wurde denn auch orto.
1989 2382 2084 2429 200
2083 2393 3279 2457 unzweideutig abgelehnt. Die zweite Bagatelle, ein splbar
1989 2421 2081 2464 500
2088 2429 3304 2480 Lustspiel von Roberto Bracco, nennt sich „Er, Woraus.
1930 2448 3151 2532 1000 sie und er.“ Schon der Titel zeigt das bekannte
3170 2489 3342 2572 ist das
2027 2526 3141 2577 lm „Dreieck“ an. Der Hausfreund wird in einer jungen
1903 2567 3337 2615 Abonnem Ebe so lange als angenehme Unterbrechung des Liebes= sit es den
1918 2599 3150 2639 Abonnent glückes betrachtet, bis er sich endlich selber in die Frau
2081 2636 3152 2705 verliebt und darum Abschied nehmen will, um seinen
2075 2677 3155 2744 Freund nicht zu betrügen. Der junge Ehegatte kann
2077 2731 3141 2791 aber seine Gesellschaft nicht vermissen und seine Frau
2082 2766 3155 2829 unternimmt es, den Hausfreund von seiner Liebe zu
2079 2816 3155 2870 heilen. Dem Manne gegenüber gelingt es ihr scheinbar,
2081 2845 3152 2908 aber dem Zuschauer eröffnet sich die freundliche
2076 2897 3141 2953 Perspektive, daß nun das „Dreieck“ erst recht
2071 2938 3138 2996 in seine Rechte tritt. Einige hübsche epigrammatische
2064 2965 3150 3028 Wendungen konnten uns von der Ueberflüssigkeit solcher
2072 3001 3143 3082 Spielereien mit sittlich=ernsten Fragen nicht überzeugen.
2066 3060 3146 3124 Erst Otto Erich Hurtleben brachte einigen sittlichen
2064 3100 3143 3157 Ernst in den „literarischen Abend“ des Josefstädter
2072 3141 3141 3200 Theaters. Sein Drama „Abschied vom Re¬
2071 3194 3136 3253 giment“ übte einen tiefen Eindruck aus, trotz der
2064 3232 3140 3295 Unzulänglichkeit der Darstellung. Auch hier ist es ein drei¬
2065 3268 3141 3340 eckiges Verhältniß, das zur Anschauung gebracht
2071 3303 3140 3374 wird. Wie anders nimmt es sich aber, in deutsches
2069 3352 3136 3421 Leben gestellt und deutsch behandelt, aus! Der Hauptmann,
2060 3385 3141 3467 der um seiner Frau willen das Regiment verlassen muß
2061 3445 3134 3508 und am Abend seines Abschiedes mit seiner Frau sich
2068 3490 3146 3548 auseinandersetzt und schließlich von seinem Nebenbuhler
2055 3532 3131 3579 erstochen wird; so betrunken und schuldig er auch selber
2070 3551 3137 3636 is er läßt uns wahre Tragik mitempfinden. Den
2068 3611 3127 3677 Schluß des Abends bestritt der unvermeidliche Schnitzler
2058 3636 3126 3725 mit seinem „Abschiedssouper“ aus dem „Anatol“¬
2066 3685 2525 3748 Zyklus. Frau Nie
2583 3701 3126 3760 spielte darin das süße
2060 3745 3126 3802 Wiener Mädel, ein wenig derb zwar und unliebens¬
2050 3784 3124 3841 würdig, aber doch so frich und launig aus ihrer Eigen¬
2048 3823 3123 3890 art heraus, daß sie damit die tragische Scharte auswetzte,
2059 3858 3116 3934 die sie im ersten Stücke ihrer künstlerischen Re¬
2050 3910 3124 3972 putation schlug. Herr Jarno, der im ersten, dritten
2062 3944 3125 4024 und vierten Stücke die Hauptrolle spielte, thäte auch
2047 3986 3132 4065 besser, wenn er nicht glauben würde, Alles spielen zu
2048 4024 2220 4099 können.
2936 4047 3008 4105 —
2981 4083 3128 4146 l 4
