3436 4128
1020 128 2273 224 eige Abend im Raimund Theater versprach ein recht interestanter
881 191 2277 267 zu werden. Zeitungsnotizen meldeten vor einigen Tagen, dass es Herrn Director
893 227 2280 320 Gettke gelungen ist, Fräulein Sandrock für die Darstellung der „Juana“ zu
892 279 2271 369 erwärmen. Soviel Überredungskunst hätte ich Herrn Getike gar nicht zugetrant.
887 326 2273 396 Alle Achtung! In Fräulein Sandrock wieder muss ich von heute an eine Opfer¬
883 359 2273 466 willigkeit bewundern, die geradezu an classischen Ideulismus grenzt. Das Haus
884 421 2279 517 war bis auf den letzten Platz gefüllt, von Premierenlöwen und =Löwinnen, von
885 471 2269 568 Naivlingen, die ins Theater erregt geeilt kamen, sich auch einmal in eine große
877 512 2263 611 literarische Action hineinzumischen. Endlich hat das Publicum zu spielen auf¬
880 567 2276 643 gehört — das Stück beginnt. Pardon — ich habe mich geirrt — von dem Beginnen
873 621 2270 701 eines Stückes kann nicht die Rede sein, denn „Juana“ ist gar tein Stück. Marquis
874 666 2273 752 del Mantillo, General der Artillerie, hat, wie es die spanische Artillerie in dem
872 705 2259 794 letzten Kriege oft gethan, auch in seiner Ehe vorbeigeschossen. Wenn er sich auch
873 757 2265 860 bei allen möglichen und unmöglichen Gelegenheiten mit seinem Weibchen Juana
864 813 2257 906 schnäbelt und herzt, so sind die ehelichen Bande dennoch nicht aus Rosen und
874 858 2264 948 Lilien gewunden. Juana ist ein sehr, sehr temperamentvolles Weib. Der fromme
870 901 2262 991 Abbate kann ihr gar nicht schnell genug die Tarantella spielen, der flaumbärtige,
856 939 2261 1049 zuckerrohrweiche Liettenaut Ruiz Navarete nicht intensiv genug lieben. Die Arme
869 1006 2355 1111 muss alle Kraft und Kunst ihrer sinnlichen Heißblütigkeit zusammennehmen, um den #ire
860 1037 2324 1152 Liebhaber immer und immer wieder anzufeiern. Sie ist ein Tigerweib, das bis ins no.
2228 1120 2338 1165 Abar
872 1107 2368 1201 tiefste Herzenswinkelchen des Mannes mit den Krallen hineingreifen muss, sich zu foraus
864 1149 2268 1226 sättigen. Der General Mantillo ist der bequemste und in solchen Stücken handlichste
873 1204 2417 1301 Gegensatz. Lammfromm, bieder vom Scheitel bis zur Sohle, vertrauensselig und ist das
2258 1262 2432 1334 es den
863 1243 2319 1369 obwohl ein stolzer Spanier, eine kleinwinzige Ehemännernatur. Er ist froh, dass g.
866 1292 2259 1401 sich sein lustiges Weibchen mit dem schmucken Lieutenant belustigen kann, ja selbst,
858 1368 2262 1456 als er durch drei Wochen anonyme Briefe erhält, in denen er auf das Verhältnis
864 1396 2260 1496 seiner Gattin mit dem jungen Herzensfreund aufmerksam gemacht wird, kommt er
861 1460 2266 1545 gar nicht aus der Fassung, im Gegentheil, besieht sogar mit voller Fassung den
850 1494 2249 1595 verdächtigten Liebhaber und spricht mit ihm ganz conversationell über die peinliche
859 1542 2257 1623 Affaire, wirft ihm das Bündel anonyme Briefe wohlgemuth auf den Tisch und geht
854 1608 2252 1694 froh wie ein Schneekönig von dannen, als ihm der ehrenhafte Ruiz das Ehrenwort
853 1632 2252 1740 gibt, dass zwischen ihm und seiner Frau nichts verdächtiges vorliege. Nun kommt
853 1701 2247 1797 aber das Superlativ seiner stoischen Ruhe in Ehebruchsgeschichten. Im dritten Acte
845 1742 2237 1833 bekennt sich Herr Ruiz, dass er die Nichte seines Generals, die reizende Angela,
855 1798 2233 1886 liebt. Juana faucht ihn deswegen wie eine gereizte Katze an und schwört ihm,
848 1853 2236 1927 für die versagten intimen Liebesdienste bittere Rache. Mit ihrem Sturm im
850 1896 2233 1975 Inneren erhebt sich auch draußen ein solcher, und als ihr Gatte von einem
841 1946 2243 2031 tüchtigen Ritt heimkehrt, legt sie sich auf die chaise longue und berichtet ihrem
837 1979 2242 2077 Manne bei elektrischem Licht, flackernden Blitzen und flackernden Kerzen die ganze
838 2055 2243 2120 Geschichte. Doppelter Donner! Draußen und in der Brust des betrogenen
839 2096 2239 2185 Gatten. Er befiehlt dem bösen Menschen dienstlich zu erscheinen und nachdem
833 2136 2230 2229 er von ihm als vorgesetzter General mit „erhobener Faust“ den Degen abver¬
840 2183 2229 2280 langt, präsentiert er ihm zwei gut erhaltene Revolver, zu eindeutigem Zwecke.
833 2240 2222 2321 Lientenant Navarete geht ins Gebüsch und erschießt sich. Juana, die bisher
827 2269 2230 2376 gemächlich auf der chaise longue gelegen, hat, ohne mit einer Wimper zu zucken,
830 2349 2232 2415 dem ganzen Schauspiel zugesehen, erhebt sich erst und schreit mit gräfslicher
825 2375 2227 2473 Verzweiflung. In feierlichem Zuge bringen Diener auf einem in allen Staaten
824 2443 2229 2527 patentierten Krankenstuhl den erschossenen Jüngling und nun beginnt Heros
835 2488 2106 2569 Klage an Leanders Leiche. Die Klage steigert sich bis zum Wahnsinn.
831 2536 2226 2625 Juana knickt um und liegt maustodt in einem rechtwinkeligen Dreieck über dem
831 2578 2226 2673 Opfer ihrer Leidenschaft und Rache. — Herr Bahr, dieses Stück haben Sie geschrieben,
824 2626 2215 2697 Sie, der mit ätzendem Griffel über die Werke anderer richtet? Sie kamen sogar
830 2679 2225 2767 mit siegesfrohem Lächeln vor die Rampe und dankten für den Beifall des
822 2727 2225 2811 Publicums. Haben Sie denn nicht das Zischen und Hohngelächter bis in
814 2769 2216 2864 die fernsten Winkelchen der Coulissen gehört? Oder haben Sie es gehört und
825 2824 2223 2901 kamen nur näher, um sich zu überzeugen, dass es keine Täuschung ist. Der Rest
815 2861 2218 2964 ist Schweigen. Fräulein Sandrock hat sich im Schweiße ihres Angesichtes
810 2926 2220 3011 bemüht, das zu retten, was nicht zu retten war. Wäre nicht die Sandrock eine
815 2969 2213 3070 so vortreffliche Künstlerin, die sogar mit dem nüchternsten Gewäsch das Publicum
817 3034 2208 3094 zu fesseln versteht, wer weiß, ob genug Zungen im Theater gewesen wären,
808 3065 2215 3155 Herrn Bahrs Juana in den Grund zu zischen. Armer Herr Burg, der als
809 3120 2215 3209 Lieutenant Navarete stellenweise so reiche, herzerquickende Töne fand, armer
801 3161 2211 3246 Herr Raeder (General), der seine Kunst so mühelos verschwenden musste, armes,
808 3224 2207 3301 armes Fräulein Krauß (Angela), die bei soviel Liebreiz und Schönheit eine
813 3267 2210 3350 so häfsliche Rolle spielen musste. Allerärmstes Publicum, das unschuldig zwei
806 3316 2210 3395 Stunden lang die Marter der spanischen Inquisition gelitten. Nach dem bitter¬
798 3369 2209 3450 bösen Wermut des Herrn Bahr war Schnitzlers Abschiedssouper ein
810 3412 2200 3507 süßes Pillchen. Ich will absolut nicht sagen Pille. Die ganze Sache ist ein
796 3462 2198 3551 alltägliches Geschichtchen, zu dem nicht einmal das Talent Schnitzlers gehört, es
802 3502 2205 3599 so wiederzugeben. Fräulein Sandrock als Annie war das einzig Bemerkens¬
801 3552 1185 3619 werte in dem Stück.
1963 3585 2166 3650 M. Hin.
