3392 4384
465 203 1185 283 Abschiedssouper
221 204 1728 322 4.5. ArzeheusLese, box 8/2
899 840 1263 956 GRATS
539 915 1395 1079 „OBSERVER
634 1008 1343 1088 I. österr. behördl. konzessioniertes
600 1034 1360 1174 Unternehmen für Zeitungs-Ausschnitte
657 1112 1295 1223 WIEN, I., WOLLZEILE 11
737 1172 1225 1254 TELEPHON R-23-0-43
537 1284 923 1386 Ausschnitt aus:
762 1358 1443 1461 neues Kicner SarE WIe
837 1452 1348 1570 12. NOV. 1035
510 1487 692 1595 vom:
367 1493 1631 1735 Zweiter Fünfuhrtee des „Neuen
604 1702 1352 1821 Wiener Fournals.
458 1775 1612 1880 Der erste Fünfuhrtee des „Neuen Wiener Journals“
363 1842 1598 1933 hatte einen durchschlagenden Erfolg zu verzeichnen. Es war nicht
371 1889 1602 1974 nur ein Five o'elock reizvollster Unterhaltung, sondern auch eine
365 1939 1605 2019 interessante Schau der Herbst= und Wintermode, deren Kreationen
357 1976 1598 2045 ja heuer besonders apart und vielfältig sind. Die animierte
368 2044 1602 2121 Stimmung, die an diesem Nachmittag herrschte und den innigen
351 2085 1604 2165 Kontakt zwischen dem „Neuen Wiener Journal“ und seinen
352 2119 1590 2222 Lesern verriet, hat uns veranlaßt, die Reihe dieser Fünfuhrtees
355 2178 1592 2260 fortzusetzen. Für Donnerstag den 14. d. M. lädt das „Neue
351 2228 1591 2296 Wiener Journal“ seine Leser und Freunde neuerlich in den
352 2266 1592 2349 Festsaal des Militärkafinos am Schwarzenbergplatz zu einem
349 2331 1590 2418 zweiten Fünfuhrtee, der wieder ein wertvolles künstlerisches
349 2375 1432 2448 und reichhaltiges modisches Programm bringen wird.
454 2418 1586 2492 Wieder haben sich eine Reihe prominenter Schauspieler
351 2463 1586 2546 für den Fünfuhrtee des „Neuen Wiener Journals“ in liebens¬
351 2511 1591 2594 würdigster Weise zur Verfügung gestellt. Das Programm ist
346 2574 1589 2644 diesmal auf die heitere Note gestimmt. So wird Trude
348 2605 1595 2699 Berliner gemeinsam mit ihrem Gatten Fred Horst einen
347 2660 1593 2752 Sketch von Ladislaus Fodor „Die kleine Katharina“ spielen, ein
340 2698 1581 2788 amüsanter Einakter, der zweifellos Lachsalven hervorrufen wird.
342 2763 1577 2835 Olly Gebauer, die bekanntlich in der neuen Operette des
347 2807 1587 2884 Theaters an der Wien „Maya“ eine der tragenden Rollen
339 2940 2758 3029 kreiert, wird gemeinsam mit Paul Horn und Viktor H. Bauer, S. Peßl (Frisuren), Lederer=Taschen, =Handschuhe,
346 3017 2774 3090 [Parlaghy Schnitzlers entzückenden Einakter „Abschiedssouper“]=Schirme, Perlkönigin R. Fleischer (Schmuck und Kopfputz)
344 3084 1763 3143 aufführen.  wird mit seinem humoristischen beteiligt.
351 3110 1558 3176 Programm die Zuhörer nicht zu Atem kommen lassen und Hans
1623 3108 2772 3195 Der Eintritt inklusive Garderobe und Konsumation kostet
344 3162 1561 3230 [Kolischer hat es sich, von Karl Hein am Flügel begleitet,
1553 3172 2763 3239 Schilling 2,50. Wieder ist die Eintrittskarte ein Wertgegenstand
333 3217 1552 3272 zur Aufgabe gestellt, die Lachmuskeln des Publikums in
1542 3225 2776 3280 und bietet Gelegenheit, durch Auflösung eines Kreuzworträtsels
337 3255 784 3328 Bewegung zu setzen.
1549 3272 2762 3335 eine komplette Nachmittagsausstattung für eine Dame zu
440 3299 1556 3378 An der Modenvorführung des Nachmittags sind die Firmen
1560 3317 2776 3384 gewinnen. Die Karten sind an den Kassen des „Neuen Wiener
336 3362 1571 3416 Münster=Maranitsch (Haute Couture), Pelzmodellhaus Gebrüder
1551 3368 2764 3425 Journals“, 1. Bezirk, Biberstraße 5 und 1. Bezirk, Schuler¬
337 3397 2763 3488 Brainin (Pelze), „Karla“ (Sport und Trotteur), Tracht und straße 9, der Kasse des Militärkasinos, 1. Bezirk, Schwarzen¬
334 3461 2784 3539 Heimatkunst August Miller=Aichholz (Winterdirndl und Jagd= bergplat  der Kartenzentrale, 1. Bezirk, Graben 28 und bei
351 3508 2347 3598 kostüme), Hutsalon „Suzy“ (Hüte), Haus der Schuhmoden den vorfu##enden Modefirmen erhältlich.
