3436 4256
526 185 1245 269 Abschiedssouver
278 189 1771 294 4.5. Arsenennsouper box 8/1
389 1267 1390 1359 geleitet werden. Bahr führt schließlich Juana doch auch
2278 1280 3278 1380 jungen Helden lieben und in seiner Doppelexistenz be¬
378 1342 1382 1406 zum sühnenden Tode, sie richtet sich selbst an der Bahre
2281 1356 3282 1421 wundern — das praktische nützliche Leben eines Mannes
1568 1332 2094 1446 Des Tages Arbeit.
382 1388 1375 1478 ihres von ihr dem Tod geweihten Geliebten. Aber die
2295 1402 3278 1470 bei Tag und seine Wanderungen im Traumland auf den
389 1432 1375 1520 tragische Erschütterung bleibt aus; das Gefühl allein,
1420 1429 3287 1507 Von Rudyard Kipling, Verlag Mac William. — aufgehäuften Reisbündeln. Jede der Geschichten bringt
381 1485 1360 1553 daß hier eine Tigerin in Frauengestalt gewüthet hat,
1359 1489 2312 1554 Das Buch enthält zwölf Erzählungen, die des Dichters
2305 1503 3280 1567 eine Ueberraschung selbst 007, die vielleicht nur von
378 1531 1364 1606 bleibt in uns zurück. Frl. Sandrock hat das Katzen¬
1354 1551 2308 1605 würdig sind. Sie stehen literarisch nicht alle auf derselben
2305 1551 3280 1602 einem Maschinenbauer oder Maschinenführer richtig ver¬
386 1583 2311 1654 hafte dieser Juana außerordentlich gut zur Geltung ge= Höhe, aber jede ist einzig in ihrer Art, und trägt die
2311 1599 3268 1666 standen wird; auch im „Schiff, das sich selbst fand“.
378 1628 1354 1696 bracht. An ihr lag es nicht, wenn am Schluße nicht
1342 1641 2310 1699 Marke Kipling's. Vom Standpunkt der Frauen sind
2305 1623 3288 1731 herrscht das Technische vor, aber auch Laien können es
374 1679 1352 1743 bloß geklatscht, sondern auch gezischt wurde. Ueberhaupt
1358 1696 2323 1759 „Wilhelm der Eroberer“ und der „Reisstrohknabe“ die
2308 1695 3283 1761 begreifen, 007 in seinen Details nicht. Manche der Er¬
375 1727 1354 1787 war das Stück sehr hübsch und reich inscenirt; Bahr
1345 1739 3284 1820 hübschesten. Die erste ist eine Geschichte der Hungersnoth zählung sind Allegorien, in dessen Thiere und unbelebte
375 1780 3282 1845 besitzt ja ein großes Regisseurtalent. Auch die Mit= im Süden von Indien, als Miß Martyn, „Wilhelm“ ge=Dinge mit menschlichen Stimmen reden, wie der „gnä¬
373 1825 1352 1891 wirkenden, Herr Raeder als General und Herr Burg
1351 1839 3287 1918 nannt, und Frau Jim, die Gattin des Obersten, die ein= dige Beschützer, das Crocodil und Rikkitikitari, der
385 1880 1357 1957 als schwachmattischer Lieutenant, spielten jeder seinen
1344 1889 2312 1947 zigen Engländerinnen in dieser hart betroffenen Gegend
2303 1890 3289 1954 Schlaugenbändiger in den Dschungelbüs. „A walking de¬
384 1921 741 1996 Part sehr gut. —
1325 1941 2304 1991 waren. „Wilhelm“ mit dem zarten weißen Gesicht und
2299 1937 3281 2001 legate“ behandelt mit Humor, Wahrheit und Sarkasmus
468 1986 2303 2048 Das „Abschiedssouper“ von Schnitzler der schieferfarbenen Blouse, Wilhelm mit dem Verstand
2301 1989 3273 2043 die Bemühungen eines pferdeähnlichen Individuums, das
384 2005 1352 2087 fand, wie berichtet, eine überaus freundliche Aufnahme.
1344 2037 2312 2095 und Muth eines Mannes und dem Herz einer Frau, fist
2293 2035 3279 2107 einige wohlgenährte, gut gehaltene Pferde zu seinen sociali¬
376 2071 1348 2140 Das lustige Stücklein ist allgemein bekannt; ich brauche
1339 2074 3282 2151 eine prachtvolle Figur, würdig des „Bakri“ Scott,stischen und anarchistischen Lehren bekehren will. Lustig
373 2109 1352 2180 seinen Inhalt hier nicht neuerdings zu wiederholen; wer
1346 2129 3281 2185 des jungen Ingenieurs, der in dieser schrecklichen Zeit sind „Ein Irrthum in der vierten Dimension“ und „Mein
367 2165 3281 2249 es nicht kennt, lese es im „Anatol“ nach. Schnitzler ist die rechte Haud des Obersten war, der mit seinem Zug Sonntag zu Hause“ — während Kipling in „Das Grab
382 2212 2303 2288 weitaus sittlicher und ernsthafter auch in diesen Satiren Getreidewagen durch das Laud zog, Leben zu bringen
2288 2227 3271 2295 seiner Vorfahren“ wieder auf sein geliebtes Indien
377 2260 1349 2328 auf die Wiener Jeunesse dorée, als viele oberflächliche
1343 2279 2315 2337 und zu erhalten, und der sich unzähliger Kinder annahm,
2295 2290 3281 2347 zurückkommt und uns die wilden Kinder der Hügel und
377 2293 1348 2370 Leser glauben möchten. Wie ernsthaft dieser Wiener
1334 2313 3277 2392 die von ihren verzweifelten Müttern verlassen worden der Dschungeln in ihrer kindlichen Liebe, Furcht, in
367 2350 1349 2427 Poct ist, das hat et ja später im „Freiwild“ gezeigt.
1346 2373 3264 2449 waren. Als die verhungernden Eingeborenen in ihrem ihrem Haß und Aberglauben vorführt. „A Maltese Cat“.
365 2417 3265 2457 Wahre sittliche Entrüstung erfüllt seine Brust, und darum Eigensinn nur Reis verlangten und Mehl nicht für ihre ist eine glänzende Beschreibung eines bewegten Polo¬
370 2450 3266 2533 trifft er den Ton des echten Humoristen und darum Speisen verwenden wollten, hatte er den glücklichen Ge=spieles, vom Standpunkte der Ponnis. Rudyard Kipling
373 2500 3277 2550 vermag er selbst vom Sumpf im Spiegel seiner Kunst danken, mit dem überflüssigen Getreide Ziegen füttern zukann mit seinem „Tagewerk“ zufrieden sein. Nicht nur
374 2551 2309 2631 ein Bild zu geben, das nicht bloß amufirt, sondern auch lassen und die Kinder mit Ziegenmilch zu nähren. Seine
2286 2569 3272 2630 die Fülle des Stoffes und die vollendete Form machen
368 2591 1351 2666 nicht verletzt. Die Sandrock gab das Balletmädel
1338 2612 3267 2683 wandernde Kinderstube gedieh und als er ins Haupt= ihn zum Schriftsteller ersten Ranges. Er weiß die Seele
361 2649 1344 2721 Annie in der Maske vielleicht doch etwas zu sehr fanirt,
1330 2661 3277 2725 quartier zurückkehrte, erntete er den Hohn seiner Freunde des Menschen zu finden, und zeigt sich als ein Seelen¬
372 2710 1343 2768 zu sehr „übertragen“; sonst aber mit trefflicher Laune,
1338 2714 3274 2781 und das Herz „Wilhelm des Eroberers“. Sie sah ihn forscher, der durch Beobachtung und Nachdenken zu den¬
372 2752 3279 2834 und sie wirkte zündend. Das Gigerl Anatol spielte Herr mit andern Augen, als er mit seinen geleerten Wagen selben Ergebnissen gelangt, wie die moderusten deutschen
359 2780 3270 2875 Burg sehr entsprechend; wohl aber hätten wir den ankam, wie ein segenspendender Gott, umgeben von Psychologen, ohne daß er jemals ihre Namen oder die
361 2833 2861 2927 Max (Herr Jensen) gern in edlerer Auffassung ge= einer Schaar von fröhlichen Kindern. Die zweite Ge=Namen ihrer Werke gehört hat.
3067 2866 3254 2935 H. R.
376 2894 564 2984 sehen.
1093 2898 2338 2977 M. N—r. schichte ist phantastisch und doch natürlich. Man muß den!
