3484 4320
994 1108 1203 1171 Fur 507
1079 1160 1180 1207 100
1072 1202 1185 1243 200
1032 1274 1192 1335 . 1000
1003 1361 1206 1425 Abonname
1002 1413 1205 1477 Abonnent
1217 232 2089 310 Gastspiel des Theakers in der Jpsefstadt
1552 274 1766 325 ir. Wien.
1266 291 2126 383 Im Neuen Theater war gestern etwas wie ein
1188 329 2121 425 litterarischer Geist zu spüren, der sonst in diesem
1187 388 2123 455 schmucken Luxustheaterchen schon lange nicht mehr
1193 429 2132 499 störend umzugehen pflegt. Die üblichen Dilektanten¬
1195 472 2131 532 Schwänkchen, die Frau Nuscha Butze bier sonst einem
1187 511 2127 568 so gutmüthigen, wie geduldigen Publikum vorzusetzen
1189 530 2119 611 liebt, waren durch wirkliche Kunst ersetzt, und das
1186 582 2110 645 gab für die Habitués dieses Hauses dem Abend ##
1193 628 2121 694 wiß etwas Befremdliches, geradezu Verbluffendes
1267 659 2113 719 Direktor Jarno mit seinem tüchtigen Ensemble
1177 686 2111 746 vom Wiener „Theater in der Josefstadt“ hatte ernen
1185 734 2096 782 Einakterabend zusammengestellt, der Bekanntes und
1190 775 2082 819 Neues, grimmigen Ernst und kecke Sahyre mi
1186 803 2047 849 gutem Glück mischte und seinen Darstellern,
1184 843 2110 906 allem ihm selbst — der in seinem Zugstucke „Fiittere
1188 881 2113 945 wochen“ leider nicht mitspielt — Gelegenhest giede
1187 903 2095 989 Menschen darzustellen auf dieser Bühne, die au¬
1186 959 2175 1037 noch Schwank=Marionetten gewöhnt i. Anaul
1213 1013 2149 1082 Strindbergs „Gläu#iger“ und Arthur Sch###
1209 1066 2149 1104 lers „Abschiedslouper“ sind #ier in Berlin
1214 1103 2151 1152 wohlbekannt. Beide so grundverschiedene Stücke
2173 1079 2376 1160 inclusive
1214 1136 2146 1190 fanden gestern eine sehr achtbare, wenn auch nicht
2204 1146 2378 1191 Porto.
1204 1163 2147 1232 durch gleichwerthige Darstellung. Der zügel¬
2196 1178 2365 1236 Eahlbar
1211 1200 2154 1257 lose berbaß des Schweden, der mit der sein¬
2157 1218 2391 1285 im Veraus.
1207 1250 2152 1301 geschenen Klinge der Dialektik jede Blöße
1208 1283 2148 1322 des Gegners erspäht und schonungslos ausnutzt, ge¬
1216 1290 2465 1376 wann in der sein ausgearbeiteten Wieo rgabe der Sinitte ist dns
1219 1338 2472 1411 Hauptpartie des betrogenen und nun unbarm¬ Fh# stcht es den
1218 1377 2294 1449 herzige Rache übenden Gatten durch Herin Jarno ländern.
1208 1424 2164 1497 eine grausam wahrhaftige Gestelt. Dieser Einalter
1198 1467 2146 1505 ist für Strindberg den Menschen wie den Dichter
1215 1504 2149 1565 so ungemein bezeichnend; denn jeue beiden Seelen,
1202 1553 2144 1591 die in seiner Brust wohnen — seine selbstbidgra¬
1201 1569 2147 1632 ohische Beichte eines Thoren in ihrer cynischen Genia¬
1198 1607 2140 1667 lität hat es deutlich offenbart — sind hier reinlich
1197 1653 2151 1694 geschieden in den beiden Männern des Stückes: dort
1292 1688 2144 1732 durch Betrug und herbe Enttäuschung zum er¬
1303 1724 2143 1765 risten Feind des Weibes und des Feminikmus
1300 1761 2147 1817 rdene Gustav, in dessen Seele Haß und Ver¬
1297 1796 2144 1848 ung alles Mitleid mit der Schwäche, alle Ge¬
1205 1836 2152 1887 rechtigken erstickt haben; hier der weichliche, schwache
1200 1875 2138 1920 Adolf, dessen glühende Sinnlichkeit, dessen unstät¬
1201 1903 2137 1958 flackernde Euergtelosigkeit ihn zum willenlosen Spiel¬
1194 1943 2147 1994 zeug eines kebensdurstigen Weibchens machen. Gustav
1209 1982 2148 2017 und Adolf in eine einzige Person untrennbar ver¬
1202 2010 2165 2064 schmolzen, und doch sich ewig hassend und be¬
1204 2052 2147 2099 febdend, sich ewig Schlachten liefernd und sich auf¬
1206 2088 2163 2147 reibend in diesem Kampfe — das ist August Strind¬
1201 2121 2147 2177 berg. Am meisten aus seinem Geiste heraus
1193 2156 2150 2209 schuf Herr Jarno; Fräulein Fehdmer hatte in der
1198 2205 2148 2246 ungemein schwierigen Rolle, unterstützt von einer dem
1211 2238 2142 2287 Eharakter angepaßten Erscheinung, sehr glückliche
1205 2277 2146 2319 Momente; die glücklichsten vielleicht da, wo sie die
1193 2308 2142 2359 Weibchennatur, deren verächtliche Minderwerthigkeit
1200 2350 2144 2398 gerade bewiefen werden soll, gegen den Dichter seibst
1196 2389 2131 2430 vertheidigen zu wollen schien. Herr Spira als
1202 2415 2145 2469 Adolf war ein bischen gar zu larmoyant. Das
1193 2451 2145 2525 Stück ist schon quälend genug, wenn man nicht
1192 2492 1410 2546 übertreibt.
1282 2507 2136 2598 Die kleine Rovität des Abends: „Die Mond¬
1194 2557 2137 2615 scheinsonate“, Komödie in 1 Akt von Ludwig
1201 2607 2143 2661 Wolff, ist eigentlich kein Stück, sondern ein
1207 2648 2136 2699 Stückchen von einem Stück. Es giebt sich als eine
1203 2682 2141 2730 lustige Scene, die wie eine von einem witzigen Kopf
1194 2724 2132 2772 in dramatische Form gegossene Anekdote anmuthet.
1209 2760 2127 2803 Eine Anekdote mit einer scharfen antisemitischen
1205 2782 2139 2839 Spitze, die allerdings durch das sehr diskrete, hier
1202 2836 2136 2872 fast zu diskrete Spiel des Herrn Jarno als Armin
1189 2871 2136 2906 vorsichtig abgestumpft wurde. Immerhin giebt es
1193 2905 2139 2961 Städte im lieben deutschen Vaterlande, wo das
1196 2945 2138 2993 Stückchen auch in dieser milden Form und Fassung
1198 2978 2123 3038 eine Kühnheit ohne Gleichen bedeutete. Der Wisz
1190 3024 2135 3073 der Sache ist der, daß zwei junge Männer scheinbar
1196 3048 2131 3099 „aus Liebe“ sich verloben; als sich aber herausstellt,
1202 3094 2136 3142 daß ein 5000 Gulden betragender „Jerthum" bezüglich
1202 3125 2126 3172 der Mitgift passirt ist — ein Irrthum, der bei dieser
1191 3169 2130 3224 Neigungspartie auf das Konto des ... Vermittlers
1195 3199 1398 3247 kommt: —
1442 3202 2137 3255 tauschen die beiden Freiersmänner
1196 3251 2132 3295 ganz einfach die Bränte. Den kecken satirischen
1199 3275 2132 3321 Grundton des Stückchens, din die anderen nur
1187 3313 2123 3365 durchschimmern ließen, traf am besten Herr Ehrens,
1179 3346 2132 3427 der als nüchterndenkender und gefräßiger Isidor
1191 3408 2128 3471 Klein in der ausdrucksvollen Sprache des Mundes
1199 3451 2131 3523 wie der Hände eine außerordentlich lustige
1186 3480 1458 3539 Leistung bot.
1267 3500 2123 3573 Das „Abschiedssouper“ von Schnitzler, das
1187 3547 2129 3611 den Abend beschloß, ist hier sehr bekannt. Auch in
1177 3596 2128 3639 „der Besetzung der Hauptrollen ist es bekannt. Aber
1193 3635 2119 3682 so händlungsarm und undramatisch es eigentlich ist,
1186 3667 2134 3727 man hört die hemortstischen Pointen und des guten
1186 3707 2130 3757 Anatol Bummelwitze immer wiedergern, wenn alles
1195 3740 2137 3799 mit se entzückender „Selbstverständlichkeit“, wie bei
1182 3775 2123 3835 den Wiener Gästen, herauskommt. Hansi Niese
1194 3817 2129 3869 als kleine unmanierliche Ballettratte, die weh¬
1187 3853 2123 3891 müthigen Abschied nimmt von Austern und Sekt
1191 3889 2119 3929 und ihrem Angtol, sprudelte wieder vor Uebermuth
1187 3921 2129 3987 und brachte die alten, wohlbekannten kleinen Witzchen
1183 3965 2120 4019 zu überraschend neuer Wirkung. Das Stückchen ist
1188 4001 2120 4065 ein Glas Sekt und muß so servirt werden. Die
1182 4036 1777 4104 Wiener verstehen es zu serviren.
1931 4041 2082 4104 R. P.
1692 4084 1753 4123 —
