3436 4256
199 137 1117 219 4.5. Abschiedssoupe
463 137 1679 245 box 8/1
1902 39 2860 103 modunrec mcte
1891 91 3067 167 Bewegung Abends noch zunahm, wurden die wichtigsten
1894 139 3062 193 Punkte der Stadt militärisch besetzt. Die Men¬
1900 193 3071 248 terer errichteten Barricaden, deren eine von Cavallerie
1898 233 3065 287 unter beiderseitigem lebhaften Feuer genommen
1897 274 3063 331 wurde. Zahlreiche Personen erlitten Ver¬
1896 319 3056 379 wundungen; man weiß nicht, ob bei diesem Zu¬
1907 373 3073 435 sammenstoße nicht auch einige Personen getödtet wurden.
1891 414 3068 488 Ein Angriff der Menterer auf das Kloster
1900 477 3068 532 Camilos wurde von der öffentlichen Gewalt zurück¬
1898 511 3070 581 gewiesen, wobei zahlreiche Verhaftungen vorgenommen
1901 570 3066 621 wurden. Nachts traten die Generale zur Prüfung der Lage
1907 606 3071 673 zusammen. Ein Aufruf des Bürgermeisters von
1901 671 3078 725 Valencia fordert die Bevölkerung auf, Ruhe zu halten. Für
1896 707 3076 761 heute werden neuerliche Ruhestörungen be¬
1910 750 3078 815 fürchtet. Die Abhaltung der Stierkämpfe wurde für
1907 803 2321 864 heute untersagt.
1993 850 3073 911 Valeneia, 2. Juli. Heute haben hier neuerliche
1897 898 3073 955 Ruhestörungen stattgefunden. Die Gendarmerie¬
1912 945 3077 1005 Kaserne wurde mit Steinen beworfen, wobei ein Gen¬
1904 985 3075 1053 darmerie=Capitän verwundet worden sein soll.
2008 1051 3074 1108 Barcelona, 1. Juli. Nach Berichten aus Badalona
1909 1097 3085 1158 ist der anläßlich der Einführung des neuen
1906 1145 3083 1198 Gemeinderathes entstandene Zusammenstoß auf
1917 1186 3076 1262 Parteizwistigkeiten zurückzuführen. Hienach würde
1914 1255 3085 1301 es sich um durchaus locale Unruhen handeln. (Badalona
1905 1285 3082 1343 ist die zweite Bahnstation der Küstenlinie Barodona¬
1913 1335 2260 1401 Fordera. D. R.)
2013 1375 3091 1446 Eine der in Badalona getödteten Personen gehörte
1917 1422 2772 1501 dem Beamtenstatus des Gemeinderathes an.
2095 1489 2898 1550 Die Revision des Montjnich=Proresses.
2002 1526 3094 1589 Barcelona, 3. Juli. Nach einem zu Gunsten der
1907 1572 3093 1634 Revision des Proceises von Montinich statt¬
1921 1637 3095 1687 gehabten Meeting wurde eine Demonstralion gegen
1920 1682 3090 1732 ein Jesuitenkloster veranstaltet. Die einschreitende
1922 1729 3090 1776 Gendarmerie wurde mit Steinen beworfen. Dieselbe machte
1905 1751 3093 1827 von der Feuerwaffe Gebrauch. Mehrere Personen
1914 1816 2430 1882 wurden verwundet.
2009 1860 3100 1921 Einige Gruppen von Leuten versuchten gestern Abends
1912 1901 3101 1964 die Schließung von Kaufläden zu erzwingen. wurden jedoch
1927 1958 2675 2017 von der Polizei ohne Mühe zerstreut.
2015 2008 3104 2075 Madrid, 2. Juli. Bei den gestrigen Un hen in
1916 2044 3105 2133 Barcelona wurden 30 Personen verwundel, datunter
1926 2103 2312 2177 mehrere tödtlich.
2017 2141 3095 2224 Madrid, 3. Juli. In mehreren Orten Cata¬
1926 2201 3090 2262 loniens wurden gestern Versammlungen zu Gunsten der
1930 2250 3095 2324 Revision des Processes von Montjnich ab¬
1929 2294 3098 2375 gehalten. Ein Meeting in Tarragona richtete an den
1930 2360 3107 2422 Minister=Präsidenten Silvela ein Telegramm, in welchem
1926 2402 3111 2478 die Revision mit allen ihren Consequenzen
1932 2450 2237 2529 gefordert wird.
2065 2525 3083 2627 Gastspiel des Deutschen Theaters.#“
2741 2601 3077 2677 Wien, 3. Juli.
2009 2656 3099 2718 Das Gastspiel des Berliner „Deutschen Theaters“ ist nun
1925 2706 3110 2785 doch eröffnet worden; mannigfache Schwierigkeiten stellten sich ihm
1928 2751 3099 2816 entgegen, zuerst sagte Kainz, dann Fräulein Lehmann ab;
1933 2779 3131 2867 später schloß sich Beiden mauch Kleinerer an. Die energischen Ums¬
2933 2850 2978 2900 —
1932 2891 3110 2959 ihres Hutes und Schirmes in den Donaucanal. Obwol der Vorfall
1942 2947 3104 2996 von den zahlreichen Passanten sofort bemerkt wurde, gelang es den
1939 2980 3104 3027 mit Rettungskähnen nacheilenden Sicherheitswachmännern nicht, die
1940 3014 3110 3089 Selbstmörderin, deren Kopf einigemale aus den Wellen auftauchte,
1936 3054 2391 3119 den Wellen zu entreißen.
2006 3089 3108 3144 [Selbstmord oder Unsell?] Heute Früh gegen 3 Uhr
1940 3134 3109 3187 wurde von dem Sicherbeitswachmanne Kraus beim Stadtbahn¬
1944 3170 3122 3221 durchlaß in Hacking die Leiche eines gut gekleideten Mannes aufge¬
1951 3218 3117 3257 sunden, die eine schwere Kovswunde aufwies. Mun nimmt an, daß
1940 3245 3099 3301 der Mann den letzten Zug nach Wien benützt hat und vom Zuge ge¬
1945 3292 3110 3348 sürzt ist. Die Identität des Todten konnte noch nicht festgestellt
1944 3323 3113 3372 werden, da bei ihm nur eine Ansichtskarte aus Weidlingau aufge¬
1945 3359 2843 3419 funden wurde, die mit „Paula“ unterschrieben ist.
2036 3376 3108 3454 [Tödtlicher Sturz.] Der 43jährige Maurergehilfe Johann
1939 3442 3113 3492 Ullich, der, wie berichtet wurde, am 1. d. M., Nachmittags,
3016 3486 3118 3534 der
1947 3489 3014 3533 während einer Balgerei auf dem Gerüste des Hauses Nr. 2
1945 3516 3104 3571 Jasomirgottstraße vom vierten Stockwerke in das dritte hinabgestürzt
1947 3558 3111 3604 in und lebensgefährliche Verletzungen erlitten hat, ist bald nach seiner
1963 3605 2907 3661 Ueberführung in das allgemeine Krankenhaus gestorben.
2026 3672 3109 3740 [Miss Saharet.] Diesen Namen wird man in den nächsten
1937 3733 3113 3774 Wochen in Wien oft hören. Er gehört einer bildhübschen jungen
1943 3766 3120 3821 Anstralierin, die Samstag als Tänzerin auf der Bühne in
1950 3808 3124 3878 Venedig in Wien“ debütirte. Aehnliches hat man hier noch nicht
1949 3851 3118 3912 gesehen und das tausendköpfige Publicum, dem Debüt bei¬
1949 3909 3129 3950 wohnte, war auch verblüfft. Wie viele Tänzerinn haben schon
1939 3940 3122 3999 auf Wiener Bühnen durch ihre Grazie, wie viele feurige Kinder des
1950 3980 3123 4069 Südens durch ihr Temperament bestrickt. Die Saharet vereiniat
1950 4036 2026 4075 —44
