3436 4192
266 74 1197 164 4.5. Abschiedssoune
546 71 1759 176 L box 8/1
379 736 1715 831 —
913 837 1260 894 Telefon 12801.
657 921 1732 1024 Gernehmen für Zeitungs-Ausschnitte. auss
498 911 657 1048 70
734 1004 1663 1135 „OBSBRVER‘ Nr.
348 1115 1728 1195 I. österr. behördl. concess. Bureau'für Zeitungsberichte und Personalnachric
656 1191 1521 1278 Wien, IX/1 Türkenstrasse 17.
601 1273 1575 1358 Filiale in Budapest: „Figyelö“, VIII. Josefsring 31 a. —
905 1354 1596 1471 Berliner Tageblatt
353 1402 826 1485 Ausschnitt aus:
362 1480 796 1618 vom 9/. 32.
525 1682 1661 1798 P Aus Wien wird uns telegraphirt: Die gestrige Erstaufführung
427 1721 477 1778 v
579 1750 1662 1818 ermann Bahrs Ehebruchsstudie „Inana“ im Raimund¬
620 1791 1656 1863 estaltete sich bewegt. In den Beifall mischte sich Zischen,
447 1777 490 1855 70
587 1818 1655 1900 Dialogstellen weckten eine nicht beabsichtigte Heiterkeit. Zum
449 1852 1658 1936 Schlusse behielt bestrittener Applaus die Oberhand. Ungetheilten
436 1888 1196 1961 Beifall fand Authur Schnitzlers Einakte
1193 1915 1654 1972 r. „Das Abschieds¬
431 1926 586 1974 soupe
631 1941 1657 2011 Adele Sandrock bewies in den Neuheiten die Viel¬
419 1970 1687 2058 seitigkeit ihres Talents, das von tiefer Tragik bis zum tollsten Ueber¬
430 2006 762 2092 muth reichten
863 2012 1004 2092 An
744 2827 1419 2909 Bezugs-Bedingungen.
360 2910 1304 2981 Für 50 Zsitungsausschnitte (Artikel odler Notizen)
1443 2890 1565 2960 7.50
449 2949 544 2995 100
1426 2933 1537 2995 14.—
1608 2940 1732 3020 Meunto.
441 2986 559 3034 200
1422 2983 1539 3037 25.—
1596 3010 1742 3047 Zahlbar
1426 3021 1548 3070 55.—
436 3023 554 3072 500
1576 3027 1757 3089 im Vorau¬
1390 3039 1551 3127 „ 100.—
388 3062 547 3130 „ 1000
486 3103 1714 3164 Im Gegensatze zu anderen Bureaux für Zeitungsausschnitte ist
359 3148 1385 3206 Abonnement durch keine bestimmte Zeitdauer begrenzt:
1444 3150 1783 3211 auch stehl es 421,
367 3200 1707 3258 Abonnenten frei die aufgegebenen Themen zu erganzen oder zu ändern.
2349 585 2676 681 Telefon 12801.
3045 672 3245 767 Ausschnitt
1940 622 2984 790 W UHernehmen für Zeitungs-Ausschritte.
2966 609 3256 850 u. 69
2173 739 2847 895 „OBSERVER“
1811 853 3260 964 I. österr. behördl. concess. Bureau für Zeitungsberichte und Personalnachrichtene
2085 940 2964 1039 Wien, IX/ Türkenstrasse 17.
2046 1025 3012 1106 Filiale in Budapest: „Figyelö“, VIII. Josefsring 31,a.
2425 1105 3001 1225 Wiener Zeitusg
1805 1163 2269 1267 Ausschnitt aus:
1823 1285 2204 1403 Na1 78
2239 1387 2708 1487 Theater und Kunst.
1971 1459 2997 1534 Im Raimund=Theater wurde gestern zum ersten
1947 1530 3009 1593 Male aufgeführt: „Juana“, Schauspiel in drei Acten
1961 1560 3005 1644 von Hermann Bahr. Das Stück fand Beifall, und der
1954 1612 3005 1680 Verfasser wurde nach den Acten wiederholt gerufen. Uns
1964 1668 2996 1734 und wohl noch manchem Andern hat das „Madrider Stück“
1954 1719 3005 1780 nicht gefallen. Herr Hermann Bahr, welcher der Entdecker
1966 1755 3016 1840 von Pfaden, die bereits vor ihm von dem literarischen
1966 1810 3008 1894 Touristenclub roth markirt worden sind, zu sein beansprucht,
1961 1865 3010 1934 geht fast immer auf betretenem Wege. So folgte er dem
1964 1907 3017 1975 Wiener Arthur Schnitzler, und Juana hat mit einer Figur
1957 1971 3019 2041 der Italiener entfernte Aehnlichkeit. Auch sie ist Ehebrecherin,
1971 2017 3017 2080 aber interessante Nebenumstände, neue Vorfälle und Verwick¬
1960 2061 3021 2143 lungen, die Erfindung verrathen, fehlen, ebenso wie der Blick
1971 2112 3026 2184 in die Tiefe des Herzens und das Wort, das dem Geiste
1964 2169 3022 2233 entstammt. Das alte Motiv ist banal und brutal durch¬
1962 2210 3015 2281 geführt, nur auf das Talent der Darstellerin der Juana
1967 2264 3023 2354 berechnet. Trifft es sich, daß die Rolle von einer Künstlerin
1970 2313 3011 2384 wie Frl. Sandrock in Gnaden ausgenommen wird und
1970 2374 3019 2430 Blut von ihrem Blute, das Wort aus ihrem flammenden
1966 2415 3023 2485 Munde erhält, so obsiegt das Temperament, und der
1978 2466 3028 2542 Erfolg der Race der Schauspielerin wird scheinbar auch
1972 2521 2935 2584 dem in die Hand genomrienen Stück zu Theil.
1986 2546 3039 2631 Frl. Sandrock spielte gestern später eine Rolle in dem kleinen!
1979 2613 3024 2683 Lustspiele: „Abschiedssouper“ aus dem Anatol=Cyklus
1986 2664 3024 2737 von Arthur Schnißler. Wie anders wirkt dieser Wiener
1870 2670 1968 2751 Für
3099 2685 3223 2766 neluno
1982 2722 3027 2806 Poet! Schnitzlet ist eine eigenartige Schriftstellergestalt. Er
3083 2751 3234 2797 Zahlbar
3075 2784 3263 2842 im Voraus
1981 2774 3023 2827 hat Wiener Menschen in die Welt gesetzt, ihnen Esprit und
1893 2803 3033 2906 " 10 Laune, tiefe Schmerzeslaute und jauchzende Lustworte ge¬
1992 2864 3289 2937 geben. Feiner Duft liegt über seinen kleinen und großen hnitte ist das
1871 2906 3306 2984 Abom Wiener Theaterbildern, und wenn manchmal der etwas zu h sieht es den
3036 2942 3205 2999 ändern.
1865 2977 1988 3031 Abon
1989 2971 3020 3042 starke Parfum der Tuberose, dieser falschen Gardenia,
1991 3015 3038 3093 exotisch vorschlägt, so erinnert das an Schnitzlers Art, die
1981 3091 3032 3141 Welt etwas pessimistisch anzuschauen und die Blumen des
1993 3109 3044 3197 Sargschmuckes mit jenen des Hochzeitskorbes zu verwechseln.
1995 3195 3023 3248 Ein bischen Leichengeruch kennzeichnet auch seine kleinen Orgien.
2000 3223 3037 3291 Diese Art modernes Wiener Stück gehört Schnitzler als
1994 3274 3038 3344 Begründer. Frl. Sandrock hat in der Sprache den Reiz
1989 3328 3033 3399 der bitteren Mandel, sie läßt den Nachgeschmack des Wehs
1986 3386 3044 3439 zurück. Schnitzlers Menschen besitzen nicht die naive Freude am
1992 3430 3043 3488 Genuß, und auch Frl. Sandrock scheint jedes Diner Abschieds¬
1997 3472 3035 3549 souper zu werden. Schnitzler ist eben durchaus modern und
1990 3529 3045 3577 Frl. Sandrock seine kleine Prophetin. Möge ihr Schnitzter
1984 3578 3040 3635 einmal ein Stück anvertrauen, in dem sie zeigen kann, welch
1987 3624 3013 3687 bedeutende Schauspielerin sie auch in großen Aufgaben ist.
