3392 4320
230 182 1227 227 eine Puppe und schenumgekehrt beiverschiedenen Gelegen¬
220 210 1228 271 heiten als „Kunststückchen“ mehr oder weniger gut aus¬
229 261 1226 319 führen gesehen. Aber bei Charlotte Wiehe ist es
227 303 1241 369 die Aeuserung einer harmonisch gefügten Kunst, die das
222 349 1219 405 Liniens il des Körpers zu plastischen; Akkorden ver¬
228 390 1227 446 eint. Das höchste Kunstwerk, der Mensch, erfährt in
220 420 1225 499 diesem Spiel ausdrucksvolle Deutung. Wie ein Geschönf
216 468 1233 538 der Renaissance, dem keine Kunstäußerung fremd ist,
228 521 1239 574 weiß sie ihren geschmeidigen graziösen Körper zum be¬
232 560 1243 614 seelten Instrument seiner Regungen zu machen. Sie zeigte
222 600 1221 662 sich als Mimikerin und Tänzerin in gleicher Vollen¬
228 653 1225 708 dung. Severin Mars, ihr Partner in den erwähnten
228 691 1216 733 Einaktern, ist ein Künstler von Charakterisik und Ge¬
220 717 1223 784 wandtheit. Das Haus zeigte das typische Bild eines
230 781 1225 839 sensationellen Abends. Von den Süen, die gespielt
228 818 1223 875 wurden, ist nicht mehr viel zu sagen. „La main“ ist
228 860 1221 925 eine raffiniert ausgetüftelte Einbrecherszene mit nerven¬
225 909 1216 946 spannendem Detail und theatralischen Schreckens¬
232 951 1226 990 momenten. Die Hand des Cinbrechers, die plötzlich vor
230 988 1235 1046 dem Vorhang erscheint, während die Tänzerin vor dem
227 1026 1228 1090 Spiegel steht, ist der Clou dieses Exzentr kstückchens,
228 1066 1225 1125 das übrigens in Wien schon wiederholt aufgeführt
222 1104 1225 1159 wurde. Frau Prasch spielte die Vivette an einem
228 1161 1219 1209 Volkstheaterabend mit starken dramatischen Alzenten.
226 1201 1217 1264 Schnitzlers „Abschiedssouper“ übte kößlichste Wir¬
223 1231 1230 1302 kung und mutete in der französischen Uebrtragung an,
228 1281 1225 1339 als ob es auf Pariser Boden gewachsen wäre. Der
227 1329 1219 1374 musikalische Teil des ersten und dritten Stückchens ist von
228 1365 1229 1437 Henry Verney, dem Gatten der Künstlerin, mit mehr
233 1421 1227 1472 Geschmatt hergestellt, als der stumme Tet, der viele
226 1456 1220 1507 theatralische Aufdringlichkeiten enthält. Die Künstlerin
222 1498 1233 1573 wurde bei jeder Gelegenheit mit stürmischem Beifall
229 1539 498 1612 ausgezeichnet.
1064 1544 1196 1607 Ch.
299 1611 1232 1678 Auf der Pariser Weltausstellung 1900 haben zwei
234 1664 1237 1723 Schauspielerinnen von sich reden gemacht, die inter¬
228 1714 1232 1759 essante schlitzäugige Japanerin Sadda Jaco und
231 1753 1246 1811 die „dänische Pariserin“ Charlotte Wiehe. Bis vor
229 1801 1233 1856 zwei Jahren war Madame Wiehe, die jetzt als erster
228 1841 1231 1911 Bühnenstar in Europa gilt, noch ziemlich unbekannt,
229 1888 1225 1950 obzwar sie sich seit itrer frühesten Jugend bemühte,
228 1923 1235 1989 ihre Kunst von der Schablone des Alltäglichen
575 1969 707 2024 Erst
733 1967 1233 2030 der Pariser Kritiker
232 1965 558 2029 herauszuarbeiten.
230 2009 1248 2086 Jules Claretie hat sie „lanciert“. Eines Abends
226 2103 1237 2154 kam er statt in das Theater der Sadda Jaco, in das
239 2149 1239 2199 des Pierre Wolf, wo Frau Wiehe die ersten Rollen
244 2195 1232 2249 spielte, sah und war begeistert. Im „Journal“ schrieb
240 2233 1235 2295 er dann einen glänzenden Artikel über „Lolotte“, die er
238 2275 1243 2339 nacheinander mit der tändelnden Rejane, der graziösen
240 2310 1231 2371 Illdie, der düsteren Duse und einem halben Dutzend
236 2372 1235 2410 anderer Theatergrößen verglich, und alle Vergleiche zu¬
234 2398 1237 2451 gunsten der „einzigen“ Wiehe ausfallen ließ. Paris, die
237 2441 1236 2489 Stadt des Lichtes, horchte auf die Stimme seines
234 2485 1248 2541 Akademikers, und das Glück der schönen Dame war
236 2525 1241 2582 gemacht. Henryk Ibsen half auch mit, seine Lands¬
237 2569 1245 2625 männin zu poussieren. Von ihm rührt das glänzend
244 2624 1241 2667 geistreiche Wort über die Wiehe her: „Getanzte
241 2659 1250 2716 Psychologie“ — und so ist jetzt „Lolotte“ ein Stern
242 2698 1234 2753 erster Größe am Himmel aller europäischen Theater.
238 2746 1242 2796 Charlotte Wiehe ist ein echtes Theaterkind, „geboren auf
231 2781 1249 2850 den Brettern“. Mit sechs Jahren kam sie in die Opern¬
226 2827 1233 2878 ballettschule zu Kopenhagen, wo sie sich zur Tän¬
236 2875 1252 2929 zerin ausbildete. Sechzehn Jahre alt, ging sie dann zum
240 2918 1248 2967 Soubrettenfach über und erzielte große Erfolge als
237 2956 1237 2999 Mamsell' Nitouche und Frou=Frou. Stets mit sich un¬
229 3001 1240 3059 zufrieden, wurde sie da auf einmal ernste Schauspielerin
233 3036 1250 3092 und spielte tragische Rollen. In den Stücken, die sie in
235 3084 1241 3144 Wien geben wird, tritt sie als Tänzerin, Sängerin und
227 3126 1251 3182 Mimikenin auf. So viel steht fest: Charlotte Wiehe ist
236 3165 1249 3224 als Künstlerin eine Individualität, vielleicht sogar ein
241 3214 1236 3269 Original in dem Sinne des Wortes, als sie sonst ver¬
237 3266 1245 3315 schiedene Künste: Gesang, Tanz, Mimik und Schauspiel
235 3309 1056 3366 zu einer einheitlichen Universitalität vermählt.
1544 240 2514 314 4. 5. Abschiedssouper
2649 246 3037 333 box 8/2
2404 294 2521 355 1
1800 286 2358 359 3 5
2094 571 2549 656 Telephon 12801.
1712 671 2935 750 Alex. Weigl’'s Unternehmen für Zeitungs-Ausschnitte
2715 732 2940 798 Ausschnitt
1944 753 2640 869 „OBSERER“
2764 783 3025 879 Nr. 84
1599 842 3041 944 I. österr. behördl. conc. Burean, für Zeitungsberichte u. Personalnachrichten
1831 920 2840 1011 Wien, IX/1, Türkenstrasse 17.
2001 990 2651 1065 — Filiale in Budapest: „Figyelö“ -
1613 1050 3044 1109 Vertretungen in Berlin, Chicago, Genf, London, Newyork, Paris, Rom, Stockholm.
1611 1190 2121 1273 Ausschnitt aus:
2155 1263 2857 1381 Noues Wiener Journal
1618 1320 2122 1440 vom: #%02
1836 1553 2773 1715 Theater und Kunst.
1770 1676 2923 1785 (Raimund=Theater.) Es ist schon immerhin etwas,
1648 1757 2926 1835 wenn selbst die marktschreierischeste Reclame nicht imstande war,
1673 1788 2924 1888 Frau Charlotte Wiehe um den Erfolg zu bringen. Denn ein
1658 1837 2919 1902 Erfolg war es; kein erschütternder zwar, aber doch ein Erfolg.
1654 1883 2920 1994 Die große Sensation ist ausgeblieben und an ihre Stelle trat
1667 1939 2935 2013 ein amüsanter Eindruck, eine leichte ästhetische Reizung.
1664 1986 2907 2074 Der Ruhm Charlotte Wiehe's hat seinen Ausgangspunkt
1654 2048 2902 2116 von der Budenstadt der Pariser Weltausstellung, genau so
1654 2082 3013 2170 wie der Ruhm Sadda Jacco's, mit der die blonde Däninssive
1637 2143 2985 2221 merkwürdigerweise auch sonst manche Berührungspunkte almeinsto.
1646 2193 2998 2246 hat. Es ist ein Gemisch von Pankomime, Tanz und bar
1649 2231 2893 2302 Schauspielerei, was sie bietet; ein feines Menu, wo die
2895 2245 3022 2305 raus.
1652 2270 3043 2363 Sausen oft besser sind als der Braten. Charlotte Wiehest das
1606 2335 3047 2420 4 ist Dänin, also wie man galant sag, eine Pariserin des es den
1604 2385 2909 2477 4 Nordens. Schlank, aschblond, graziös, ein bißchen frostig,
1651 2415 2887 2511 wie frappirter Champagner, dann prickelnd, lebendig. Man hat sie
2884 2452 3049 2527 nd die
1641 2478 2893 2549 nie ganz. So ist auch ihr Spiel. Im Tanz leicht und über¬
2887 2513 3042 2566 gen¬
1611 2491 3036 2594 I müthig, aber in der leichten Spielerei stärker wirkend als imtung")
1616 2586 2876 2648 „Affect. Das zeigte sich besonders deutlich in dem Mimodrama
2883 2594 3041 2645 iftliche
1608 2622 2873 2697 I. „Die Hand“, dessen Bekanntschaft man in Wien schon gemacht
2896 2633 3043 2692 e Mit¬
1604 2666 2893 2737 that. Die kokette Schelmerei der ahnungslosen Sängerin brachte
1640 2712 2895 2765 sie sehr hübsch: der Uebergang zu den dramatischen Stellen, wenn sie
1640 2761 2898 2841 die Hand des Verbrechers im Spiegel erblickt, ist nicht packend genug.
1631 2817 2893 2888 Ihre Vorzüge konnte sie dann um so besser und reiner in einer
1640 2862 2882 2934 unsäglich albernen „mimischen Erzählung“ wirken lassen. „L'homme
1635 2917 2889 2996 aux Poupées“ heißt das Ding. Charlotte Wiehe steckt sich
1633 2961 2880 3028 in eine Puppenmaske, um den in seine Puppen verliebten Dichters¬
1631 2999 2891 3075 mann zu heilen. Adam, Offenbach und Audran standen zu diesem
1631 3043 2879 3127 Werke Pathe. Die automatische Steifheit und das Zusammen¬
1635 3088 2881 3185 klappen copirte sie vortrefflich; der geschmeidige Reiz ihres Körpers
1635 3138 2875 3218 kam dann im übermüthigen Herumtollen erst recht zur
1633 3201 2887 3272 Geltung. Und als Schausvielerin sollte man sie auch kennen
1629 3246 2870 3311 lernen: sie spielte die Annie in Schnitzler's „Abschiedssouver“.
1636 3279 2899 3368 Sie haben das reizende Stückchen grausam zugerichtet; der Ueber¬
1627 3321 2885 3412 setzer hat aus der Annie eine „Louise“ gemacht und aus dem
1622 3385 2886 3465 Anatol einen „Maurice“; blos der Mar ist geblieben. Es ist
1624 3430 2875 3511 auch ein Max und Moritz=Streich schlimmster Sorte geworden.
1624 3469 2882 3548 Charlotte Wiehe gab das Balletmädel auch so, wie man in Paris sich
1630 3527 2885 3600 eine solche Dame vorstellt. Eine Demimondaine, capriciös, beweglich,
1626 3556 2875 3630 wie ein Gamin. Das ist nicht unsere Annie, wie wir sie so lieb
1616 3607 2869 3679 und echt von der Hansi Niese kennen oder in der schon stark ge¬
1624 3664 2871 3729 zwungenen, aber trotzdem anmuthenden Art der Sandrock. Sieht
1631 3714 2872 3788 man davon ab, dann zeigte Charlotte Wiehe in dieser Rolle trotz¬
1612 3746 2866 3823 dem als gewandte, liebenswürdige Schauspielerin. Erschütternd
1618 3816 2866 3883 war es also im Ganzen nicht, sondern blos amüsant und
1621 3848 2873 3909 interessant. Das Haus zeichnete die Dänin durch großen Beifall
1612 3895 2862 3992 aus; besonders als Puppe setzte sie die Hände in Bewegung.
1617 3950 2866 4019 Ein guter Partner steht ihr blos zur Seite: Mr. Severin¬
1616 4008 2866 4074 Mars. Als Einbrecher drückte er sogar die Gastin an die
1613 4050 2440 4129 Wand. Die Uebrigen sind traurige Helden.
2694 4063 2836 4146 b8—
