3392 4320
1335 277 1734 374 box 8/1
217 276 1196 390 4.5. Abschiedsscuper
648 323 1013 395 „ 1   5
738 601 1198 696 Telephon 12801.
371 709 1592 772 Alex. Weigl’s Unternehmen für Zeitungs-Ausschnitte
1351 769 1588 843 Ausschultt
1190 783 1336 865 Oe
584 819 1268 920 „OBSEHVEIT
1408 827 1667 923 Nr. 74
242 882 1671 983 =Lsttn Jbehördl. conc. Bureau für Zeitungsberichte u. Personalnachrichte
2154 935 2601 1027 Telephon 12801.
482 969 1484 1032 Wien, IX/1, Türkenstrasse 17.
1780 1023 3001 1120 Alex. Welgl’s Unternehmen für Zeitungs-Ausschnitte
661 1030 1289 1114 Fillale ½ Budapest: „Flgyelö“
2770 1087 3000 1165 Ausschnitt
253 1072 1673 1169 Vertretungen in Berlin, Chicago, Genf, London, Newyork, Paris, Rom, Stockloln
2594 1112 2725 1187 De
1999 1128 2617 1246 „OBSLKVEF
2824 1145 3072 1233 Nr. 50
244 1218 1623 1316 Ausschnitt ausgab nher ue 26
1617 1212 3106 1296 I. österr, behördl. conc. Bureau für Zeitungsberichte u. Personalnachrichten
1894 1282 2898 1375 Wien, IX/1, Türkenstrasse 17.
2074 1350 2714 1440 Filiale in Budapest: „Pigyelö“ —
266 1351 938 1466 vom. 2777 1730 1.
1687 1416 3105 1484 Vertretungen in Berlin, Chicago, Genf, London, Newyork, Paris, Rom, Stockholm.
1673 1558 2205 1652 Ausschnitt aus:
2348 1539 2959 1756 Satersinisete fne
1690 1697 1973 1785 vom: 22
467 1703 1600 1779 Stadttheater. Nach langer Zeit wieder ein litterari¬
385 1761 1592 1827 scher Abend. Ein prächtiger Abend, an dem uns drei No¬
1969 1666 2329 1852 2722 2
386 1797 1594 1872 vitäten bester Güte dargeboten wurden. Aus dem gut
385 1851 1591 1909 besuchten Hause konnte unsere Theaterdirektion ersehen,
374 1887 1597 1961 daß die Einführung litterarischer Abende von Seite des
380 1949 1601 2000 Publikums sympathisch ausgenommen wurde. Und wenn
384 1992 1589 2036 die Direktion auf den in letzter Zeit betretenen Weg fort¬
392 2032 1578 2089 fährt, dann wird ihr der nächste literarische Abend ge¬
1924 2006 2914 2109 — Man schreibt uns aus Salzburg: Im
385 2074 1599 2134 wiß ein total ausverkauftes Haus sichern. Als erste Piece
1897 2080 2907 2151 hiesigen Stadttheater fand am 20. d. M. ein inser¬
374 2118 1606 2170 ging die Komödie „Frau Edith“ von Eugen Brüll in
239 2133 356 2194 Für
1907 2124 2937 2202 essanter „literischer Abend“ statt. Es wurden diei
385 2163 1647 2214 Szene. Der Autor, welcher der Aufführung seines köst=se
1908 2162 2898 2230 Einakter aufgeführt, von welchen das Schauspiel
341 2202 1605 2272 lichen Einakters persönlich in einer Loge beiwohnte, konnte
1907 2216 2917 2274 „Edith“ von dem Wiener Schriftsteller Eugen Brüll
376 2248 1680 2320 mit dem durchschlagenden Erfolge seines Stückes vollaufst.;#
1911 2249 2905 2314 die Feuerprobe glänzend bestanden hat. Das ebensg
285 2271 343 2359 *
386 2299 1592 2367 zufrieden sein. Freie Wahl in der Liebe, Brechung mit
1908 2284 2901 2362 fesselnde wie gesstreich ausgeführte Stück machte, durch
389 2326 1682 2399 allen hergebrachten rückständigen, konventionellen Gesell= das
1914 2358 2911 2405 die gute Darstellung gehoben, großen Eindruck.
237 2354 376 2429 Abonn
397 2386 1682 2435 schaftslügen sind die Grundzüge des Stückes . Die wahre den
1913 2379 2905 2451 Rauschenden Beifall fanden die darin beschäftigten
249 2418 382 2483 Abonn
386 2436 1585 2487 Liebe fußt nicht auf Aeußerlichkeiten, wahres Glück, see¬
1918 2436 2906 2483 Mitglieder der hiesigen Bühne Herr Paul Blasel und
382 2474 1586 2534 lischer Friede muß aus dem tiefsten Innern kommen. Der
1684 2477 3089 2544 Für 50 Zeidie Damen Kraus und Biloff. Fräulein Kraus, die nelusive
1783 2508 1881 2557 100
389 2492 1698 2590 Gedanken ist gewiß nicht neu, die Durchführung aber brachtel de
1901 2506 3056 2572 den Wienern von ihrem Wirken am Raimundtheater her Porto.
247 2519 378 2589 Inhalt
1785 2554 1882 2596 200
1916 2550 3079 2625 noch in angenehmer Erinnerung sein mag, wurde von Zahlbar
392 2554 1667 2619 viel Neues und machte dem Autor alle Ehre. Besonderslen¬
245 2582 382 2629 blät
1780 2590 1883 2633 500
1910 2591 3097 2648 nächster Saison ab an das Theater in der Josefstadt in Voraus.
398 2587 1683 2683 trefflich gelang es ihm, die Charakteristik der Frau Edith#,
256 2620 379 2671 wodur
1758 2620 1901 2689 1000
1706 2641 1760 2699 „
1791 2650 2921 2713 Im G=Wien engagirt. Als zweites Stück wurde Schnitzler's
248 2659 370 2706 Leben
396 2648 1669 2706 Reisner und des Dr. Reinhold. Es fehlt uns leider ansgit¬
1676 2668 3121 2755 Abonnement „„Abschiedssouper“ aufgeführt. Die hübsche und kecke # ist das
245 2697 384 2763 theilur
390 2702 1584 2746 Raum, noch weiter einzugehen. Die Darstellung war vor¬
1677 2718 3127 2794 Abonnenten f Planderei hatte auch hier großen Erfolg. Die erfor¬ hit es den
389 2750 1599 2795 züglich. Fräulein Krauß als Edith und Herr Direktor#
1919 2765 2916 2828 derliche Steigerung erfuhr der literarische Abend durch
390 2782 1596 2836 Blasel als Dr. Reinhold hätten wir uns nicht besser wün¬
1798 2805 3114 2886 Der „die Aufführung der von dem gewesenen Mitgliede des ltend die
398 2813 1590 2882 schen können. Auch den sonstigen Darstellern, besonders
1688 2851 3115 2918 Inhaltsangab Wiener Hosopernballetes Fräulein Jos. fine Vergeorgen¬
389 2869 1586 2915 aber noch Herrn Stift als Architekt Rottenstein und Fräu¬
1691 2892 3117 2961 blätter (prachtvoll inszenirten und einstudirten Pantomime „Lo Zeitung“)
392 2914 1597 2968 lein Bieloff als Sarafine gebührt vollstes Lob. An diese
1686 2958 3133 3004 wodurch eine main“ von Henri Becque, in der sich neben Herrn chaftliche
377 2955 1600 3024 Komödie reihte sich Arthur Schnitzlers Lustspiel „Das Ab¬
2898 2982 3132 3052 Diese Mit¬
1687 2979 2692 3068 Leben des ! Blasel auch Fräulein Loos hervorgethan.
398 2999 1595 3058 schiedesenger“ Schnitzler hat es wohl nicht weiter nötig,
2462 3023 2720 3088 B Verschickt.
1687 3030 1963 3103 theilungen W.
385 3038 1598 3108 daß seinen Musenkindern Reklame gemacht wird. Das war
384 3102 1594 3141 ein Lustspiel, welches die Zuschauer von dem Augenblicke,
2003 3098 2777 3177 Prospecre gnatis und fnanco.
386 3134 1583 3180 in dem der Vorhang emporging, bis zu dem Augenblicke,
388 3170 1591 3227 wo er fiel, beständig in Atem hielt. Kaum hatte man den
379 3223 1582 3272 geistreichsten Witz in sich ausgenommen, so kollerte wieder
384 3254 1600 3317 ein Dutzend neuer trolliger Einfälle nach, als wollte einer
392 3303 1585 3363 den andern an Güte noch übertreffen. Und dazu das voll¬
383 3345 1590 3403 endetste Spiel des Fräulein Benedek, des Herrn Stift und
392 3389 1584 3448 Kneidinger. Fräulein Benedek scheint sich zu einer Salz¬
390 3417 1599 3492 burger „Niese“ entpuppen zu wollen, so frisch und an¬
396 3484 1601 3543 sprechend war ihr Spiel. Mit dem einaktigen Mimodram
396 3504 1601 3579 „Die Hand“ von Henry Bereny schloß der so schöne Abend.
387 3565 1608 3623 Die glänzenden, flitterbehangenen Sächelchen dieses zarten!
390 3620 1595 3671 Ballets, bildeten eine köstliche Augenweide. Fräulein Loos
389 3664 1601 3717 als Viverte, war eine reizende Erscheinung und verstand
395 3707 1592 3757 es, mit ihren zierlichen Bewegungen auch die Bewunde¬
385 3724 1592 3781 rung des verstocktesten Theaterbesuchers zu ergattern. Herr
379 3770 1589 3838 Direktor Paul Blasel gab den Einbrecher mit einer Vir¬
349 3824 1593 3900 tuosität, in der er die vollendetste Gestaltung erbrachte.
370 3891 1595 3970 Das war ein Theaterabend bester Güte und gehört in das
360 3952 1581 4019 leider nich. allzu vollgeschriebene Ehrenbuch näserer Di¬
379 4006 1585 4071 rektion. Zum Schluß aber noch Herrn Kapellmeier Hans
376 4038 1580 4105 Fuchs das größte Lob, für die so tadellose, brillante musi¬
385 4085 1590 4161 kalische Aufführung des an Motiven so überreichen Mimo¬
354 4112 555 4204 drams.
