3436 4224
265 165 1230 246 4.5. Abschiedssouper
522 165 1763 274 box 8/1
814 687 1215 765 Telefon 12801.
532 785 1549 883 Unternehmen für Zeitungs-Ausschnitte.
1406 838 1611 925 Ausschnilt
691 869 1690 1008 „CBSERVER“ Nr. 25
323 922 526 1045 105
316 998 1728 1093 I. österr. behördl. conc. Bureau für Zeitungsberichte u. Personalnachrichte
493 1064 1577 1168 Wien, IX/1. Türkenstrasse 17.
714 1153 1503 1251 Filiale in Budapest: „Figyels“ —
398 1227 1661 1303 Vertretungen in Berlin, Chicago, London, Newyork, Paris, Stockholm.
307 1360 852 1442 Ausschnitt aus:
1072 1362 1262 1450 Rot##
329 1484 1032 1609 1 70
1005 1818 1052 1854 —
690 1827 1630 1942 Chrater und Rute.
707 1913 1629 2001 Theater in der Josefstadt. Das war gestern
623 1949 1623 2037 [kin „literarischer Abend“ im Sinne des Wortes, ein
626 2028 1629 2085 Abend, der dem Direktor und dem Darsteller Josef
635 2052 1631 2141 [Jarno zur vollsten Ehre gereicht. Wenn auch das die
644 2115 1623 2170 vier Einakter des Abends einlgitende Drama „Eine
637 2156 1626 2219 Bagatelle“ von Dora Dunker ein Gefühl des
633 2200 1620 2248 Unbehagens weckte, zeugte es doch für die entschiedene
635 2231 1625 2307 Begabung der Verfasserin. Das Publikum war un¬
623 2256 1620 2336 befriedigt und dies mit Recht. Man rüttelt
629 2331 1617 2387 nicht so erbarmungslos an den Nerven der Leute;
631 2363 1624 2438 man malt kein sonniges, lachendes Thal als
631 2416 1633 2478 Staffage zu einem ekelhaften Gewürm. Wie eine Er¬
620 2436 1620 2525 holung, wie ein wohliges Aufathmen nach Momenten
629 2499 1625 2553 die Brust zusammenschnürender Beklemmung wirkte
627 2534 1633 2586 das kecke, von Otto Eisenschitz vorzüglich verdeutschte
618 2580 1622 2651 Lustspiel „Er, sie und er“ von Roberto Bracco.
614 2634 1616 2692 Wie eine schöne Frau den Gatten und den — An¬
624 2672 1615 2735 deren betrügt, das kann nicht anmuthiger und witziger
617 2705 1627 2772 ausgeführt werden. Das dritte Stück „Abschied
621 2762 1629 2822 vom Regiment“ von Otto Erich Hartleben
624 2792 1722 2904 arbeitet mit starken, aber höchst wirksamen Effekten. Es seics
338 2833 1691 2922 Far 50 Zeitu handelt sich um einen wackeren Offizier, den die Gattin uo.
421 2871 522 2925 100
614 2883 1703 2965 um sein Höchstes geprellt hat, um die Ehre. Ergreifende spuch
434 2906 529 2957 200
632 2927 1721 3007 lebenswahre Situationen und meisterhaft gezeichnete Fi= prau#¬
421 2950 534 3001 500
627 2976 1614 3031 guren. Der Abend schloß mit Arthur Schnitzler's Lust¬
381 2994 534 3056 „ 1000
618 3019 1710 3080 spiel „Abschiedssouper“ dem liebenswürdigsten ist
474 3058 1713 3128 Im Ge und geistreichsten Ematter der seit Langem von einem st es
351 3085 594 3150 Abonnement
603 3100 1605 3166 Deutschen geschrieben worden. Ein gewagtes Milieu,
352 3129 589 3200 Abonnenten
602 3133 1617 3217 eine frivole Handlung und doch wie köstlich
609 3187 1610 3251 die Zeichnung der Typen aus dem Leben der Groß¬
614 3231 1624 3304 stadt, wie prachtvoll der Rahmen zu diesem gesellschaft¬
603 3268 1609 3337 lichen Kleinleben! Gespielt wurde das Alles von
599 3319 1614 3376 Herrn Jarno und seiner herzigen Frau Hansi
604 3364 1602 3408 Niese, von Fräulein Fehdmer und den Herren
612 3395 1609 3460 Sachs, Pfann und Lechner sowie von den
609 3453 1613 3525 übrigen mit kleineren Aufgaben betrauten Mitgliedern
609 3484 1613 3548 dieser trefflich geleiteten Bühne in hächst anerkennens¬
610 3531 1600 3600 werther Weise. Der große Beifall, den sie Alle,
611 3580 1613 3645 namentlich aber Herr Jarno und Fräulein Niese
616 3617 1610 3690 obenan, fanden, war vollkommen berechtigt. Man findet
619 3656 1605 3728 jetzt in der „Josefstadt“ nicht blos angenehme Zer¬
613 3707 1614 3776 streuung, sondern auch vollgiltige künstlerische Leistungen.
1475 3760 1614 3818 G
2280 611 2675 671 Telefon 12801.
2000 705 3000 785 Unternehmen für Zeitungs-Ausschnitte.
2861 754 3063 831 Ausschnilt
1730 747 1932 913 105
2162 786 3166 923 „OBSERVER“ Nr. 20
1769 917 3221 985 I. österr. behördl. conc. Bureau für Zeitungsberichte u. Personalnschrichten
1948 971 3031 1074 Wien, IX/1. Türkenstrasse 17.
2168 1065 2819 1144 Filiale in Budapest: „Figyelö“
1859 1122 3109 1207 Vertretungen in Berlin, Chicago, London, Newyork, Paris, Stockholm.
1764 1256 2303 1325 Ausschnitt #us:
2435 1272 3078 1386 „Peuisches onbiani
1765 1394 2425 1501 vor 14/0
2019 1696 3040 1779 Josefstädter Theater. Dem Schornalistenverein „Con¬
1896 1757 3045 1808 kcordia“ und den Cohncordisten zuliebe führte die Direction
1916 1799 3037 1864 dieser Bühne gestern vier, sage vier secessionistisch realistische
1920 1849 3044 1910 Experimente in Gestalt von zwei Dramen und zwei Lustspielen
1920 1882 3035 1952 auf, in denen der Director Jarno, seine Frau Hansi Niese
1923 1939 3039 1994 und Fräulein Fehdmer Gelegenheit nahmen, ihre vollendete
1924 1989 3032 2035 Künstlerschaft zu erweisen, wofür sie reichlich mit Beifall und
1917 2022 3033 2095 mit den obligaten Kränzen bedacht wurden. Der Inhalt der
1929 2065 2402 2134 Einacter ist leicht erzählt:
2013 2095 3030 2174 „Eine Bagatelle“ von Dera Dunker be¬
1916 2134 3045 2210 handelt ein Sittlichkeitsverbrechen, das ein glücklicher Ehegatte
1918 2210 3039 2271 begeht, der drei Jahre Zuchthaus einem Selbstmord vorzieht.
1926 2246 3052 2331 In dem Drama weinen er (Jarno), sein Advocat (Lechner)
1924 2296 2929 2353 und sein Weib (Niese), bis der erlösende Schuß fällt.
2005 2347 3043 2409 „Er, sie und er“ ist ein Lustspiel vom bekannten
1921 2394 2684 2440 italienischen Realisten Bracco und
2680 2393 3034 2456 behandelt den
1911 2430 2349 2488 Ehebruch. Friedrich
2370 2435 2681 2494 (Pfann
2698 2432 3045 2507 liebt Klotilde
1924 2478 3037 2532 (Fehdmer), die Frau seines Freundes Rudolf (Sach s),
1916 2520 3048 2592 und will infolge dessen das Haus des Freundes verlassen.
1910 2565 3034 2635 Clotilde beweist Friedrich, daß er eigentlich ein Esel wäre,
1924 2603 2789 2672 wenn er ginge. Er bleibt und der Vorhang fällt.
2007 2639 3022 2729 „Abschied vom Regiment“ behandelt Ehebruch
1774 2715 3023 2794 Par #### Mord; der Liebhaber ermordet nämlich den Gatten
3018 2739 3156 2802 usive
1852 2752 2885 2802 10( (Jarno) seiner Geliebten (Fräulein Fehdmer.)
3004 2786 3108 2837 rto.
1853 2802 1939 2846 200
2005 2799 3138 2878 Zum Schluß kam das „Abschiedssouper“ von slbar
1842 2837 3156 2921 500 dem „scheuialen" Juden Schnitzler, in dem eine Cocotte (Niese) oraus.
1801 2886 3023 2951 „ 1000 und ein Gigerl (Jarno) bei Austern und Champagner
1895 2940 3016 2986 und unter Assistenz des Freundes Maxl (Sachs)
3031 2923 3209 2993 ist das
3032 2974 3210 3049 t es den
1784 2979 3017 3033 Abonne von einander Abschied nehmen. Dieser Schwank bot insoferne
1792 3017 3021 3086 Abonne Interesse, als wir denselben im Raimund=Theater mit Fräulein
1917 3061 3032 3117 Sandrock und Herrn Burg sahen. Die zwei Rollen der Annie
1904 3091 3023 3176 und des Anatol wurden ganz verschieden aufgefaßt. Burg
1906 3153 3035 3203 gab den Anatol als Gigerl in der heitersten Ausgabe, Jarno
1906 3188 3032 3258 faßte ihn ernster auf. Die Annie des Fräulein Sandrock
1917 3246 3024 3295 war eine Pariser Cocotte, die der Frau Niese eine Wienerin
1909 3285 3029 3349 aus den „enteren Gründen“ eine Balleteuse unserer Oper, wie
1902 3332 3022 3386 sie leibt und lebt. Frau Niese war herzig und putzig, was
1905 3378 3033 3434 man von Fräulein Sandrock gerade nicht behaupten
1909 3407 3067 3500 konnte, die infolgedessen den Schnitzlerischen Genre auch mehr
1906 3453 2103 3527 entsprach.
