3436 3936
198 -48 1358 33 pumfeNeisen, rolr lolffenl, eas reil —-
209 -6 1369 78 Freytag'sches Dramengelichter ganz gut in einem Land¬
202 56 1365 113 strich gedeiht, wo David Strauß einst die gesammte deutsche
204 103 1373 171 Aufklärung compromittirt hat, wir kennen diese ausgewachsenen
206 135 1372 222 Candidaten der Philosophie, von denen die Münchener
213 197 1370 262 „Fliegenden“ ihren zahnlosen Humor beziehen, diese biederen
215 242 1374 312 Moralphilister in Bratenröcken, die sich in allen braven
199 297 1378 361 deutschen Familienromanen herumtreiben. Sie sterben nicht
213 348 1376 395 aus, gewiß, aber sie sind schon lange gestorben. Es
211 389 1371 448 ist nicht recht einzusehen, was unsere Berliner Gäste
208 436 1367 503 veranlaßte, zu dieser weinerlich=lächerlichen Comödie,
212 470 1364 544 die ihr Dasein kümmerlich auf den Ruinen deutscher Gelehrten¬
213 539 1372 583 republiken fristet, zu greisen. Herr Woldemar Runge, der
206 588 1364 647 die Regie vortrefflich leitet, erschien vor der Rampe und
210 641 1364 700 dankte im Namen des Autors, den er telegraphisch von
204 678 1365 751 seinem Erfolge zu verständigen versprach. Gewiß, es war
209 742 1363 790 ein Erfolg, aher auch die Wahrheit hat mitunter kurze
206 773 1367 842 Beine. ... Das Ensemble selbst ist glücklich beisammen.
210 823 1366 884 Man spürt etwas von Schule und Milien darin. Die Berliner
209 869 1376 941 declamiren nicht, das thut wohl, sie versuchen, auf der Bühne
216 930 1374 980 gewöhnliche Menschenzu bleiben, das thut noch wohler, sie ignoriren
215 968 1378 1027 das Publicum und respectiren den Autor, das thut am
215 997 1378 1088 wohlsten. Kainz und Else Lehmann sind ausgeblieben, aber
220 1063 1374 1124 es sind noch immer tüchtige Leute genug beisammen. Da ist
218 1111 1367 1171 Fräulein Trenner (als Else), eine etwas herbe Figur
220 1155 1377 1229 mit norddeutschen Typuszügen. Es scheint, daß sie Herz
220 1202 1376 1266 hat; ist sie unglücklich und hat sie Fieber, so sieht sie
221 1269 1314 1323 wirklich leidend aus. Was ihr fehlt, ist schwer zu sagen
216 1313 1378 1366 sie ist keine Duse und keine Else Lehmann, aber sie
202 1354 1374 1409 hat es weg, daß man auf dem modernen Theater
219 1400 1364 1454 keinen Kothurn mehr braucht. Da ist Herr Nissen.
207 1435 1381 1514 Er gab einen Polizeiwachtmeister mit schnarrendem
213 1483 1377 1566 Biederton, ganz gut und tüchtig. Seine Gesten sind ein
221 1542 1367 1599 wenig todt, er steht mit gespreizten Beinen da und rollt die
222 1587 1378 1662 Augen, wenn er böse wird, besser, er wird böse, wenn er die
221 1635 1375 1694 Augen rollt; ob er psychologisches Feingefühl hat, wird er
213 1679 1379 1742 in anderen Rollen zeigen. Leichter Plauderton scheint ihm
208 1738 1375 1789 fern zu liegen. Herr v. Winterstein (Dr. Kern) hat
224 1782 1371 1844 Glück in der Maske, in der Aufregung streicht er sich das
221 1833 1377 1885 Kopfhaar in die Stirne, in kleinen Nuancen verräth er Geist
210 1889 1375 1941 und Eigenart. Sein College Kayßler (Wilhelm Kern) hat Styl,
218 1926 1379 1995 ob er Größeres kann, wird sich zeigen. In kleineren Chargen sind
221 1982 1378 2041 die Herren Reinhardt und Biensfeldt, sowie
220 2027 1376 2083 die Damen Wilke und Eberty vortrefflich. Herr
208 2067 1375 2136 Valleutin als Dippel stand auf ungeeignetem Posten,
216 2126 1381 2178 er wußte nicht, sollte er lächerlich oder auch tragisch sein,
223 2153 1404 2224 eigentlich war er keines von beiden. Ein noch unreifes
217 2208 1380 2271 Talent ist Herr Martin, allerdings scheint mit der un¬
222 2251 1382 2326 möglichen Gestalt des jungen Plattner nichts anzufangen zu
425 2308 1370 2366 Den Schluß des Abends machte Schnitzler's
217 2315 338 2370 sein.
217 2339 1388 2419 Planderei „Abschiedssonper“, dieser glückliche kleine
218 2394 1373 2451 Versuch, französische Plaudergrazie nachznahmen. Herr Nissen
219 2437 1388 2521 hatte darin seine Wachtmeistergrazie nicht abzulegen vermocht.
225 2494 1388 2564 Dafür schlug Fräulein Schneider als Annie ein virtuoses
229 2538 1389 2607 Lachen an. Sie war eine vortreffliche Art blonder Bestie.
228 2588 1393 2660 Essen, Lachen und Plaudern gelingen ihr vortrefflich. Ein
226 2656 1391 2715 liebenswürdiges Genretalent französischer Provenienz. — Das
236 2680 1394 2753 Publicum war sehr in Stimmung. Man rief die Gäste
228 2730 1393 2795 wiederholt und bewies ihnen rege Sympathien. Sie verdienen
237 2779 1406 2841 es. Ueber Dieses und Jenes wird mehr zu sagen sein, wenn
239 2827 1395 2921 man sie auf besserem dramatischen Boden zu sehen Ge¬
1199 2870 1396 2948 1.—1.
235 2889 665 2970 legenheit haben wird.
2133 660 2544 745 Telefon 12801.
1848 774 2870 868 Unternehmen für Zeitungs-Ausschnitte.
2732 842 2917 902 Ausschnitt
2006 847 2998 1004 „OBSERVER“ N. 68
1767 917 1945 1016 105
1634 991 3061 1049 I. österr. behördl. conc. Bureau für Zeitungsberichte u. Personalnachrichten
1798 1048 2897 1152 Wien, IX/1. Türkenstrasse 17.
2030 1135 2669 1214 Filiale in Budapest: „Figyelé“
1713 1210 2975 1298 Vertretungen in Berlin, Chicago, London, Nowyork, Paris, Stockholm.
1623 1314 2776 1424 Ausschnitt aus: Berliner Vageblatt
1631 1474 1994 1583 vom 3/2.26
1793 1640 2991 1725 * Verki#er Künfiler in Wien. Ueber das Gastspiel von Mit¬
1733 1706 2980 1768 giedern des Deutschen Theaters in Wien weldet uns ein
1916 1747 2980 1805 ##elegramm: Das Berliner Künstlerensemble exöffnete
1724 1787 2978 1840 gestern seine Vorstellungen im Raimund=Theater mit Wolzogens
1738 1831 2975 1886 „Lumpengefindel“ und Schnitzlers „Abschiedssouper“. Der Erfolg des
1728 1865 2976 1933 vorzüglichen Zusammenspiels mit seiner Herausarbeitung ausgezeich¬
1732 1898 2969 1982 neter Milienstimmungen war unbestritten. Wolzogens Stück interessirte
1733 1948 2973 2022 sehr in den ersten Akten, befremdete aber in den letzten. Doch konnte
1730 1988 2981 2060 der Regisseur Runge für die freundliche Aufnahme der Gesellschaft
1727 2024 2969 2105 und für den Erfolg des Stückes danken. Die tüchtigen Leistungen
1724 2082 2973 2147 Nissens und in einzelnen Szenen auch Wintersteins wurden
1729 2125 2980 2202 anerkannt. Weniger gefiel das „Abschiedssouper“ in der gebotenen
1735 2155 1975 2229 Darstellung.
2052 2725 2624 2807 Bezigs-Bedingungen.
1618 2786 2521 2867 Für 50 Zeitungsauschnitte (Artikel oder Notizen)
2654 2775 2774 2855 7.50
1699 2839 1791 2882 100
2638 2842 2776 2898 14.—
2809 2865 2973 2915 Porto.
1695 2872 1808 2925 200
2499 2887 2536 2940 45
2643 2878 2785 2929 25.—
2794 2892 2993 2954 Zahlbar
1681 2914 1807 2962 500
2635 2921 2771 2973 55.—
2502 2932 3013 3018 . 100.— im Voraus.
1631 2951 1798 3019 „ 1000
1736 3005 3049 3066 Im Gegensatze zu anderen Bureaux für Zeitungsausschnitte ist das
1615 3061 3061 3118 Abonnement durch keine bestimmte Zeitdauer begrenzt; — auch steht es den
1609 3104 2913 3162 Abonnenten frei die aufgegebenen Themen zu ergänzen oder zu ändern.
