3436 4320
916 280 1065 347 OUr
1284 272 1702 361 box 8/2
211 263 883 356 4.5. Abschieds
656 280 1216 391 HEISE per
781 1143 1239 1240 Telephon 12301.
405 1232 1627 1302 Alex., Weigl’s Unternehmen für Zeitungs-Ausschnitte
1408 1291 1616 1372 Ausschnitt
316 1245 630 1402 Ne106
591 1328 1299 1451 „OBSERVER
1445 1356 1683 1449 Nr. 12
289 1457 1721 1515 I. österr. behördl. conc. Bureau für Zeitungsberichte u. Personalnachrichten
510 1501 1525 1576 Wien, IX/1, Türkenstrasse 17.
682 1574 1328 1633 — Filiale in Budapest: „Figyelö“-
302 1619 1724 1714 Vertretungen in Berlin, Chicago, Genf, London, Newyork, Paris, Rom, Stockholm.
288 1712 1685 1835 hss Jgoder Tachuchtezz
1186 1823 1475 1921 Ssteek.
302 1922 873 2017 2½ 77%
1408 1964 1537 2062 727
660 2172 1304 2272 Stadttheater in Basel.
494 2198 605 2307 0
645 2255 1292 2330 Gastspiel Charlotte Wiehe.
494 2311 1478 2385 Die große Reklame, die dem Auftreten der dänischen
465 2365 1477 2429 Pariserin vorausging, hatte ihre Schuldigkeit getan und das
468 2418 1475 2485 Haus am Dienstag Abend wenigstens auf den besseren
465 2465 1488 2516 Plätzen ordentlich gefüllt. Da nach einer in Basel weitver¬
468 2517 1480 2563 breiteten Annahme das Unanständige auf Französisch an¬
473 2558 1475 2617 ständig wird, so wunderten wir uns nicht. Hier haben wir uns
459 2616 1476 2660 nicht mit dem schmierigen Inhalt des Gespielten auseinan¬
464 2662 1474 2711 derzusetzen, sondern nur zu konstatieren, daß vor allem die
304 2676 421 2754 Für
1499 2681 1712 2753 inclusive
451 2703 1478 2773 beiden Pantomimen in den Kardinal und nicht ins Stadt¬
1526 2742 1680 2785 Porto.
459 2751 1475 2821 theater gehört hätten. Der kleine Einakter „Souper
1502 2777 1698 2828 Zahlbar
457 2783 1728 2890 d’Adieu“ ist die Uebertragung einer Schöpfung des ele¬ im Voraus.
341 2853 1462 2918 „ 10 ganten Wiener Modedichters Arthur Schnitzler. Das fran¬
1484 2861 1742 2942 ütte ist das
461 2911 1472 2968 zösische Gewand steht ihm nicht eben gut. Was nun die
1482 2919 1743 2980 steht es den
310 2920 459 2985 Abonng
475 2955 1469 3013 Hauptdarstellerin selbst betrifft, so ist zu sagen, daß sie einen
1472 2962 1630 3023 ndern.
305 2977 459 3047 Abonne
462 3000 1471 3065 reizenden ausdrucksvollen Mund besitzt und diese Zierde sehr
1480 3027 1749 3103 ithaltend die
459 3046 1482 3107 hübsch zur Geltung zu bringen versteht. Sonst aber ist uns an
1490 3080 1751 3141 Morgen¬
301 3099 1471 3142 Inhalts ihr als Unterschied von gutgeschulten deutschen Schauspiele¬
1480 3118 1748 3185 ier Zeitung“)
314 3147 1463 3197 blätt rinnen nur eine enorme, alle Zufälligkeiten überwindende
1476 3165 1745 3215 rthschaftliche
325 3180 460 3228 wodure
456 3189 1471 3255 Konsequenz der Geschmacklosigkeit in Toiletten, Gesten und
1492 3202 1763 3269 I. Diese Mit¬
318 3212 444 3271 Leben
321 3241 1486 3302 theilun allem anderen aufgefallen. Schließlich sei noch erwähnt,
455 3288 1482 3344 daß die Pantomimen von einem scheußlichen fadenziehenden
466 3334 1486 3398 Gequitsch aus dem Orchesterraum begleitet wurden, das der
460 3376 1488 3456 Komponist selber leitete und das selbst die Nerven unmust¬
458 3430 1049 3512 kalischer Leute grausam berührte.
1341 3435 1438 3506 0.
2058 149 3199 237 re
2967 224 3195 300 Ausschnitt
2192 236 2941 369 „OBSERYEP“
3004 271 3253 379 Nr. 97
1843 374 3282 440 I. österr. behördl. conc. Bureau für Zeitungsberichte u. Personalnachrichten
2073 412 3068 506 Wien, IX/1, Tünkenstrasse 17.
2247 498 2894 567 — Filiale in Budapest: „Figyelö“ -
1853 559 3279 627 Vertretungen in Berlin, Chicago, Genf, London, Newyork, Paris, Rom, Stockholm.
1860 670 3242 773 kussehnt aus ##el 4artt sle Ilaotf #
2718 777 2980 869 Salten
1853 816 2438 930 vor: 23 (001
2629 892 3193 1000 KRSATZ
1989 1116 3055 1210 (Stadttheater. Voll von Grazie und Koketterie!!
1959 1179 3015 1259 hat sich uns gestern Madame Charlotte Wiehe vor¬
1965 1232 3044 1310 gestellt; in Nichtigkeiten zumeist, worin sie aber ihresi
1959 1290 2946 1343 reizvolle Kunst zu einem Gegenstand unserer Bewu
1958 1319 3022 1389 rung zu machen weiß. Die Schauspielerin, Tänzerin
1968 1383 3003 1434 und Sängerin vereinigen sich in einer überaus geschmei¬
1963 1423 3011 1492 digen, schlanken, blonden, mittelgroßen Darstellerin,
1950 1464 3009 1546 deren Gesicht jede Regung ungesäumt wiederzuspiegeln
1964 1524 3019 1591 weiß und die in ihrer Mimik und Pantomimik bei aller!
1958 1580 3013 1632 Deutlichkeit und Stärke des Augenblicks=Ausdruckes
1845 1584 1942 1652 Für
3041 1613 3242 1675 inclusive
1957 1615 3010 1684 immer natürlich bleibt. In dieser Kleinkunst steckt eine
3066 1665 3218 1712 Porto.
1954 1666 3009 1750 durch Fleiß, Ausdauer und Studium erhöhte Begabung,
3052 1699 3236 1750 Zahlbar
1948 1709 3252 1800 welche in der Tat die Beachtung rechtfertigt, die ihr] im Voraus.
1891 1765 1932 1807 „
1950 1762 2397 1829 überall geschenkt wird.
2989 1793 3267 1861 litte ist das
1836 1807 3272 1913 Abom Der Gatte der Künstlerin, Herr Beröny, hat einige steht es den
1841 1873 3155 1959 Abom mimische C.nakter für sie verfaßt, von denen wir den Sudern.
1962 1915 3015 1990 gestern zuerst aufgeführten, „Die Hand“ schon von
1957 1957 3264 2021 einer Aufführung zu Anfang dieses Jahres her kennen, enthaltend die
1835 1991 1985 2047 Inhal
1842 2014 3265 2087 b1af In dieser Szene, wo sich alles auf den Augenblick zu. Morgen¬
3232 2050 3267 2072 K
2968 2049 3255 2102 iener Zeitung")
1844 2071 3264 2144 wodur spitzt, da die Tänzerin über ihrem Studium im Spiegelyirthschaftliche
1838 2123 3284 2192 Leben die Hand des Einbrechers gewahrt, zeigt Madame Wieheird. Diese Mit¬
1845 2165 3009 2233 theilu vornehmlich das ungemeine Ausdrucksvermögen ihres
1960 2213 3016 2285 Gesichtes; das Entsetzen, wie sie die unheimliche Faust
1949 2307 3006 2370 szene „Seine Puppe“ schildert die Leidenschaft eines
1959 2361 3005 2421 Poeten für Puppen, die er zum Leben wecken möchte,
1953 2390 3012 2471 während er seine Frau vernachlässigt. Um ihn wieder
1948 2460 3001 2522 zu gewinnen, spielt sie eine Puppe, der er wirklich
1939 2502 3012 2567 Leben einflößt und die dann wieder zum Automaten
1958 2559 3008 2616 wird, um schließlich aufs neue Leben zu gewinnen und
1960 2596 3006 2671 damit auch ihn. Hier wirkt der Gegensatz zu den puppen¬
1950 2637 3007 2731 halter und den natürlichen graziösen Bewegungen un¬
1951 2695 3015 2772 gemein drollig und außerdem gestattet die Situation der Dar¬
1940 2743 3010 2806 stellerin, ein hervorragendes Talent der Charakterisierung zu
1959 2791 3009 2864 offenbaren. Man hat in dem einen und anderen Stück
1957 2836 3013 2905 Gelegenheit gehabt, eine Schauspielerin als Puppe zu
1960 2884 3017 2950 sehen — Mme. Wiehe dürfte aber durch die Vereini¬
1970 2921 3010 3006 gung von verschiedenen Gaben da kaum zu übertreffen sein.
2020 2969 3013 3058 Als eine Schauspielerin, die über das Mittelmaß
1959 3026 3004 3097 weit hinausgeht, offenbarte sich schließlich die Gastin in
1954 3095 3008 3157 dem Schnitzleischen Abschiedssouper, von Vaucaire
1952 3144 3002 3209 ins Französische übertragen. Zu den Drölerien und
1946 3169 3003 3260 Pikanterien der Bewegung gesellte sich hier das gesprochene
1947 3234 3008 3311 Wort. Sie plaudert ganz im Geiste der ausgehaltenen
1952 3281 3013 3337 Dame, die plötzlich toll verliebt ist in einen armen
1947 3338 2997 3393 Teufel, der ihr weder Burgunder, noch Champagner,
1952 3375 2999 3446 noch Austern mehr bieten kann — all den schönen
1940 3412 2997 3485 Dingen, denen sie um seinetwillen — für kurze Zeit
1957 3478 3009 3558 wahrscheinlich — Valet sagt. Wie Madame Wiehe sich
1943 3524 2994 3580 ihr Räuschlein antrinkt, dabei ins Gekicher und in eine
1955 3555 3001 3639 naive Offenherzigkeit gerät und in ihren Bewegungen
1944 3620 2996 3673 das Demimondaine zur Geltung kommen läßt, ohne
1956 3668 2995 3736 vulgär zu erscheinen, gibt sie einen einzigen Beleg für
1956 3716 2804 3772 eine hervorragende Kunst der Kleinmalerei.
2011 3764 3006 3828 Von den Partnern der Darstellerin ist nicht viel
1942 3806 3013 3876 zu sagen — es ist Mittelgut; wenn es daran heran¬
1954 3853 2995 3928 reicht. Die Nebenpersonen waren z. B. in der Auf¬
1953 3908 3003 3976 führung der „Hand“, wie sie seinerzeit vom ständigen
1956 3965 3008 4030 Ensemble veranstaltet worden war, viel besser vertreten
1954 4002 3002 4073 — sonderlich übertraf die Haltung und Eleganz des
1939 4054 3005 4115 Herrn Müller als Baron u jeder Hinsicht die des
1941 4099 2470 4186 französischen Schauspielers.
2803 4093 3023 4171 v. I.
