3436 4224
356 2967 441 3056 Fü.
289 186 1122 269 4.5. Abschiedssour
545 181 1764 303 aper box 8/1
822 850 1225 931 Telefon 12801.
536 957 1545 1047 Unternehmen für Zeitungs-Ausschnitte.
1413 1013 1622 1082 Ausschnitt
470 1040 653 1167 105
694 1058 1706 1174 „OBSERVER“ N. 60
315 1157 1701 1254 I. österr. behördl. conc. Bureau für Zeitungsberichte u. Personalnachricht
503 1238 1580 1341 Wien, IX/1, Türkenstrasse 17.
731 1323 1366 1406 Filiale in Budapest: „Figyelé“
407 1394 1667 1494 Vertretungen in Berlin, Chicago, London, Newyork, Paris, Stockholm.
318 1495 1493 1610 Ausschnitt aus: Codtaacecse
1417 1559 1660 1642 Mer
325 1657 717 1768 vom 3/ /87%
887 1952 1228 2066 Theater.
421 2008 555 2103 —
551 2034 1656 2124 (Naimund Theater.) Das Ensemble=Gastspiel
421 2115 1654 2170 von „Mitgliedern des Deutschen Theaters aus
421 2151 1650 2222 Berlin“ hat gestern mit glänzendem Erfolge begonnen
427 2207 1661 2277 Aufgeführt wurde Ernst von Wolzogens Tragikomödie
427 2260 1645 2311 „Das Lumpengesindel“, welches für Wien Premiere
436 2299 1656 2388 war und Arthur Schnitlers bekannte An#tol=Plauderei
441 2363 1656 2418 „Abschiedssouper. Für heute begnügen wir uns blos
436 2404 1648 2468 mit der Constatirung dieses außerordentlichen äußeren Er¬
433 2449 1649 2500 folges und behalten uns da die Zeit zu kurz ist, eine
424 2493 1649 2561 kritische Würdigung des prächtigen Wolzogen'schen Stückes
435 2550 1653 2590 für später vor. Gespielt wurde, dem Rufe des deutschen
436 2595 1654 2679 Theaters gemaß, glänzend; und hauptsächlich war es das,
433 2648 1649 2711 Zuf mmenspiel, welches diesen Sieg erfocht. Die Sterne#
419 2680 1667 2738 des deutschen Theaters, von denen Kainz und die Leh¬
420 2751 1658 2801 main bekanntlich im letzten Moment von dem Gastspiel
435 2787 1650 2852 zurückgetreten sind, wirkten diesmal noch nicht mit. Aber
433 2844 1649 2895 die Art, wie Dialog und Seene behandelt wurde, zeigte,
430 2879 1642 2943 daß diese Schauspieler gewöhnt sind, miteinander im Dienste
428 2923 930 2998 des Dichters zu spielen.
531 2973 1728 3061 Und so kamen eben die beiden aufgeführten Werke sive
435 3032 1708 3102 restlos und schön zur Geltung. Das gilt vom „Lumpenges to.
1629 3073 1706 3118 lbar
428 3083 1740 3157 findel“ noch mehr als vom „Abschiedssouper“. Im „Lum- hraus.
425 3135 1639 3188 pengesindel“ spielten die Damen Trenner, Elerty und
437 3175 1714 3234 die Herren von Winterstein Kayßler, Nissen ist
428 3223 1750 3293 Martin, Biensfeld und Peinhard:, letzterer indes d
392 3285 1634 3343 al einer Charge besonders vorzüglich. Für den abwesenden
427 3332 1628 3396 Dichter dankte Regisseur Runge. Im „Abschiedssouper“
428 3375 1631 3447 spielte Frau Schneider die Annie und stattete ihre Rolle
424 3431 1641 3491 mit einer Fülle von originellen und neuen Nüancen aus.
416 3477 1638 3534 während Herr Rissen schon durch sein Aeußeres gezwungen
415 3534 1646 3602 war, die Figur des Anatol in anderen Linien zu halten als
1491 3567 1586 3653 A.
410 3575 1205 3650 wir sie uns vorzustellen gewohnt sind.
2291 877 2688 947 Telefon 12801.
2003 973 3002 1061 Unternehmen für Zeitungs-Ausschnitte.
2877 1023 3061 1090 Ausschnilt
1699 1056 3154 1197 105 „OBSERVER“ N.61
1773 1178 3226 1257 I. österr. behördl. conc. Bureau für Zeitungsberichte u. Personalnachrichten
1955 1250 3049 1356 Wien, IX/1. Türkenstrasse 17.
2182 1351 2855 1424 Filiale in Budapest: „Figyelé“ —
1875 1385 3126 1499 Vertretungen in Berlin, Chicago, London, Newyork, Paris, Stockholm.
1784 1516 2994 1620 Ausschnitt aus: Sonn- u. Mentags Seitung
1780 1690 2167 1795 vom 3/293
2369 1964 2613 2056 Theater.
1995 2025 3070 2096 (Das Gastspiel des Deutschen Theaters.) Gestern
1895 2084 3078 2143 eröffnete das Ensemble der Mitglieder des Berliner Deutschen Theaters
1904 2142 3074 2199 sein Gastspiel im Raimund=Theater mit der Aufführung von
1906 2199 3078 2248 Wolzogen's „Lumpengesindel“ und Schnitzler's „Abschieds¬
1899 2235 3080 2293 souper“. Sowohl die Stücke als die Darstellung gefielen. Fast
1904 2279 3077 2333 sämmtliche Acteure hatten Gelegenheit, den Beifall des Publicums
1893 2313 3088 2394 durch mehrmaliges Erscheinen dankend zu quittiren und für den ab¬
1896 2375 3075 2424 wesenden Wolzogen konnte der Regisseur Herr Woldemar Runge die
1905 2422 3075 2483 Danksagung übernehmen. Nur eine kleine Minorität von Zischern war der
1901 2466 3088 2536 Ansicht, daß dies nicht nöthig sei. Diese Minorität nahm den ironischen,
1902 2516 3089 2570 Titel des Stückes ernst und schien die Moral desselben thatsächlich als
1909 2565 3081 2623 Lumpenmoral anzusehen. „Lumpengesindel“ heißen die handelnden
1910 2622 3083 2666 Personen des Stückes, weniger wegen des lustigen und witzig dar¬
1897 2659 3076 2725 gestellten Bohéme=Milieus, in dem sich die Handlung vollzieht,
1901 2706 3078 2755 als wegen der Leichtigkeit, mit der sie sich über einige For¬
1913 2750 3083 2813 derungen der conventionellen sexuellen Moral hinwegsetzen. Der Held der
1914 2798 3081 2861 Geschichte, dessen Frau eine Vergangenheit hat, ist ein wahrhafter
1912 2844 3082 2910 Philosoph und vorurtheilsfrei, und es kommt zu einem Conflicte und
1911 2901 3079 2961 einer ernstlichen Spannung des Zuschauers überhaupt nur infolge
1911 2937 3081 3004 glücklicher Nebenumstände. Einer der Bohemiens, der i Bildhauer
1828 2985 3188 3076 For Plattner, ist aber gar zu naiv — offenbar hat man ihn deshalb zu lusive
1909 3058 3170 3100 einem Wiener gemacht — in Bezug auf die Moral, er scheint nicht orto.
1910 3079 3198 3152 einmal die Eristenz ihrer Forderungen zu verstehen. Er empörte den hlbar
1908 3113 3216 3193 einen, belustigte den anderen Theil des Publicums, und seine Dar= Voraus.
1909 3180 3266 3249 stellung fiel durch sein Wienerisch unangenehm aus dem Berliner, ist das
1902 3240 3271 3287 Emsemble. Sonst aber war das Zusammenspiel ein vollkommenes= ht es den
1828 3250 1899 3315 Al
1847 3274 3118 3356 41 Herr Nissen als Polizeiwachtmeister, Vater und Schwiegervater, a.
1909 3322 3088 3394 Allen voran in der Darstellung eines individuell verfeinerten Typus,
1898 3387 3086 3431 Herr Reinhardt als Commercienrath Dessoir, Annie Treuer
1894 3429 3086 3479 als die Heldin der Tragikomödie, sind in erster Linie zu erwähnen. — Das
1899 3456 3082 3514 „Abschiedssouper“ ist in Wien bereits bekannt. Herr Nissen gab einen
1908 3504 3076 3564 etwas gealterten Anatol, Fräulein Gisela Schneider spielte die
1906 3557 3081 3623 Annie mit einem Verismus, der die Figur ins vollste Leben stellte,
1896 3603 3089 3677 dem Stücke aber dadurch etwas von der Liebenswürdigkeit nahm,
1894 3644 3100 3736 die bei der Lectüre die Gemeinheit der Person überdeckt.
