3392 4256
285 202 1242 293 4.5. Abschiedssouper
566 200 1793 308 E box 8/1
570 1206 1762 1262 Poldi recht nabe zn steben. Endlich bringt er auch die hinaus
572 1247 1756 1298 und es kommt Lona. Erst zanken sie, das Theater wirft seine
570 1288 1749 1341 Schauen in ihre Freuden. Er will nicht ihr „Geliebter“ sein,
572 1339 1747 1391 sondern ihr „Mann“ — so feiern sie denn mit der Ironie auf
576 1386 1751 1436 den Lipven ihre Verlobung. Mit lauter Küssen wird es spät, drei¬
564 1425 1762 1467 viertel Sieben, mit dem Rufe „Das verfluchte Theater!“ stürmt
566 1465 1762 1522 sie ab. „Das verfluchte Tbeater“ murmelt er nochmals nach¬
572 1508 1749 1561 denklich, Poldi ist eben ein Riesenphilister, „das Theater ist halt
564 1557 1759 1609 eine ganz andere Welt“, von der dieser biedere Staatsbeamten¬
568 1599 1760 1652 Jüngling keine Ahnung hat. Die Biederkeit der „guten Familie“
574 1647 1753 1700 versulzt ihm das Temperament, liegt in seinen Adern, er passt
564 1683 1760 1730 nicht in die Kreise, in die er sich gemengt hat. Im dritten Acte
574 1733 1756 1785 kommt es zwischen ihm und Lona zum Bruch, aus seiner
572 1772 1757 1833 Philistermoral heraus beschimpft er die Schauspielerin im all¬
565 1810 1538 1878 gemeinen, Lona als Weib. Aber wie erhebt sie sich.
690 1868 1752 1925 Lona: (ohne sich unterbrechen zu lassen, sehr stark, schreiend)
565 1898 1763 1954 Was glaubst Du denn von mir? Aber natürlich! Ich bin ja nur
571 1942 1753 2002 so eine vom Theater! Da kann man sich alles erlauben, wir dürfen
570 1989 1762 2025 nicht io empfindlich sein, wir vom Theater! Welche Gnade von Dir,
578 2023 1759 2075 welche Ehre für mich! Aber, mein Lieber, da hast Du Dich in mir
571 2069 1758 2121 geirrt: ich bin nicht die Frau, mir das gefallen zu lassen — ich
568 2105 1763 2149 nicht! Ich schäme mich nicht, o nein, ich bin stolz, so eine vom
575 2136 1755 2184 Theater zu sein — ja wohl: stolz! Merk Dir das! Wir sind unsere
576 2185 1758 2228 eigene Welt und haben andere Suten; aber wir sind des¬
575 2220 1757 2265 wegen nicht schlechter, weil wir anders sind — ich
580 2258 1757 2301 stelle mich ruhig neben die beste von Euren Frauen
566 2298 1758 2352 hin, ich bin nicht weniger wert .. . . und uns wird es
570 2335 1570 2403 wahrhaftig nicht leicht gemacht, uns vom Theaier! — —
698 2373 1749 2445 Merk Dir das, gut moralgeblähter Pharisäer oder Du
573 2428 1754 2486 cynischer Lebemann, der „die vom Theater“ verachtet, glaubt,
579 2472 1759 2527 dass sie sein „Freiwild“ ist! Es gibt und gab Frauen des
565 2515 1754 2573 Theaters, die zehntausendmal reiner, höher steben als die
572 2559 1760 2624 bürgerlichen Frauen. Nur die Borniertheit oder die Gemeinheit
1527 2600 1754 2661 Lona und
577 2604 1468 2661 suchen die Fran des Theaters herabzusetzen: —
577 2647 1761 2697 Poldi scheiden von einander, sie ist für immer von der „Sehn¬
576 2691 1753 2761 sucht nach dem kleinen Glück“ geheilt, er heiratet das Hundert¬
570 2729 1541 2801 tausendgulden=Mädel, die liebe, gute Gerty Danzer.
698 2767 1756 2836 Der „Star“ eröffnet die liefsten Lebensregungen des
583 2830 1763 2886 Theaters. Er zeigt uns, dass die Welt des Theaters eben so
583 2875 1758 2927 schön wie häfslich ist, dass in ihr zu leben nur ganz bestimmte
584 2916 1763 2977 Naturen geeignet sind, die aber eben nur ihre Schönheit fühlen,
581 2962 1763 3026 gern die Schmerzen verwinden, die sie mit sich bringt, ewig
573 3007 1758 3077 empfinden, dass das Theater etwas Großes, Herrliches, Heiliges
584 3055 1752 3105 ist. Die Leidenschaft für das Theater ist die schrankenloseste,
573 3093 1749 3144 wen sie erfüllt, der ist an und für sich bereits ein Künstler. Eit
584 3138 1353 3217 Glück, dass sie nur die Berufenen erfüllt.
1323 3176 1744 3275 Rudolf Holzer.
1772 1135 3124 1233 aus der Welt schaffen kann. Wohin es führt, wenn man gegen dieses gesehen.
3055 1184 3384 1246 Sonntag den 5. d
1769 1207 2932 1256 historische Postulat verstößt, zeigt die gegenwärtige Lage. Wie
2948 1221 3400 1282 Oswald im Gasbauf
1763 1242 2937 1288 triumphierte man, kurzüchtig und von Vorurtheilen erfüllt, als man
2947 1267 3391 1328 statt, dessen Erträgnis de
1771 1282 2934 1339 den „deutichen Liberalismus“ niedergerungen glaubie! Und heute mag
3050 1304 3389 1360 Ebensee, 2. Fel
1770 1328 2935 1374 manche, die dabei mitthaten, eine gewisse Reue überkommen. Denn
2943 1339 3388 1406 eine äußerst seine und ge
1759 1367 2928 1419 so lange dieser vielgeschmähle deutive Liberalismus noch gehört und
2952 1386 3382 1437 Turnverein nur gratulie:
1764 1402 2934 1459 berücksichtigt wurde, gedieh ungeachtet dieser oder jener vorüber¬
2947 1425 3373 1468 den gestern in den Räum
1775 1443 2934 1492 gehenden Evisode, der Staatsorganismus, der heute von so schweren
2952 1464 3384 1515 stattgebabten Turnerball.
1764 1478 2937 1532 Stürmen umbraust ist. Mit der Vertagung des Reichsrathes ist eine
2947 1501 3371 1558 Geschmack durchgeführte
1762 1519 2940 1569 neuerliche ernste Wendung eingetreten, und die verantwortlichen Männer.
2947 1542 3377 1592 blemen, Blaupflanzen un
1763 1562 2928 1604 welche sie verfügten, treten, welches immer auch ihre Pläne sein mögen,
2944 1574 3399 1627 Ausschmückung aller Ned
1762 1595 2934 1640 die sie während der reichsrathslosen Zeit, in der Aera des Damokles¬
2940 1619 3384 1668 des, malerisches Bild, de
1771 1628 2941 1689 Paragraphen, zur Ausführung bringen wollen, doch nur eine Reise
2951 1660 3401 1711 der zahlreich erschienene
1775 1673 2106 1738 ins Ungewisse an.“
2954 1687 3368 1746 wesentlich erhöht wurde.
1884 1686 2946 1772 Die „Deusche Zeitung“ meint, die Ankündigung einer
2955 1727 3379 1783 die herrichenden Raumve
1776 1753 2935 1799 solidarischen Kundgebung der Rechten sei für den Grafen Thun ein
2945 1773 3379 1820 gegeben wurden, war der
1775 1792 2941 1838 Grund mehr geweien, die Pforten der politischen Börse auf dem
2950 1814 3372 1863 Gmunden, Hallstatt und
1772 1829 2934 1882 Franzensringe schnell zu schließen. „Denn was kann da anderes
2942 1853 3370 1900 so dass schon lange vor
1771 1867 2936 1913 herauskommen als eine Erpressung im großen Stile? Die Klein¬
2958 1888 3378 1938 mehr schwer ein leeres
1771 1905 2945 1959 arbeit haben die biederen Seelen vom Schlage der Jaworski, Engel,
2960 1933 3376 1982 und heitere Geselligkeis b
1775 1939 2943 1991 Bulat, Karlon u. s. w. eben schon sait. Graf Thun aber fürchtet den
2957 1967 3375 2020 Tanzvergnügen bei den
1769 1984 2946 2028 Postulatenrevolver bereits wie den leibhaftigen Gottseibeinns; er bai
2940 2006 3378 2061 jägern bis zum frühen 2
1776 2023 2937 2077 sich schon verausgabt und nun gienge die Sache ins innerste Mark;
2945 2049 3379 2098 originellen Damenspenden
1766 2062 2939 2110 der Lebensnerv des Staates würde vollends zerissen und zerstört. Für
2948 2088 3383 2138 vom Tanzarrangeur Her
1767 2099 2940 2146 ihn den kraft= und entschlufslosen Staatslenker, gibt es nur einen
2958 2118 3378 2177 hübsch zusammengestellter
1774 2140 2948 2184 Ausweg — er sucht sein Heil in der Flucht; ist doch das rettende
2957 2161 3366 2218 der von dem Turner 9
1766 2181 2597 2242 Eiland in Sturmesnöthen, der § 14, nicht fern.“
2949 2199 3399 2255 Lanciers“ dessen tadel
2106 2221 2608 2298 Der Kaiser von China.
2959 2225 3369 2290 Dem rührigen Comité,
2941 2280 3375 2326 stand, welcher sich besond
1869 2279 2945 2347 Aus den verschiedensten Quellen kommen Nachrichten, dass
2958 2317 3382 2367 gebürt alle Anerkennung
1769 2327 2941 2388 die Tage des Kaisers von China gezählt sind, dass er dem
2963 2358 3383 2408 Tiroler Kaiserjäger, welch
1768 2383 2940 2433 Hasse der Kaiserin=Witwe zum Opfer fallen wird, die bereits für
2952 2392 3381 2441 kam, verdient volles Lob
1767 2411 2947 2461 einen Thronfolger gesorgt haben soll. Der Kaiser ist noch immer
2952 2433 3378 2486 Hinsicht vollkommen gelu
1767 2461 2943 2520 in seinem mitten in einem Teiche gelegenen kleinen Pavillon im
2948 2471 3372 2523 jedem Besucher gewits
2947 2504 3373 2560 dürfte. Die Vertreter de
1768 2506 2948 2566 westlichen Theile des Palastes eingesperrt; die Zugbrücke, die
2959 2550 3377 2599 Ball durch ihr Erscheine
1777 2547 2938 2607 nach dem Lande führt, darf er nur überschreiten, wenn die
2950 2584 3367 2648 der Tanzunterhaltung i
1768 2594 2946 2647 Kaiserin ihn zu sehen wünscht. Das Eis, das sich jetzt um den
2960 2627 3380 2670 lichen Trunke zusamme
1769 2639 2946 2686 Pavillon bildet, wird sofort wieder zertrümmert, damit sich nicht
2948 2663 3368 2729 Morgenzügen durch Absi
1774 2688 2941 2738 etwa eine verdächtige Person dem Herrscher nahen könne. Am
3064 2703 3382 2758 Enns, 2. Feb
1772 2725 2938 2789 30. Jänner traten bereits die Mandschu=Prinzen zusammen, um
2945 2731 3378 2798 vereines.) In der
1767 2788 2945 2831 auf Wunsch der Kaiserin=Witwe über die Thronfolge zu berathen,
2949 2777 3375 2831 Plundersweilen, den Sä
1765 2821 2930 2872 und so wird sich wohl bald das Schicksal des „Sohnes des
2954 2823 3376 2878 gestern schon längst vor
1771 2859 2946 2913 Himmels“ erfüllen, der es unternahm, in China weitgebende
2954 2855 3370 2911 eingefunden, in der w
2953 2901 3364 2950 Aussehens Angehörige
1768 2905 2948 2957 europäische Reformen einführen zu wollen. Die einstigen Rath¬
2946 2936 3366 2983 cordia“ erkannten. Im
1770 2936 2945 3000 geber des Kaisers werden von der Herrscherin unnachsichtlich ver¬
2961 2976 3377 3019 Kreise der Stadi Enns
1766 2987 2944 3044 folgt. Jetzt ist dem Hasse auch der alte Ween=Tungho zum
2957 3016 3375 3068 in Plundersweilen“ gege
1769 3038 2948 3089 Opfer gefallen, des Kaisers Vormund. Ween war ganz Alt¬
2960 3049 3386 3105 ihrem Bürgermeister (C
1765 3060 2946 3130 Chinese, aber er galt als Freund seines Zöglinges, und ihm
2952 3093 3382 3149 Spitze, breitspurig den E
1778 3117 2945 3179 zuerst wurde der Vorwurf gemacht, Kuang=Hsü nicht vor den
2952 3130 3376 3183 und Raunen, als alle die
1782 3162 2951 3212 Einflüssen bewahrt zu haben, die zur Revolution führten. Die
2961 3170 3376 3227 Marktbesucher ihren Ein
1771 3209 3380 3268 Kaiserin hafste ihn umsomebr, als Ween nicht verhehlte, dass er wie ein General blähend
