3436 4320
254 231 1164 318 4.5. Abschiedssoupe
502 229 1735 361 T box 8/2
755 712 1213 813 Telephon 12801.
377 807 1605 901 Alex. Welgl’s Unternehmen für Zeitungs-Ausschnitte
589 860 1622 1024 „OBSERWEP“
1422 921 1678 1024 Nr. 79
285 1009 1704 1089 L. österr. behördl. conc. Bureau für Zeitungsberichte u. Personalnachrichten
494 1090 1509 1158 Wien, IX/1, Türkenstrasse 12.
666 1151 1317 1215 — Filiale in Budapest: „Figyeld“ -
272 1215 1710 1278 Vertretungen in Berlin, Chicago, Genf, London, Newyork, Paris, Rom, Stockholm.
275 1325 1514 1425 Ausschnitt aus: Deutsche Zeitung
291 1499 976 1632 W 3 9 1002
452 1751 1568 1856 Raimund=Theater. Die mit viel Reklame angekündigte
372 1833 1563 1906 Tausendkünstlerin Charlotte Wiehe, eine an das Seine¬
369 1879 1559 1936 ufer verpflanzte Dänin, hat sich heute in drei Rollen gezeigt,
368 1932 1560 1999 fast möchte man sagen produziert, da ihr Wesen mehr
381 1981 1567 2028 Artistisches als Künstlerisches zeigt. Zwei der Stücke, in denen
374 2028 1552 2098 sie auftrat, sind hierzulande wohl bekannt: das Mimodrama
375 2085 1559 2131 „La main“ von einem Volkstheaterabend her, Schnitzlers
365 2128 1557 2199 Einakter aus dem Anatole=Zyklus „Abschiedssouper“ von
365 2165 1566 2239 Darstellungen der Sandrock, Gisela Schneider Niese.
366 2229 1555 2275 Charlotte Wiehe ist Tänzerin und Mimikerin, Sängerin und
1550 2237 1692 2323 clusive
293 2266 1670 2348 Fü Schauspielerin; sie täte gut, das ursprüngliche Gebiet ihrer porto.
380 2324 1681 2397 Tätigkeit, das Ballett, nicht zu verlassen; dafür eignet sich ihr aulbar
380 2369 1709 2441 hübsches volles Figürchen, ihre Anmut, die Grazie der Geberde, Voraus.
374 2406 1718 2501 die Liebenswürdigkeit des Mienenspiels. Zur Schauspielerin; jst de
373 2463 1719 2542 fehlt ihr das Temperament, zur mimischen Darstellung starker ht es de
303 2513 1616 2586 Ab Affekte der Ausdruck des Empfindens. Darum war ihre ru.
307 2552 1569 2605 Ab Ballettratte im „Abschiedssouper“ Schnitzlers — Vaucaire
369 2607 1709 2675 nennt sich der Mann, der die überflüssige Mühe nicht scheute, altend d
1536 2654 1701 2705 lorge
296 2668 1698 2730 In diesen Abfall vom Tische der Dramatik französisch zu adap¬ Zeitung
356 2715 1696 2770 tieren — ein nichtssagendes Ding, fischblütig und diver= schaftlicl
377 2755 1703 2831 gierend vom Sinn ihrer Reden; darum war ihre Diese Mi
299 2758 355 2840 1
373 2816 1551 2874 Heldin der gruseligen Raubmörderidylle „Hand“ eine wohl¬
297 2832 376 2876 th
369 2853 1557 2916 geformte, zierliche Puppe, nicht das todesgeängstigte Weib.
374 2914 1548 2971 Eine Puppe vorzustellen, das versteht Charlotte Wiehe vor¬
373 2947 1545 3032 trefflich. Ein drittes Stück „Der Puppenmann“, gab ihr Ge¬
370 2998 1546 3098 legenheit dazu; in dieser sehr albernen Pantomime, die gleich
369 3056 1535 3135 der „Hand“ einen Herrn Berenyi aus Ofen=Pest zum
373 3110 1545 3182 Verfasser hat, gewinnt sie als Dockenbebé die Liebe eines
363 3143 1553 3232 sonderbaren Gesellen, so einer Art Coppelius, und zeigt große
358 3199 1537 3272 Fertigkeit in der Nachahmung der steifen Puppenmechanik.
357 3250 1542 3326 Man kennt das von der „Puppenfee“ her. Hier stellte sich
363 3308 1533 3373 auch der Erfolg ein, der sich zu einer nicht etwa enthusiasti¬
358 3346 1538 3423 schen, aber freundlichen Aufnahme der gallisierten flachs¬
365 3398 1549 3484 blonden Dänin gestaltete. Im Orchester saß Herr Berenyi
368 3441 1546 3528 und dirigierte eine greuliche Musik, in der etliche Inseln ab¬
368 3496 1403 3585 geschriebener Themen schwammen. Es war die seinige.
2261 776 2704 865 Telephon 12801.
1889 866 3116 952 Alex. Weigl’s Unternehmen für Zeitungs-Ausschnitte
2888 932 3108 997 Ausschnitt
2673 944 2752 1028 □
2113 967 2793 1066 „OBSE HVEN
2921 986 3177 1084 Nr. 90
1766 1062 3213 1138 I. österr. behördl. conc. Bureau für Zeitungsberichte u. Personalnachrichten
1993 1119 3011 1201 Wien, IX/1, Türkenstrasse 17.
2170 1198 2805 1265 Filiale in Budapest: „Figyelö“-
1772 1249 3210 1313 Vertretungen in Berlin, Chicago, Genf, London, Newyork, Paris, Rom, Stockholm.
1768 1387 3043 1482 Ausschnitt aus: Wiener Abendpost
1766 1530 2403 1646 ss. 3%/ 17 0 7
2216 1769 2699 1869 Theater und Kunst.
1978 1843 2963 1922 * Im Raimund=Theater trat gestern Frau Wiehe
1914 1902 2968 1969 über die jetzt viel geschrieben wird, zum ersten Male als
1919 1960 2973 2011 Gast auf. Frau Wiehe ist eine Dänin, ihr Gemahl ein Ungar,
1906 1994 2958 2074 Herr Henri Berény, in dessen Pantomimen sie spielt,
1907 2049 2966 2113 während seine Musik den Vorgang kennzeichnend begleitet.
1906 2091 2973 2174 Eines der Stücke hat Herr Berény in Wien bereits wirkungs¬
1910 2139 2970 2218 voll vorgezeigt: „Die Hand“, diesmal aber hat seine Ge¬
1908 2197 2983 2256 fährtin Anmut darüber gelegt. Frau Wiehe ist. wie man¬
1914 2277 2972 2341 ehedem sagte: Milch und Blut, vielmehr aber Milch und
1758 2285 1880 2363 Für
2976 2316 3169 2378 inclusive
1910 2305 2977 2395 blaue Adern. Sie kargt auch mit diesem Geheimnis nicht
1804 2345 1866 2402 „
2984 2366 3147 2409 Porto.
1790 2385 1852 2440 „
1867 2379 3152 2451 2 allzusehr, dabei in Tanz und Bewegung untadelhaft. Sie Zahlbar
1789 2427 1869 2476 „
1874 2421 3188 2497 5 mimt sprechend, tanzt reizend und spricht französisch sim Voraus.
1796 2472 3204 2555 „ 1%so gut, daß sie Nichtfranzosen für eine Pariserin htte ist das
1768 2515 3212 2618 Abonne halten könnten. Schnitzters „Abschiedssouper“, hat isteht es den
1763 2598 3084 2653 Abonne eigentlich sie ins Französische übersetzt, da sie die jidern.
1916 2626 2948 2691 Ballettdame von Sacher in eine kleine Tänzerin von Maxime
2960 2659 3202 2725 thaltend die
1919 2680 2942 2748 wandelte. Frau Wiehe ist sehens= und hörenswert, ob sie
1768 2671 1937 2754 Inhalts
2960 2714 3195 2763 Morgen¬
1928 2728 2943 2792 schelmisch das Näschen rümpft oder ob sich ihr Antlitz vor
1772 2742 1908 2797 blät
2956 2751 3211 2802 er Zeitung“)
1779 2784 1910 2831 wodurc
1928 2780 2934 2839 Schrecken in ein Medusenhaupt umwandelt, das mit halb¬
2955 2788 3211 2841 thschaftliche
1765 2810 1896 2870 Leben
2972 2819 3214 2890 Diese Mit¬
1922 2819 2960 2905 geöffnetem Munde vor sich hinstarrt, während die wirren
1770 2859 1903 2911 theilun
1910 2879 2950 2945 Haare das schöne Angesicht umringeln. Man hat einmal
1903 2921 2948 2995 von der „großen" Marie Taglioni gesagt: „sie tanze Goethe",
1908 2979 2957 3053 nun, von Frau Wiehe kann man nicht sagen, sie mime
1901 3023 2952 3105 Ibsen, eher, sie spreche Christine Nilson. Sie ist blond¬
1911 3074 2957 3153 nordisch wie diese und bietet keusche Kunst, trotzdem sie die
1907 3136 2951 3196 Damen der Cabarets studiert hat, natürlich in Begleitung
1906 3181 2963 3255 ihres Gemahls, des Herrn Henri Berény, dem Wiener Geist
1910 3233 2976 3312 Arthur Schnitzlers zuliebe. Frau Wiehe hat in Wien
1906 3266 2420 3359 volle Anerkennung gefunden.
