3436 4320
1150 86 1229 152 a
337 135 1225 180 wornen, drank not too deeply of a somewhat at
335 167 1222 212 Rhine wine, sustained a lecture on the ethics of
336 201 1221 255 automobilism, and “topped ef““ with Mr.
331 242 1239 302 McEvoy’s now fairly well-known tramp sketch.
338 294 1229 348 Dr. Sackville Martin's entertaining playet we
336 329 1221 388 have already favourably noticed. but Miss Robins'
329 373 1140 435 comledy was new, and surprisingly good.
365 398 1236 474 In" Makeshifts'’ we make the geruaintance ei
337 439 1233 501 two lonely girls, one a teacher, the other the
337 484 1234 545 houswife, in their dull“ digings,“ living un¬
325 520 1239 583 eventful, unexeiting lives in petient boredom.
354 562 1233 631 "It’s pretty sockening,“ grumbles the teacher.-
331 610 1246 661 but with eternal hope springing up of coming
336 651 1245 691 Prince Charmings Up to the present, however,
338 678 1234 727 their Royal Highnesses have proved rater a
342 708 1238 770 scrubby and disappointing lot: a bald headed
338 749 1232 799 Sunday school superintendent, a weird, abnorm¬
332 791 1230 838 ally bashful, and awkward chemist’s assistant,
332 817 1247 866 and an egregieus Mr. Smythe. Still, there are
335 851 1233 896 matrimonial possibilities in the laiter, so that
341 879 1245 920 ihen he arrives, vulgarly high spirited, affably
331 915 1237 960 patronising, and consumedly objectionable, lie
337 945 1249 989 is welcome ae a sort of oasis in the desert of the
341 987 1241 1028 Parker girls' flat and stale existence. He
346 1020 1230 1062 tantilises first one and then the other by appear¬
336 1048 1249 1098 ing to dangle a proposal of marriage befere each
334 1072 1244 1120 in turn, and then proceeds to dash their hopes
340 1117 1246 1167 by announeing with biundering frapkness his
334 1144 1246 1186 engagement to another lady. Miss Robins strikes
340 1182 1240 1227 a tenderlv pathetie note—a note that rings true
339 1209 1239 1259 as a bell—in her elever comedy, and there is
345 1240 1237 1287 quite a sch at the end where Caroline, in teurs
335 1274 1235 1318 for her breken bowl of hope, goes to her house¬
329 1308 1250 1365 hold duties and the pluckier Dolly bows her head
324 1350 1240 1402 von her book and gives way to despair. The
337 1377 1240 1409 dialogue preved smart and erisp and punny; the
338 1405 1227 1459 character-contrasts were cleverly suggested, and
343 1442 1237 1481 there was a fine atmosphere of reai life and
348 1480 1248 1523 sincerity about it all. The pert teacher, the
339 1509 1250 1565 reeker home girl, the vulgar Smythe, with his
342 1550 1238 1589 conunand of modern slang, and the“ mug.“ were
348 1577 1238 1615 all thoroughly well and clearly drawn. Ve shall
352 1610 1244 1655 be glad to welaome a further instalment of Miss
894 1637 1250 1682 Up to a certain
350 1641 890 1681 Robins’s undoubted talent.
339 1670 1248 1711 peint“ Makeshifts“ was delightfully played last
343 1701 1239 1746 night, but Mr. Bibby, who was inclined totrouble
344 1736 1240 1779 the prompter, fell away somewhat after a delight¬
344 1768 1250 1815 ful start, and the piece auffered accordingly. Vet
365 1811 1253 1858 Makeshifts“ was a great success, and was on
352 1829 774 1883 the whole well acted.
387 1855 1242 1913 We fancy that Schnitzler’s one-act comedy
359 1902 1246 1937 must have suffered from being presented # ite
349 1934 1247 1983 English medium. This sort of thing onght tc go
356 1962 1247 2000 wich a bang and a rattle—to seethe and fizz and
340 1994 1248 2050 bubble. The Freuch, now, order these mattere
352 2023 1250 2079 the mest successfullv. But“ The Farewell
343 2062 1241 2104 Supper“ lagged a trifle last night. The story
344 2085 1254 2143 treats of a gentleman, who, bidding farewell to
347 2123 1241 2171 Bohemia, meets his mistress for the last time
359 2159 1251 2201 before he pässes into the domain of marital
355 2192 1251 2236 respectability. The lady springs a surprise on
350 2217 1245 2273 him, however, in the shape of an unexpeoten
349 2256 1255 2297 stccessor. and Iiamond euts diamond. Mies
351 2290 1245 2330 Camilia Dalberg was bright and livelz as the
346 2322 1242 2365 operatie“ stcr.“ and her slightly broken English
341 2350 1245 2402 was agreeably—almost faseinatingly—piquant.
350 2382 1248 2442 She kept Annie’s abandon in reasonable bounds,
359 2421 1251 2457 too, and her facial expression was excellent.
354 2438 1252 2487 The ladv’s growing intoxication was suggested
350 2478 1250 2527 with artistie discretion. But, after all. Annie is
348 2511 1244 2557 not a great part, nor is“ The Farewell Supper?'—
346 2549 1254 2606 in Englich guise, anyway—a superlative achieve¬
346 2584 490 2630 ment.
381 2589 1240 2651 Mr. H. M. Richardson, who has already won
349 2631 1251 2684 his spurs as a playwright, supplied a very neat
983 2673 1019 2700 7
354 2674 1250 2718 ongact“thriller. The moral of Bringing it
354 2706 1249 2748 Home“ is to the effect that, people who ride in
346 2740 1254 2802 swift motor ears should net throw sneers, For
350 2775 1254 2816 Cyril Unwin. J.P., motorist first and magistrate
356 2799 1245 2849 second,“ and rather a callous sort of unpaid
357 2822 1253 2880 magistrate, aceidentally runs over and kills his
350 2865 1258 2919 little bev. We did not think Mr. Richardson
354 2900 1246 2939 quite got en the“ bull' with his effect where
350 2932 1241 2983 the butler communicates the news of the tragedy
357 2972 1255 3008 through the conservatory window, and it is con¬
358 2991 1249 3044 veved to the wife, per the husband. But he sup¬
352 3023 1249 3079 plied Miss Darragh with a shriek which was hair¬
349 3058 1255 3113 raising. and a stage fall which the actress did
350 3098 1254 3138 sueprbly." Bringing it Home?’ received a most
346 3123 1261 3175 cordial reception, and the auther had to take a
354 3162 1064 3219 deserved call, as also did Miss Robins.
1590 204 2553 297 4.5. Abschiedssouper
1852 206 3094 319 ALE box 8/2
1766 1476 2022 1574 se1.
1515 1508 1636 1579 67
2467 1593 2684 1658 een de enneen senmanten
1757 1634 2182 1715 FIVE PLAYS.
2330 1641 3124 1716 mendous fidelity, much humour and keen
2347 1689 3129 1759 sympathy, is of two sisters, the one an
2339 1731 3127 1779 assistant teacher in an infants’ school, the
2346 1758 3126 1809 other a stav-at-home Cinderella. Theirs is
1556 1743 2346 1831 A Varied Night at the Gaiety
2340 1783 2917 1852 a drearv life. Thev meet sdarce
3045 1799 3130 1846 n0
1596 1803 2340 1870 If this really be a snippity age the pro¬
2348 1817 2853 1872 Albert Smythe,“ Esgr.,) a
3055 1829 3123 1874 is
1568 1860 2336 1906 gramme at the Gaiety Theatre this weck
2353 1853 2857 1904 tical, norse-play loving yo
3063 1860 3111 1910 is
2350 1887 2857 1940 apparently their onlyschance
3030 1891 3107 1936 the
1570 1875 2335 1948 should be very popular. For each night
2339 1920 2872 1960 home of their own, and the
3006 1927 3114 1972 both
1572 1919 2336 1979 there are no fewer than five one-act plays
2339 1958 3123 2003 willing to grovel before him. But he marries
1564 1965 2334 2024 to be seen, and on this and Thursday after¬
2346 1986 3113 2035 someone else. The pathetic part of the
1573 1997 2339 2052 noon lovers of the classics will no doubt
2338 2019 3116 2075 business is that they should see so little of
1567 2021 2326 2080 flock to seo and hear Professor Gilbert
2340 2053 3116 2103 men as to take this egregions dad at bis
1573 2055 2326 2111 Murray’s version of“ The Hippolytus“' of
2347 2077 3117 2143 own valuation as a jolly good sort. But
1570 2091 2337 2151 Euripides. There is nothing classical
2338 2109 3120 2172 the danger is that girls in the audience
1571 2137 2325 2184 about the night performance, and the play.
2345 2151 3104 2199 whose lives are monotonous, who have to
1562 2157 2331 2218 goer in search of entertainment may be
2347 2184 3100 2220 put up with makechifts for men, make¬
1570 2196 2331 2253 quite sure he will not be bored bv problems.
2337 2217 3099 2266 shifts for pretty dresses, makeshifts for
1591 2236 2336 2280 Mr. Sackville Martin's" A Question of
2341 2243 3090 2294 bright society, and the other amenities of
1567 2241 2332 2320 Property,“ a broadish satire on Socialists;
2333 2267 3104 2335 life, will think that the existence of Annie
1574 2293 2339 2345 and Mr. M’Evoy’s A Gentleman of the
2335 2294 2430 2348 in“
2446 2309 2784 2360 he Farewell Suppe
2840 2315 3103 2356 s preferable—
1571 2313 2324 2375 Road, a bright sketch of tramps in con¬
2330 2337 3118 2406 and the road downwards is pretty easy, we
1568 2352 2327 2410 flict with the new rich, are both familiar
2332 2370 2523 2414 are told.
1555 2386 2336 2439 to, and popular with, Manchester audiences.
2350 2390 3113 2461 In Makeshifts,“ which is mingled #.
1599 2423 2321 2473 They were excellently done last night,
2332 2430 3116 2483 laughs and tears, and is altogether an
1560 2444 2324 2511 Miss Louise Holbrook, Mies Sybil Thorn¬
2334 2476 3109 2522 exquisite bit of character drawing, Miss
1556 2479 2327 2539 dike, Mr. Charles Bibby, Mr. Henry Austin,
2338 2504 3106 2549 Ada King. Miss Holbrooke, Mr. Bibbv, and
1551 2525 2315 2581 and Mr. Edward Landor having the more
2332 2535 3071 2581 Mr. Leonard Mudie acted very finely, I
1548 2543 1881 2591 Timportant roles.
2326 2559 3110 2633 was the best thing of a very interesting
1577 2575 2327 2637 The other three plays were new. Chief
2327 2592 2497 2635 evening
1551 2596 2328 2669 among them (at least according to the pro¬
2347 2611 3106 2686 Mr. Richardson's“ Bringing it Home“ is
1557 2651 2312 2708 gramme) was The Farewell Supper,?
2338 2666 2931 2711 a cleverly-constructed tragedy.
2946 2665 3105 2718 whose
1548 2676 2320 2739 translated from the German of Dr. A.
2320 2695 3103 2741 crisis is perhaps a little too transparent
1553 2705 2310 2766 Schmitzler. In this, Mdlle. Camilla
2321 2720 3035 2773 in the early stages. Cyril Unwin is
1543 2737 2308 2806 Daiberg appeared as a partieularly flighty
2318 2743 3100 2809 motorist first and a magistrate second.“
1547 2765 2318 2831 actress who drinks a good deal more than
2323 2790 3104 2856 Coming home in the dark one night, he
1554 2801 2315 2859 she ought to do, and has far more lovers
2328 2826 3104 2888 runs down something—“ perhand only a
1549 2835 2310 2894 than is fair in a world where there are
2322 2858 3096 2893 dog or a sheep,“ saye his wife. That some¬
1548 2868 2309 2927 net enough men to go round. It is a
2325 2889 3091 2936 thing is his only child. Out of this little
1553 2900 3094 2974 elever and bright enough play in its way, action the author has built a stage story!
1547 2938 3099 3000 but its moralitv is not of the best, especi-that grips by its simplicity and natural¬
1542 2961 3110 3036 ally when it follows, as it did last might, ness, but most of all perhaps in its eloquent!#
1547 3002 2321 3062 onthe heels of Makeshifts,“ a new middle¬
2316 3018 3131 3082 eilence. The intensity of Mies Darragh’s
1535 3015 2145 3082 class play by Miss G. L. Robins.
2299 3046 3119 3114 beautiful acting was in keeping with the“
1578 3057 2640 3117 #ue storg Mes Robine teils,h tre- idea of the play.
2694 3107 2919 3158 ——
