3436 4320
263 149 1500 201 Natur, die sich im innersten zur Unnatur, zu raffiniertester, Verderben
254 178 1500 224 drohender Genußsucht verkehrt hat. Aus dem sinnlichen Feuer selbst
259 226 1500 271 wehle ein Hauch eisiger Kälte. Packend war auch der Uebergang zu
261 247 1495 309 ratlosem Entsetzen, die animalische Angst, die das zierliche Wesen mit
261 301 1496 350 den scharf geschliffenen Krallen befällt, als sie hinter dem Vorhang
258 347 1490 392 plötzlich eine fremde Hand, die Hand des Einbrechers sieht. Natür¬
257 375 1493 418 lich erscheint im rechten Augenblicke, grade als der Dieb der ohn¬
254 416 1497 455 mächtig Zusammengebrochenen die Ringe von den Fingern reißen will,
251 451 1504 498 der abgewiesene Liebhaber als Retter aus der Not. Der Dieb — ein
256 477 1505 544 echter Paniomimeneinfall! — ist von der Schönheit Vivettes so bezaubert,
266 525 1489 580 daß er, den Schmuck rasch wegwerfend, mit einer Rose, die die
256 549 1491 624 Tänzerin an ihre Brust gedrückt hatte, sich fortmacht! Der wackere
256 599 803 660 Liebhaber aber darf bleiben.
337 638 1485 694 Die zweite Pantomime: „Der Puppenmann“, stellt, was
263 676 1492 727 Komposition und Handlung anlangt, noch größere Ansprüche an die
257 702 1497 758 FGutwilligkeit des Zuschauers als der bekehrte Einbrecher der ersten.
262 753 1492 799 Herr Séverin=Mars, der, wie es im Theaterzettel heißt, „ein Schauspieler
258 789 1492 852 von hoher Begabung ist und die stummen Rollen in schauspielerischer
261 834 1501 890 Auffassung spielt“, tragiert hier einen Poeten. Er fährt mit seinen
258 854 1490 922 Fingern lange über die Stirn hin und her, zum Zeichen, daß er
252 906 1499 965 ber von dorther allerhand Gedanken heranzulocken trachtet. Vergebens!
257 939 1494 1006 Die Ideen wollen keine Gestalt annehmen. Um nachzuhelfen holt
253 981 1500 1038 er aus einer Kiste ein Paar veritable Puppen hervor. Diese Puppen
249 1030 1492 1089 bedeuten — der Theaterzettel ist Zeuge — „seine Ideale, denen er,
244 1068 1490 1118 vermöge seiner eingebildeten magischen Kräfte, Geist und Seele
261 1107 815 1156 einhauchen zu können glaubt“.
826 1107 1488 1154 Es ist tiefergreifend, mitanzusehen,
259 1145 1483 1187 wie sich der arme Mann mit den bunten Dingern abquält. Endlich
250 1184 1493 1239 schlummert er ein und nun schleicht die Geliebte, die schon lange
253 1224 1496 1277 eifersüchtigen Groll auf all das Puppenvolk hegt, herbei. Um die
257 1255 557 1314 Konkurrenz zu
563 1265 1492 1305 schlagen, will sie ihm selbst als Puppe er¬
255 1297 1499 1341 scheinen. Die folgenden Seenen erinnern an eine japanische
256 1347 1499 1388 Pantomime, in der die Sada Yako im vorigen Winter auftrat.
256 1370 1496 1431 Sie war da eine Statnette, die, ähnlich wie in der Pygmalionsage,
264 1413 1492 1455 durch die Liebe des Künstlers beseelt, aus dem Rahmen sich ablöst, lang¬
254 1453 1494 1491 sam Fum Leben erwacht und dann wieder in leblose Erstarrung
251 1477 1486 1544 zurückfällt. Vielleicht, daß der Erfolg der reizenden Japanerin in
255 1530 1490 1577 der alten, wirklich phantasievollen Pantomime, Frau Wiehe zuerst
260 1570 1493 1612 den Wunsch erregt hat, ihre Kunst in ähnlichen Seenen zu versuchen
250 1606 1493 1660 und daß dann daraufhin dies so arg prosaisch anhebende „Mimo¬
251 1647 1484 1692 drama“ gedichtet wurde. Für den Pocten ist sie schließlich nicht ver¬
258 1686 1498 1731 antwortlich, sie selbst aber braucht den Vergleich nicht zu scheuen. Ihre
252 1713 1495 1781 blonde Puppe gehört ihr wirklich ganz und gar als eigen zu.
258 1765 1491 1807 Es ist dasselbe Thema, aber in völlig selbständiger, ganz person¬
251 1794 1494 1840 licher Variation. Auch die Yako betonte das ruckweise, drollige in
254 1833 1488 1891 der Verwandlung, aber jedoch ihrer Drolligkeit haftete noch immer
257 1877 1498 1946 etwas gemessen Feierliches an. Charlotte Wiehe ist in dieser Rolle
260 1923 1491 1957 ganz Ausgelassenheit. Dort war es wirklich eine Statue, hier wirk¬
253 1956 1495 2010 lich eine Puppe, die man lebendig werden sah. In einem Kasten
260 1990 1497 2050 wird sie zu dem nach immer neuen Puppen trachtenden Poeten
258 2025 1477 2093 herangeschleppt. Und unter seinen früher stets vergeblichen Be¬
268 2066 1492 2128 schwörungsformeln, beginnen Arme und Finger der großen
256 2115 1488 2158 Menschenpuppe dann zu schlenkern und zu schnappen; es ist
259 2158 1482 2206 ein Spiel, in dem Anmut und Eckigkeit aufs reizvollste
252 2183 1490 2229 sich einen. Dem glücklichen Poeten fallen im Arme dieses Puppen¬
257 2228 1492 2270 wesens natürlich gleich die allerschönsten Verse ein. Und komischer noch
257 2262 1477 2315 als das Erwachen ist dann die Rückverwandlung in das Puppentum.
257 2309 1492 2352 Der Poet, der für die Drolerie nur wenig Sinn beweist, will sich gerade
258 2352 1496 2383 aus Verzweiflung den Puls durchschneiden, da wirft sie die Ver¬
257 2381 1480 2434 kleidung ab und fliegt ihm als Geliebte an den Hals. Auch in
247 2418 1477 2477 dieser Pantomime ist es im Grunde wieder der Triumph weiblicher
255 2466 1477 2514 Koketterie, den die Wiehe darstellt, die Augen blitzen ihr von heim¬
251 2494 1484 2545 licher Durchtriebenheit, von Lust über die Sreiche, mit denen sie den
262 2542 1478 2586 thörichten Mann besiegt, aber es ist hier die liebenswürdige, die aus
248 2578 907 2624 der Liebe selbst geborene Koketterie.
327 2610 1484 2668 Als Mittelstück zwischen die beiden Mimodramen war Schnitzl.=s
253 2655 1483 2710 fein pointiertes „Abschiedssouper“ eingeschoben. So amüsant
248 2682 1485 2748 und fein die Wiehe die Rolle der Annie spielte, erreichte sie in der
252 2719 1491 2783 gesprochenen Komödie doch nicht, wie mir schien, denselben Eindruck
244 2767 1491 2816 des Selbstverständlichen, des Nicht=anders=sein=Könnens, wie in den
245 2810 1491 2857 beiden Pantomimen. Das Wiener Mädel, das ihrem Anatol den
245 2841 1480 2898 Laufpaß giebt, wird sich Schnitzler sicher bedeutend einfacher und
244 2861 1482 2925 harmloser gedacht haben. Die Wiehe brachte zuviel von ihrer
256 2925 1489 2976 Vivette in diese Rolle mit, zuviel Raffinement und Spitzigkeit.
257 2956 1492 3034 Schon die glänzende Toilette störte. Wie soll man, so gekleidet,
236 2983 1163 3064 solchen urgesunden Hunger haben, wie die Annie?
1358 3004 1459 3069 dt.
2736 208 3107 298 box 8/2
1626 222 2584 301 4.5. Abschiedssouper
2488 262 2582 316 an
1887 276 2422 330 5
1897 1311 2868 1413 „ rde. Man soute meinen.
1878 1374 2883 1448 serlicher als der Kaiser selbst brauchte man weder in
2645 1412 2804 1471 A. K.
1864 1426 2397 1507 emen zu sein noch anderswo!
1937 1466 2889 1556 Im Thalia=Theater ging heute Abend eine
1804 1525 2873 1617 Possen=Novität unter dem Titel: „Er und seine Schwester“
1804 1579 2888 1674 in Szene und errang einen vollen Heiterkeitserfolg. Der
1799 1634 2886 1705 Autor, Bernhard Buchbinder, ist ein Wiener Schrift¬
1796 1666 2888 1754 steller, der eine Anzahl Bühnenwerke verfaßt hat, von denen
1799 1718 2885 1817 vor etwa acht Jahren am Altonaer Stadt=Theater ein lusti¬
1801 1776 2885 1861 ger Schwank „Husarenliebe“ zur Aufführung gelangte und
1812 1821 2901 1898 auch beifällig ausgenommen wurde. Das neueste Opus,
1813 1882 2897 1960 das übrigens in Wien und Berlin schon die Feuerprobe be¬
1802 1927 2908 1997 standen, ist zwar nach altem Rezept gebraut, aber recht
1807 1979 2898 2048 amüsant, und mehr darf man von einer Posse nicht ver¬
1803 2017 2902 2111 langen. Einige weitere Bemerkungen sparen wir uns für
1806 2064 2905 2148 morgen auf; einstweilen sei nur konjtat rt, daß sehr flott
1808 2101 2915 2191 gespielt wurde und daß Frl. Kramm und Herr Frank
1818 2174 2646 2250 wesentlich zu dem Erfolge beigetragen haben.
1881 2206 2915 2300 Im Deutschen Schauspielhause wurde heute Abend
1820 2259 2914 2343 zum ersten Mal Ibsen's „Hedda Gabler“ aufgeführt.
1824 2314 2903 2400 Das interessante Werk, das in München bereits vor mehr
1823 2372 2918 2435 als zehn Jahren seine deutsche Urpremière erlebte, fand beim
1814 2410 2910 2479 hiesigen Publikum eine sehr freundliche Aufnahme, wenn auch
1824 2467 2914 2539 einzelne Szenen stark befremdeten. Die Aufführung unter der
1831 2510 2924 2595 Regie des ausgezeichneten Ibsenkenners, Herrn Dr. Karl
1824 2553 2920 2625 Heine war durchweg vorzüglich. Die Rolle der Hedda lag
1836 2601 2911 2681 in den Händen von Frl. Hönigsvald. Frl. Elsinger
1830 2665 2915 2745 spielte die Rea, Frau Schlüter die Tante Jule. Tesman,
1825 2703 2903 2788 Lövborg und Brack fanden in den Herren Biensfeld,
1822 2754 2919 2826 Nhil und Burg ihre Verkörperung. Wir werden morgen
1835 2803 2624 2895 näher auf Stück und Darstellung eingehen.
1898 2844 2730 2909 Ukr. Berliner Schauspiel. Aus Berlin,
1822 2895 2694 2978 Ztember, wird uns geschrieben: Eine sehr reizen
2565 2935 2632 2983 ne
1834 2945 2466 3005 hellblonde Frau, Dänin von Geburt,
1838 2987 2445 3044 Künstlers, und total französirt, ha
2571 2976 2634 3062 950
1837 3026 2461 3082 Lessingtheater verirrt. Frau Chai
1835 3056 2500 3114 dort wollte, war nicht recht ersichtlich
2758 3087 2866 3141 s= od
1843 3097 2692 3160 zu erregen, hätte sie ebenso gut in einer Prosce
1843 3130 2577 3191 Orchesterloge Platz nehmen können,
1828 3164 2928 3236 Damen der Theater= und Berliner Lebewelt, Sicherlich hätten
