3484 4320
1318 203 1721 301 box 8/2
206 218 1189 318 4.5. Abschiedssouver
459 265 1200 323 ueaueLafET
2447 1349 2500 1418 ——
1584 1401 3323 1476 Zweck, die Künstlerin nach allen Seiten brillieren zu lassen, swerden hinter der Szene vor
1601 1468 3302 1526 vollkommen. Der erste der drei Einakter, in denen die Wiehe den Musik (Orchester und
803 1360 1245 1556 Feuilleton.
2829 1506 3308 1568 Es ist sehr klug, daß
1596 1507 2756 1559 überall auftritt, ist das Mimodrama „La main“ (Die
1607 1539 3314 1614 [Hand) eine Einbrecher=, Entkleidungs= und Tunzszene. szenen ein Stückchen eingesch
1597 1594 3295 1654 Das ist sogar viel auf einmal. Die Tänzerin Vivettejauch plaudern darf. Und
758 1591 1331 1678 Kgl. Residenztheater.
1598 1617 3319 1689 ikommt nachts mit ihrem Anbeter, dem Baron, nach Hause, Arthur Schnitzlers „A
752 1657 1314 1742 Gastspiel Charlotte Wiehe.
1598 1671 3308 1732 verabschiedet den stürmisch Werbenden sittig, entkleidet sich, sie von Mr. Maurice Vau
1602 1718 3309 1773 um sich dann in Balletstaat zu werfen und noch ein paars übertragen worden. So wi
495 1713 1615 1782 c. Wenn es wirklich wahr wäre, daß es in der Kunst
1609 1757 3319 1811 Tänze einzuüben. Während sie vor ihrem großen An=gestern gespielt wurde, möcht
439 1762 1608 1827 gar nicht auf das Was, sondern nur auf das Wie ankommt,
1601 1800 2042 1861 kleidespiegel tanzt,
2036 1807 3309 1863 sieht sie zu ihrem maßlosen Originalstück halten. Man
445 1810 1608 1859 dann ist Madame Charlotte Wiehe eine der größten Künst¬
1605 1848 3310 1906 Schrecken sich in ihm eine Hand spiegeln. Diese Hand ge= Champagner schlürfen, ihr
436 1855 1597 1911 lerinnen aller Zeiten. Was sie uns bringt, ist ein Nichts,
1607 1890 3311 1953 hört einem Einbrecher, der kurz vorher das Zimmer be= plaudern hören. Ja sie ist
449 1903 1600 1955 wie sie aber diese Nichtigkeiten uns vorführt, verdient
444 1943 1609 1995 unsere Bewunderung. Charlotte Wiehe ist Schauspielerin,
1608 1979 3307 2035 überrascht worden ist und sich im Alkoven hinter eine Por= solchen Nichtigkeiten sich beg
449 1986 1603 2036 Tänzerin, und wenn sie's braucht, auch Sängerin. Sie ist
1608 2014 3315 2080 tière versteckt hat. Man muß nun sehen, wie Vivette=Wiehe höheren Aufgaben gewachsen
453 2024 1601 2083 ein Theaterkind, eines Kapellmeisters Tochter, und trotz
2744 2060 3243 2129 im Kleinen groß sein?
1597 2059 2746 2110 zwischen Hoffen und Bangen weiter tanzt, um in die Nähe
441 2066 1607 2121 ihrer blühenden Jugend schon lange auf der Bühne tätig.
2834 2098 3306 2165 Charlotte Wiehe wird
1609 2101 2749 2157 der Portière zu gelangen, wo der Hausschlüssel hängt.
452 2120 1610 2169 Auf der letzten Pariser Weltausstellung ist die dänische
2749 2121 3316 2201 schaft sehr wacker unter
1601 2148 2744 2196 Endlich hat sie diesen erreicht und schleudert ihn zum
440 2152 1611 2213 Schauspielerin aber so recht erst für die Welt entdeckt wor¬
2757 2178 3316 2240 Severin=Mars, der i
1616 2178 2756 2245 Fenster hinaus, wo unten ihr Anbeter, auf ein Liebeszeichen
448 2187 1599 2245 den, und zwar von Jules Claretie, der ihr im „Journal“
1604 2225 3314 2279 harrend, steht. Aber schon hat sie der Einbrecher mit ge= im letzten den Puppenmann
442 2240 1611 2292 ein Feuilleton widmete. Von dort gingen die Gastspiele
1603 2274 3305 2326 zücktem Messer überfallen. Sie sinkt in Ohnmacht, der gut spielt, dann von den H#
438 2275 1607 2336 aus, die sie auch nach Deutschland und Oesterreich führten.
1609 2313 3322 2362 Baron erscheint mit einem Revolver und Vivette ist ge=Maurice) und Frank (M
448 2324 1608 2376 Jetzt kommt sie vom Wiener Raimund=Theater und von
1608 2352 3327 2418 rettet. Ja sie bittet sogar für das Leben des Hallunken und erhöhten Preise recht gut b#
444 2360 1604 2418 hier geht sie nach — Augsburg. Sie ist ein entzückendes
1604 2403 2488 2469 schenkt dafür wohl das ihrige ihrem Retter.
2746 2401 3115 2471 anmutigen Gast.
455 2410 1613 2468 Persönchen. Mittelgroß, schlank, blond, mit einem lustigen
454 2458 1617 2504 sprechenden Gesicht, das alles ausdrücken kann, und von
1686 2437 2774 2521 Kommt in der „Hand“ mehr das mimische Vermögen
450 2497 1613 2545 einer seltenen Grazie in jeder Bewegung. Wie sie
1610 2489 2756 2549 und die unglaubliche Geschmeidigkeit des Gastes zur Gel¬
441 2526 1621 2587 spielt, so tanzt, so spricht und so singt sie auch. Alles ist an ihr
1604 2542 2761 2591 tung, so zeigt uns die „Mimische Erzählung“ von Henri
441 2582 1613 2631 lebendigster Ausdruck und aber auch gar nichts macht den
1617 2586 2760 2644 Bérény „L’homme aux poupées“ der Puppenmann oder
448 2626 1618 2681 Eindruck des Erkünstelten, Beabsichtigten. Nur der
1614 2632 2757 2684 „Seine Puppe“ mit welcher der gestrige Abend schloß,
443 2657 1609 2716 Kenner mag ermessen, wie viel Kunst, wie viel Studium
1606 2670 2755 2727 das große Charakterisierungstalent der Wiehe. Da ist sie
440 2708 2769 2775 dahinter steckt. Darauf, auf dieser zur höchsten Natürlichkeit die Frau eines Poeten, dessen einzige Leidenschaft Puppen
447 2757 2767 2818 gesteigerten Kunst beruht auch die große Wirkung, welche sind, die er, sie magnetisierend, beleben möchte. Man kennt
442 2794 2760 2848 diese vielseitige dänische Beauté, die ganz zur Pariserin ge=dies Thema ja seit Amadeus Hoffmanin. Sie verkleidet sich
449 2835 1183 2901 worden, überall hervorgebracht hat.
1607 2840 2727 2895 in eine Puppe, um so sein Herz wieder zu gewinnen, läß
543 2857 1608 2934 Ihre Sujets sind sehr klein, anbedeutend und dürfen
1610 2872 2762 2936 sich von ihm beleben, erstarrt wieder und lockt ihn endlich
444 2918 1614 2981 kaum mehr auf den Namen Kunst Anspruch machen. Char¬
1613 2923 2759 2990 wieder aus seiner toten Puppenwelt in Leben und Liebe
447 2963 1613 3026 lotte Wiehe ist mit einem ungarischen Musiker, Henri
1610 2975 2762 3030 zurück. Alle unsere deutschen Puppendarstellerinnen ver¬
452 3012 1618 3064 Bérény, verbeiratet und dieser hat für sie ein paar
1602 3014 2768 3064 schwinden gegen die wahrhaft verblüffende Puppengym¬
445 3040 2777 3114 mimische Szenen mit Musik geschrieben. Sehr viel Geist ist nastik dieser kleinen hübschen Dänin. Diese drollige Szene
446 3087 2773 3170 darin nicht aufaewendet, aber sie erfüllen ihren einzigenhatte wohl den größten Erfolg. Beide Mimodramen
