3392 4256
280 193 1253 278 4.5. Abschiedssouper
556 193 1786 301 box 8/1
896 749 1267 861 Telefon 12801.
346 790 495 888 30
327 860 409 918 22
623 855 2068 1005 Unternehmen für Zeitungs-Ausschnitte use
747 939 1363 1065 „OBSERVER
1519 968 1652 1059 Nr.
2314 1012 2682 1110 Telefon 12801.
344 1027 1663 1138 I. österr. behördl. concess. Bureau für Zeitungsberichte und Personalnach
2057 1117 2956 1184 Unternehmen für Zeitungs-Ausschnitte
654 1102 1506 1214 Wien, IX/1 Türkenstrasse 17.
3014 1144 3231 1213 Ausschnitt
1638 1128 2049 1265 N 105
580 1197 1646 1290 - Filiale in Budapest: „Figyelö“, VIII. Josefsring 31a. —
2954 1205 3232 1314 Nr. 32
2138 1192 2811 1314 „OBSERVER“
1766 1305 3240 1378 I. österr. behördl. concess. Bureau für Zeitungsberichte und Personalnachrichten
329 1336 1496 1474 Ausschnitt aus: Bohemia (Prag)
2078 1372 2928 1445 Wien, IX/1 Türkenstrasse 17.
2004 1455 2985 1540 — Filiale in Budapest: „Figyelö“, VIII. Josefsring 31a. —
328 1492 489 1566 vom
505 1531 881 1628 81 JUN 1898
1753 1614 2239 1698 Ausschnitt aus:
826 1656 1155 1733 Theater.
2342 1622 3100 1768 Norddestsche algem. Zeitag Ber.
602 1722 1494 1819 x. Deutsches Volkstheater. Sonntag ver¬
2853 1754 3116 1849 31748
529 1776 1489 1859 mittelte uns die Direction des deutschen Volktheaters
1783 1773 1925 1862 vom
522 1818 1492 1910 eine der besten Causerien aus der unter dem Namen
532 1872 1488 1960 „Anatol“ erschienenen Sammlung kleiner interessauter
529 1918 1490 2004 Plaudereien von Arthur Schnitzler. „Abschieds¬
1942 1937 2129 2046 0 D
523 1963 1486 2044 souper“ betitelt sich der reizende Einacter, in dem der
2164 1917 2775 2054 Theater und Musik.
528 2014 1487 2080 geistvolle Autor in kurzen aber scharfen Zügen die
1955 2024 3105 2093 L-o. Nachdem Hansi Niese vor einigen Tagen im
520 2053 1481 2142 Lösung eines Liebesverhältnisses zwischen einem Lebe¬
1866 2086 3079 2143 Thalia=Theater im Rahmen des Wiener Ensembles Abschieds¬
516 2122 1482 2198 manne und einer Ballerine schildert. Ersterer wird
1884 2116 3089 2186 ehren gefeiert, hat sie jetzt auch ihr Gastspiel am Residenz¬
511 2158 1480 2230 seiner Geliebten überdrüßig, hat jedoch nicht den
1887 2171 3095 2232 Theater beendet und verläßt endgältig Berlin. Wenigstens
518 2215 1481 2286 Muth, ihr seine Absicht, die Bekanntschaft aufzugeben,
1879 2223 3091 2275 heißt es so. Für ihr letztes Auftreten am Freitag hatte
511 2250 1473 2317 mitzutheilen. Bei dem „Abschiedssouper“ soll dies
1882 2261 3092 2322 Frl. Niese ihre beste Rolle gewählt: die Annie in
521 2296 1478 2382 endlich geschehen. Die Ballerine, die plötzlich zu einem
1882 2306 3095 2364 Schnitzlers „Abschiedssouper“. Sie spielt sie, wie an dieser
1889 2346 3097 2409 Stelle bereits von anderer Seite hervorgehoben wurde, meister¬
514 2347 1477 2411 Choristen innige Zuneigung gefaßt, kommt ihm zu¬
1893 2382 3095 2451 haft und liefert darin ein Kabinetstück feinster Charakteri¬
518 2402 1469 2476 vor, indem sie ihm, ohne seine Absicht zu kennen, bei
1892 2427 3100 2497 sirung. Das heruntergekommene Wiener Madel aus dem
502 2436 1477 2522 dem Souper mittheilt, sie habe sich entschlossen, mit
1881 2481 3096 2540 Volke, das der Verfasser mit ihrem Leichtsinn und ihrer
515 2493 1463 2559 ihrer Liebe einen Anderen zu beglücken. Das Stück
1900 2532 3093 2584 Lustigkeit, ihrer Gutmüthigkeit und ihrer Oberflächlichkeit, mit
506 2525 1472 2599 steht und fällt mit der Darstellerin der Ballerine.
1912 2559 3107 2636 hrer, trotz schlechter Umgangsformen angeborenen Liebens¬
512 2588 1469 2658 Adele Sandrock, die diese Rolle dem Repertoire ihres
1884 2592 3116 2664 würdigkeit und bei aller Verderbtheit doch gewissen Art von
511 2630 1467 2696 letzten Berliner Gastspiels einverleibt hat, verhalf da¬
1885 2656 3104 2708 Ehrenhaftigkeit typisch schilderte, hat unter der Niese Blut und
506 2688 1462 2759 selbst dem Einacter zu einem großen Erfolg. Bei uns
1881 2694 3106 2752 Leben bekommen. An dieser Annie war Alles echt; ihr Ge¬
506 2735 1467 2805 ist die sehr freundliche Aufnahme, die das Publicum
1897 2745 3103 2805 bahren, ihr ansteckendes Lachen, ihr niedlicher Rausch und ihre
499 2775 1470 2852 der Novität bereitete, dem Fräulein Ella Gabri
1892 2771 3106 2857 schließliche Empörung. Sie spielte mit köstlicher Laune und
438 2837 1460 2896 Zei zu danken. Der Künstlerin, deren Aennchen in Halbes
1888 2831 2503 2906 erzielte die packendste Wirkung.
505 2873 1466 2962 „Jugend“ bei den Pragern noch immer in bester Er¬
1974 2852 3102 2935 Vorher gab Frl. Niese einige Steirerlieder in einem
1479 2912 1662 2966 inclusive
1900 2916 3098 2981 steirischen Kostüm zum Besten. Sie trug sie sehr nett vor und
497 2926 1459 3003 innerung steht, bot sich wieder einmal Gelegenheit,
1495 2955 1636 2996 Porto.
1891 2940 3106 3035 fand großen Beifall. Mir gefielen sie auch, aber ich war
1488 2983 1655 3023 Zahlbar
495 2952 1450 3037 ihrs außergewöhnliche Begabung zu bekunden. Die
1483 3012 1659 3067 im Vorau
1890 2981 3108 3068 nicht gerade entzuckt und habe sie schon vom „Brettl“ herab
502 3007 1467 3096 ungezwungene Frische, die überzeugende Natürlichkeit
1897 3045 3105 3105 ebenso gut, wenn nicht besser vortragen hören. Eines oder
512 3068 1619 3144 und die keck=unbefangene Art ihres Gebahrens ver¬#tte ist
1886 3087 3101 3145 das andere der Lieder als Einlage gelegentlich gesungen, wird
1451 3126 1634 3189 steht es
1746 3109 1855 3195 Für
525 3112 1605 3216 liehen der Rolle Wahrheit und Leben. Frl. Gabri jdern.
1843 3138 3095 3203 1 rauschenden Beifall finden und dankbar aufgenommen werden,
3111 3132 3161 3229 *
512 3153 1469 3255 ließ sich zu keiner Uibertreibung verleiten und deutete
1838 3184 3106 3249 20 aber als Solovortrag eignen sie sich nicht für eine vornehme
511 3198 1466 3299 das pikante Wesen der übermüthigen Tänzerin sehr
1840 3222 3097 3284 50 Bühne. Günstig für die künstlerische Beurtheilung von Frl.
3094 3248 3174 3319 1s
503 3248 1470 3351 decent an. Das Publicum lohnte ihr mit reichem,
1778 3262 3104 3319 100 Niese war es jedenfalls, daß sie ihren Liedern die Rolle der
516 3295 1464 3396 wohlverdientem Beifall. Die beiden männlichen Rollen
1898 3307 3208 3383 Annie nachfolgen ließ. Frl. Niese hat gezeigt, daß ein starkes as
516 3344 1332 3442 des Stückes waren durch die Herren Richard 9“
1763 3355 3209 3419 ## ursprüngliches Talent sich überall Bahn bricht. Das Feld sen
1754 3399 3100 3459 Abonneihrer Bethätigung darf sie sich weit stecken, aber hüten muß sie
502 3390 1464 3489 und Karl Krall entsprechend vertreten. De Ein¬
1896 3448 3115 3508 sich vor Manier, zu der sie entschieden neigt. In Berlin
507 3453 1462 3539 acter folgte die dreiactige Posse „Ein verdächtiger
1905 3472 3126 3559 wird die Künstlerin nicht vergessen werden, und sie darf bei
517 3493 1469 3591 Schwiegersohn“ (Rue Pigale), von der heute nur er¬
1899 3525 3016 3610 ihrer Wiederkehr des herzlichsten Willkommens sicher sein.
503 3535 1356 3642 wähnt sei, daß sie einen starken Lacherfolg hatte.
1996 3562 3124 3639 Im „Abschiedssouper“ wurde Frl. Niese in vorzüglicher
1893 3616 2937 3705 Weise durch Herrn Jarno als Anatole unterstützt.
