3392 4384
1305 168 1698 273 box 8/2
209 177 1174 283 4. 5. Abschiedssouper
452 224 1177 297 SII F
328 674 1164 769 „OBSERVER
423 757 1122 821 I. österr. behördl. konzessioniertes
383 806 1152 872 Unternehmen für Zeitungs-Ausschnitte
459 860 1070 937 WIEN, I., WOLLZEILE 11
521 919 1013 981 TELEPHON R-23-0-43
333 1038 709 1128 Ausschnitt aus:
308 1108 1045 1218 Klagenkurter Zeitung,
333 1258 991 1364 vom: 89— 12.1934.
862 1400 1084 1491 Dr. E.
1138 1547 2072 1617 steht es mit beiden Einaktern dieses Abends.
255 1555 1125 1661 Theater, Kunst, Musik.
1136 1584 2083 1656 Alma Seidler, uns aus viel wertvolleren
1131 1647 2087 1705 Rollen schon bestbekannt, spielte als Fräulein
269 1674 1124 1772 Weihnachts=Gastspiele im Stadt¬
1150 1689 2090 1761 Ilonka Sobri, das zum Theater gehen
1151 1743 2087 1806 möchte und ergötzlich viel Bescheidenheit und
553 1744 1059 1836 theater.
1134 1794 2089 1862 Unverfrorenheit in einem Atem entwickelt,
287 1806 1100 1897 „Das Veilchen“ von F. Molnär und
1153 1840 2084 1904 sodann als Annie, Freundin Anatols, die
287 1869 1103 1946 „Abschiedssouper“ von A. Schnitzler.
1138 1890 2083 1955 sihm, der das gleiche wollte, bei einem Sou¬
269 1917 1145 2004 Kammerschauspielerin Alma Seidler vom
1153 1924 2080 1997 per den Laufpaß gibt, vom Gekränkten über¬
214 1993 1150 2049 Burgtheater in Wien gab dem Klagenfurter
1163 1985 2087 2062 trumpft werden soll und zuletzt diesen in
226 2040 1146 2095 Publikum am Christtag einen Gastspielabend
1147 2038 2081 2111 recht heiterer Weise abführt, zwei sehr ver¬
1629 2075 2085 2149 beidemal geriebene
1153 2082 1593 2147 wandte Charaktere,
215 2077 1153 2151 mit zwei Einaktern. Wäre es eben nicht
222 2131 2073 2187 Alma Seidler gewesen, deren Auftreten man Frauenzimmer, den Männern an Tempera¬
213 2171 2082 2240 immer wieder mit Vergnügen und Genuß ment, Schlauheit oder Veranlagung zum Be¬
215 2238 2079 2284 verfolgte, so verbliebe im übrigen ein nur trug glatt überlegen. Die Herren der Schöp¬
213 2259 2082 2356 schmaler Gewinn dieses Theaterbesuches, sung schneiden jämmerlich genug ab. Gegen
211 2327 2084 2381 denn sowohl „Das Veilchen“ von Franz Alma Seidler hatten Kurt Labatt (Theater¬
216 2379 2078 2442 Molnär als das „Abschiedssouper“ von direktor, dann Anatol) und Walter Schmid
217 2420 1137 2487 Artur Schnitzler (aus dessen „Anatol“=
1145 2420 2072 2490 (Komponist, sodann Freund Max) keinen
221 2473 2083 2545 Zyklus) erheben sich wenig über das Niveau leichten Stand, zumal den von ihnen bestrit¬
211 2525 2078 2588 geistreicher Sketche. Geistreich, ja; aber nur tenen Rollen schon von den Autoren die
221 2572 2085 2621 bei gewandter Herausarbeitung der Pointen schwächlichere Basis verliehen wurde. Karl
215 2616 2082 2697 des Dialogs, bei überlegenem und glaubhaf= Meinhard war ein Theaterdiener und ein
218 2661 2075 2733 tem Gebärdenspiel, bei sehr großer Sicher= Kellner im „Sacher“, der feine, gutbeobachtete
217 2724 2081 2791 heit der Darstellungskunst. Trifft dies alles Züge besaß und die Lacher siegreich auf seiner
207 2770 2076 2833 zu, dann kann man sich (man muß es nicht) Seite hatte. Der Abend war kurz, das war
206 2802 2083 2895 über die diversen Spitzfindigkeiten, die über eine seiner Würzen. Das Haus wies un¬
218 2868 1708 2918 moderne gesellschaftliche Dinge mit harmlose= gemein guten Besuch auf.
220 2904 1155 2978 ster Miene und großer Bosheit gesagt wer¬
212 2940 1164 3023 den, herzlich unterhalten, über die sonder¬
213 3016 1163 3076 baren, psychisch sehr interessant konstruierten
207 3066 1168 3129 Komplikationen freuen. Freilich verläßt den
214 3111 1163 3167 Zuhörer, der als solcher weit mehr beschäftigt
210 3162 1166 3223 wird denn als Zuschauer, kaum je der Ein¬
221 3208 1192 3271 druck des Konstruierten und Witzigen. So
2174 2110 3052 2199 CASINOS IN GSTERREICH
2275 2188 2960 2251 Baden /Salzburg Semmering
2176 2230 3054 2275 Roulette — Baccara — Chemin de fer
2178 2308 3039 2358 Österreichische Casino A. G.
2183 2341 3040 2406 Wien III, Schwarzenbergplatz 5a
2649 2428 2963 2542 ERATIS
2175 2449 2676 2550 „OBSERVER“
2398 2512 3030 2589 I. österr. behördlich konzessioniertes
2403 2575 3044 2622 Unternehmen für Zeitungs-Ausschnitte
2400 2615 3044 2655 WierI, Wollzeile 11, Telephon R-23-0-43
2393 2636 2462 2683 1
2336 2769 2534 2832 .
2169 2767 2316 2837 Aus
2536 2846 2679 2912 ot
2684 2838 2956 2955 MCAris
2291 2870 2517 2961 BASLEN
2163 2974 2287 3050 von
2411 3002 2874 3127 3 MHIZ. 1935
2391 3086 2814 3182 15. Kunsthalleabend.
2150 3154 3148 3213 (Eing.) Im 15. Kunsthälleäbend=der Gesellschaft für
2096 3199 3139 3242 Unterhaltungskunst, Mittwoch, 20. März, im Restaurant
2093 3238 3140 3291 Kunsthalle, wird unter Leitung von Max F. Schneider
2109 3285 3144 3331 erstmals im Rahmen der Kunsthalleabende der Versuch
2103 3316 3138 3383 unternommen, ein Bühnenstück aufzuführen. Gewählt
2552 3342 2600 3382 0
2105 3360 3122 3411 wurde eine Szene aus Arthur Schnitzlers „Anatol“,
2110 3383 3134 3442 „Das Abschiedssouper" Mifachsten Mit¬
2093 3427 3136 3481 teln, einem Podium und Vorhang, muß gearbeitet wer¬
2109 3471 3140 3524 den, aber vielleicht bildet gerade dies Improvisierte das
2097 3505 3141 3546 Reizvolle an der geplanten Vorstellung und läßt Schnitz¬
2095 3543 3140 3595 lers feinziselierte Sprache unbehindert von Insze¬
2101 3580 3144 3629 nierungseffekten hervortreten. Ausgeführt werden die
2105 3617 3139 3668 Rollen des Stückes von Elisabeth Witschi=Schäublin,
2096 3661 3141 3706 Hans Haeser und Willie Joerin. Eingeleitet wird der
2105 3695 3140 3743 Abend mit dem Hoffmannsthalschen Prolog zu Schnitz¬
2092 3739 3139 3790 lers „Anatol“, gesprochen von Willie Joerin. Es folgt
2099 3774 3132 3828 sodan eine Gruppe Lieder von Hugo Wolf und Max
2093 3810 3135 3849 Reger, interpretiert von Erna Kimmig, Sopran und
2093 3850 3138 3920 Hans Vogt, Klavier. Weiter wird das Programm berei¬
2083 3888 3142 3968 chert durch zwei Solotänze von Els Havrlik. (S. Ins.)
