3436 4320
265 263 1223 360 4.5. Abschiedssouper
1114 257 1758 370 bex 8/1
514 323 564 361 —
618 306 1015 372 CHASAR
984 553 1198 657 3
412 469 986 655 21. November 1698
1256 583 1461 665 Nr. 1
360 699 1517 751 Sandrock müssen nicht gerade blond sein, um zu wirken,
357 743 1509 797 ihre Juana hat dies zur Genüge erwiesen. Frl. Kraus, die
360 780 1515 821 Herren Raeder und Popp waren von der wohlthuendsten
365 818 1510 879 Schlichtheit in der Wiedergabe ihrer theilweise stark bedenklichen
359 863 1516 911 Rollen. Herr Burg scheint mir nicht genügend gewürdigt
358 890 1506 953 worden zu sein. Der Lieutenant Nanarrete ist durch ihn zu einer
356 940 1509 981 vollblütigen Figur geworden, welche jenes erschauernde Mitleid,
361 971 1513 1029 jene tragische Somvathie im Zuschauer wachruft, die wir nur
370 1006 1509 1065 angesichts einer wirklich künstlerischen Leistung empfinden können.
359 1046 1510 1119 Nur wenn er auf der Bühne stand, konnte man das Gefühl
363 1089 1001 1147 der Stegreiskomödie los werden. —
1002 1091 1502 1151 Schnitzler's „Abschieds¬
366 1116 1509 1174 seuper“, diese bei aller satirischen Schärfe so überaus liebens¬
367 1168 1515 1229 mürdige wienerische Anatol=Seene sand in einer sehr lebendigen
360 1204 1512 1271 Darstellung durch Fräulein Sandrock, die Herren Burg,
380 1241 1417 1309 Lensen und Göstl lebhaftesten Anklang beie Rublicum.
1030 1289 1099 1361 4
893 1425 1235 1518 Teion 12801.
1580 1526 1802 1604 Ausschnitt
463 1517 1516 1643 □ UHernehmen für Zeitungs-Ausschnitte.
727 1517 1778 1714 „OBSERVER“ Nr. 77
394 1687 1802 1807 österr. behördl. concess. Bureau für Zeitungsberichte und Personalnachric’ en
634 1768 1492 1876 Wien, IX/1 Türkenstrasse 17.
587 1852 1539 1951 — Filiale in Budapest: „Figyelö“, VIII. Josefsring 31a.
339 1986 1544 2093 Ausschnitt aus: teue Wontage der
1351 2044 1547 2128 Bem
360 2105 716 2231 10m 1/7. 98.
974 2217 1260 2299 —
490 2229 1582 2409 Theater und Kunst.
605 2398 1606 2480 Ab und zu ist in den gewissen literarischen Ecken die
447 2453 1606 2518 Idee angeregt worden, ob sich nicht mit einer Schaar geistig
464 2495 1619 2561 agiler Schauspieler der Versuch einer Stegreifkomödie unternehmen
459 2526 1612 2601 lassen könnte. Man dachte daran, etwa durch einen bühnen¬
458 2573 1616 2643 gewandten Autor ein nur auf die rohesten Effecte hin gearbeitetes
462 2612 1615 2678 Scenarium ausarheiten zu lassen, das zwischendurch einige breitere
465 2647 1617 2715 Stellen enthalten könnte. Alles Uebrige sollte der schöpferischen
463 2688 1622 2763 Ausgestaltung der Darsteller überlassen werden. Hermann Bahr's
467 2724 1622 2800 „Juana“, der am Raimund=Theater ein so wechselvolles
476 2765 1629 2825 Schicksal bereitet wurde, macht ganz den Eindruck einer solchen
476 2798 1624 2868 Stegreiskomödie. Nur haben die Darsteller aus Eigenem zu viel
477 2851 1627 2916 Pantomimisches beigesteuert und und so eine Handlung, welche ein
469 2879 1627 2946 geradezu brisantes Tempo erfordern würde bedenklich, des öfteren
478 2916 1614 2981 bis zur unfreiwilligen Heiterkeit zerdehnt. Mit dieser Einschränkung
474 2957 1624 3045 läßt sich der Aufführung viel Gutes nachsagen. Die Bestien der
456 3025 1610 3119 Sandrock müssen nicht gerade blond sein, um zu wirken,
467 3078 1617 3154 ihre Juana hat dies zur Genüge erwiesen. Frl. Kraus, die
465 3117 1623 3199 Herren Raeder und Popp waren von der wohlthuendsten
467 3156 1613 3229 Schlichtheit in der Wiedergabe ihrer theilweise stark bedenklichen
466 3187 1616 3266 Rollen. Herr Burg scheint mir nicht genügend gewürdigt
460 3222 1624 3312 worden zu sein. Der Lieutenant Nanarrete ist durch ihn zu einer¬
462 3265 1627 3347 vollblütigen Figur geworden, welche jenes erschauernde Mitleid,
473 3308 1622 3396 jene tragische Sympathie im Zuschauer wachruft, die wir nur
483 3330 1618 3421 angesichts einer wirklich künstlerischen Leistung empfinden können.
478 3386 1627 3459 Nur wenn er auf der Bühne stand, konnte man das Gefühl
470 3419 1619 3497 der Stegreiskomödie los werden. — Schni###e„Abschieds¬
476 3461 1623 3543 souper“, diese bei aller satirischen Schärfe so überaus liebens¬
477 3493 1797 3567 würdige wienerische Nnatol=Scene fand in einer sehr lebendigen meluswe
1634 3542 1768 3575 Porto.
483 3529 1624 3609 Darstellung durch Fräulein Sandrock, die Herren Burg,
1616 3553 1796 3606 Zahlbar
473 3603 1825 3658 Jensen und Göstl lebhaftesten Anklang beim Publicum.— im Voraus
1331 3616 1636 3688 100.—
423 3648 602 3733 " 1000
526 3678 1855 3762 Im (iegensatze zu anderen Bureaux für Zeitungsausschnitte ist des
409 3732 1856 3800 Abonnement durch keine bestimmte Zeitdauer begrenzt; — auch steht es den
416 3766 1764 3859 Abonnenten frei die aufgegebenen Themen zu ergänzen oder zu ändern.
2457 206 3329 307 au für Zeitungsberichte und Personalnachrichten
2512 283 3044 379 Türkenstrasse 17.
2488 371 3080 469 Figyetö-, VIII. Josefsring 31 a.
2191 489 2336 580 aus
1787 508 2272 717 —om 1/ 51
2156 788 3030 886 Theater, Kunst und Musik.
2100 849 3122 938 = Raimund=Theater. Unter Zischen einerseits
2073 909 3116 996 und unter Klatschen der Clique und Claque anderer¬
2079 964 3111 1012 seits ist gestern die „Juana“ unseres „graußen“
2070 1008 3116 1066 Litteratur=Juden Hermann Bahr abgelehnt wor¬
2076 1049 3120 1102 den. Die Musik svielte bezeichnenderweise gleich darauf
2070 1094 3119 1156 einen Trauermarsch. War es schon eine Beleidigung für
2068 1134 3110 1196 das Publikum, ihm einen solchen „Schund“ zu bieten,
2070 1183 3119 1244 so war es geradezu Unverfrorenheit, daß der Autor
2077 1217 3110 1273 eines so hörbar ausgezischten Stückes sich auf die Bühne
2081 1273 3123 1328 schleppen ließ und sich verbeugte. Allerdings, ein Lächeln
2074 1313 3116 1372 war es nicht, das seine Lippen umspielte. Wie sollen wir
2069 1346 3121 1421 dieses Machwerk nur charakterisiren? Aeußerlich besteht es
2081 1404 3120 1465 aus drei Acien. Der erste Act dauerte 10 Minuten, davon
2083 1447 3109 1496 wurde drei Minuten geschwiegen, (o heiliges Schweigen)
2073 1489 3126 1532 zwei Minuten Clavier geklimpert, eine Minute ein
2081 1532 3120 1590 Champagnerglas geleert und Ohnmacht geheuchelt, nur
2080 1580 3103 1633 vier Minuten lang wurde geredet oder vielmehr ge¬
2080 1614 3108 1686 mimt richtiger pantomimt. Inhalt des ersten
2080 1662 3109 1720 Actes: Treulose Generalin eines ahnungslosen
2078 1700 3119 1772 Generals verführt bartlosen Lieutenant, der tadellose
2081 1745 3113 1793 Generalsnichte heiraten soll. Um die treulose
2077 1793 3112 1836 Generalin schleicht wie eine Schlange der heillose
2075 1837 3118 1894 „Abbate“. Wenn der Vorhang aufgeht, liegt die
2086 1874 3114 1937 Generalin auf dem Divan, bevor er zugeht, liegen
2071 1923 3116 1991 Generalin und Lieutenant auf dem Divan! Schluß
2087 1961 3105 2028 des ersten Actes. Folgt eine Viertelstunde Zwischen¬
1830 1966 2077 2044 Für 50 Ze
2078 2005 2406 2062 art. Pause. —
2418 2007 3106 2065 Zweiter Act: Lieutenant liegt
1923 2020 2038 2068 100
3091 2018 3249 2088 nelusive
2068 2047 3214 2105 auf dem Divan seines Zimmers, Generalin besucht ihn. Porto.
1920 2064 2038 2108 200
2070 2095 3221 2135 General kommt dazwischen. Generalin wird in's Sahlbar
1919 2103 2038 2147 500
2094 2129 3253 2191 Schlafzimmer des Lieutenants versteckt General ahnt Voraus
1857 2134 2040 2194 „ 000
1958 2184 2047 2237 Im
2085 2169 3283 2262 etwas und läßt sich vom Lieutenant auf's Officierswort, jst dee
2036 2174 2090 2235 (
1840 2233 3286 2307 Abonnement versprechen, daß es im Grunde nichts ist zwischengt es den
1841 2270 3185 2343 Abonnenten Beiden. Lieutenant und Generalin Hals um Halsern.
2070 2311 3109 2361 und A#t um Arm umschlungen. Vorhang fällt.
2079 2360 3107 2410 Dauer fünfzehn Minuten; davon Schweigen, unheim¬
2078 2396 3112 2451 liches, schwüles Schweigen sechs Minuten, Cognactrinken,
2075 2443 3107 2490 des der Ohnmacht nahen Lieutenants eine Minute,
2084 2488 3109 2538 Cigarrettenrauchen der Generalin eine Minute, Sprechen
2081 2531 3104 2578 und Spielen sieben Minuten. — Wieder eine Viertel¬
2084 2564 3114 2629 stunde Pause. — Dritter Act: Verlobung des
2081 2615 3107 2657 Lieutenants mit der Nichte. Generalin hört es.
2070 2655 3127 2714 Wüthend beschließt sie: „Er soll sie nicht haben.“ Sie legt
2076 2684 3122 2758 sich auf's Sopha. General kommt. Sie verräth dem General
2068 2730 3110 2807 Alles. General nun auch wüthend, gibt dem Lieutenant
2066 2785 3124 2842 die Pistole. Lieutenant erschießt sich. Generalin lacht
2072 2830 3119 2885 auf, dann schreit sie auf, dann sinkt sie todt graziös
2066 2866 3110 2913 über die Leiche des Bartlosen. General ist Witwer,
2080 2908 3122 2958 Nichte ohne Bräutigam. Tragisch! Entsetzlich! Vorhang
2074 2955 3117 3017 fällt. Dauer: zwanzig Minuten, davon acht Minuten
2070 2998 3115 3073 Schweigen, zwei Minuten Cigaretenrauchen. Das Stück
2066 3048 3111 3097 ist also inhaltlich die ödeste Ehebruchsgeschichte à la
2079 3091 3117 3157 Zola, äußerlich das fadeste Machwerk, sprachlich hört
2079 3133 3105 3194 es sich ungefähr an, wie obige Inhaltsangabe, die
2068 3176 3107 3220 Hauptsache sind die schwülen Pausen, wobei es dem
2064 3204 3110 3267 Publikum so schwül wurde, daß es kicherte, hustete und
2062 3251 3116 3319 lachte. Hermann Bahr ist aber doch der führende Geist
2063 3304 3102 3358 unserer Theater= und Literatur=Juden! Arme Sand¬
2078 3350 3112 3406 rock, armer Burg, die so viel Talent an solchem Blöd¬
2060 3391 3114 3458 sinn vergeuden mußten. Da bot das „Abschiedssouper“.
2045 3443 3098 3533 von Arthur Schnitzler, obschon auch dies in
2051 3487 3097 3571 den Kreisen der Halbwelt und Jeunesse dorée spielt,
2059 3527 3107 3618 wenigstens etwas zum Lachen. Fräulein Sandrock
2052 3587 3101 3650 spielte da mit köstlicher Wirkung eine Balleteuse, die
2066 3618 3096 3690 auch im Verkehr mit den Salonai# und Monocle¬
2064 3651 3099 3751 helden ihre Herkunft von der Straße nicht verleugnet.
2071 3723 3093 3786 Wie die Sandrock aß, trank, ihren Geliebten traktirte,
2079 3752 3094 3832 as muß man sehen und kann nur lachen. Aber ge¬
2070 3793 3114 3867 agt nuß es sein und geklagt, daß unsere modernen
2076 3815 3110 3907 Autoren ihre Sujets nur mehr in den Kreisen finden,
2076 3878 3100 3970 wo der Ehebruch und die Halbwelt ihre Rolle spielt
2081 3938 2977 4007 Da nur ist's ihnen „kannibalisch wohl als wie.
2081 3964 3116 4032 Wir sind gespannt darauf, ob das Raimund=Theater
2083 4009 3127 4093 es wagen wird, mit der „Juana“ noch einmal das
2073 4060 2903 4131 Publicum zu langweilen und zu affrontiren.
2223 4069 3117 4201 Im Hosoperntheater kommt morgen Sonntag
2823 4128 2934 4179 rr 927.
2442 4148 2665 4192 „
