3532 4224
320 116 1335 166 sie sind unglaublich weltfremd, so weltfremd, daß man sie
314 160 1338 209 kaum ernst nehmen kann. So verhalten sie beispielsweise
312 198 1331 263 I Frau, ihr Bett über Nacht einem Freunde zu überlassen!
334 249 1329 304 Das schlägt dem Fasse den Boden aus. Sie verläßt das
432 290 1332 351 ihres Gatten und ihres Schwiegerschwagers und zieht
331 298 389 349 94
378 335 1341 387 iheem Vater. Der Entschluß wurde umso rascher gefußt,
328 377 1348 432 als sie kurz vorher durch das Wiedererscheinen ihres dunllen
325 432 1339 476 Vergangenheitsfleckes unangenehm überrascht worden war.
482 463 1334 513 ein zweiheiniger, dunkler Fleck, iin geritterter
336 499 1329 557 Bildhauer aus Wien, dem sie sich einst in einer festlichen Nack.=
333 545 1339 608 hingegeben. Der Wiener benimmt sich unfäglich dumm.
337 585 1323 640 Der Vater der Frau will ihn auf der Stelle nieder¬
337 635 1340 688 schießen, worauf der Wiener die Worte stammen:
330 671 1324 729 „I bitt, jetzt winkt mir wieder Mammon; wenn S mi
329 711 1321 772 jetzt niederschießen wollten, das wäre wirklich gemein!“
335 760 1335 804 Und dana gehi er hin und pumpt den Vater der Ver¬
1142 792 1342 852 daß die
333 802 1015 867 führten an! Das Tröstliche ###
335 847 1332 899 beiden Berliner Brüder auch nicht viel ge¬
337 889 710 944 scheidter sind. Als
723 875 1336 942 sie von dem Fehltritie er¬
344 927 1337 983 fahren, ergreifen sie in ihrem herzzerreißenden Schmerze
752 970 1342 1033 reiben einen Salamander
337 974 758 1029 zwei Biergläser und
331 1013 1334 1057 Dann rufen sie begeistert: „Es lebe die Hoffnung!“ ver¬
322 1051 1335 1107 muthlich, weil sie glauben, daß die durchgegangene Fra¬
332 1102 1335 1152 schwanger sei. Das stellt sich aber als unwahr heraus,
342 1142 1350 1194 trotzdem die betreffenbe Darstellerin im dritten Acte so
326 1184 1345 1246 gekleidet erscheint, als ob sie durch die Schlafrocksprache
1100 1226 1343 1276 chlusse ver¬
332 1225 1056 1275 Etwas zu verbergen hätte. Zum
332 1261 1337 1323 zeiht der nun glückliche Gatte, während sein Bruder ver¬
338 1319 1118 1370 spricht — eine andere Wohnung zu miethen.
481 1337 1334 1406 der brillanten Milienschilderung und den zündenden
326 1398 1336 1452 Dialogblitzen hat es Wolzogen zu verdanken, daß man
978 1439 1338 1502 Komödic, diesen
364 1444 945 1506 hm die Tragödic in der
789 1489 937 1543 seiner
940 1483 1343 1544 Arbeit, gutwüthig
342 1484 645 1545 dunklen Fleck
341 1527 1328 1580 verzieh. Man empfing den Eindruck, als ob zu¬
343 1557 1342 1637 weilen der Dichten das Publicum anulken und sich über
343 1618 1051 1676 sein eigenes Stück lustig machen wollte.
448 1642 1339 1706 Und nun einige Worte über die Darstellurg. Wie
338 1694 1343 1750 lernten lauter tüchtige Schauspieler keunen, die, einer
337 1743 1341 1802 gesichtbaren Macht gehorchend, in einem wunderbaren
332 1782 1340 1834 Einklange des Spieles aufgingen. Um diesem Ensembl¬
329 1819 1343 1889 gerecht zu werden, sollte man die einzelnen Künstler weder
345 1863 1333 1926 auf dem Theaterzettel, noch in der Zeitung nennen. Jeber
338 1911 1339 1965 trage den Namen, den ihm der Dichter verliehen. Gibt
391 1947 1334 2002 #n schäneres Nob für die gene Trupve* Die Schau¬
339 1990 1341 2051 spieler sagen gewiß Nein. Nun, so verkunden wir
339 2028 1337 2083 ## denn nuch der leidigen Schablone, daß der Herr
336 2076 1335 2143 Rissen die Charge d#s Wuchtmeisters mit Humor
833 2120 1345 2176 nterstein, Kayßler,
342 2120 835 2182 versah, daß die Herten 22
345 2165 1347 2222 Martin, Reichardt, Biensfeld, Valleutin
337 2209 1329 2274 und die Damen Trenner, Eberty und Wilk
812 2243 1335 2301 werden verdienen. Als die
342 2241 802 2312 auch einzeln pemerkt zu
820 2284 1334 2346 aber der Regisseur gepriesen
345 2293 801 2358 Seeie des Ganzen mu
815 2328 1339 2386 Runge. Dus Zusammen¬
337 2330 810 2395 werden, er heißt Woldem
810 2370 1344 2445 der zwei Hinauswürfe wollen
335 2385 794 2441 spiel und das Arrangem
340 2425 748 2492 wit ihm nie vergessen.
454 2467 507 2514 K
915 2437 1235 2518 Darstellung des
590 2452 751 2518 r behag
801 2462 1356 2560 ufNe
467 2497 539 2557 c
806 2521 983 2572 ensereachtannen.
338 2507 429 2564 vol
818 2542 1360 2612 send der Gesellschaft, die Har¬
591 2551 715 2607 n wir
349 2533 570 2616 Hier vermit
839 2597 1299 2649 Schneider, eine wal
346 2593 716 2657 monie, denn Frau
858 2629 1273 2689 das Ensemble. Sie
356 2640 701 2707 Dynamitsoubrette,
792 2672 1265 2732 zu viel Theaterblut. Si#
343 2686 676 2743 sehr lustig, aber
782 2719 1328 2767 #tn gab uns- einen  dia
341 2722 704 2777 übertrieben au#e#
553 2758 705 2801 —
788 2785 1347 2841 man so redlich genährt aus¬
329 2788 670 2845 gesetzten Anatol.
336 2820 1371 2895 sieht, bleibe man in nde und gehe nicht als Anatol auf
344 2873 503 2930 Reisen.
734 2904 1352 2978 ch=Theater geht Donnerstag,
491 2913 678 2991 Im Jna
336 2965 1349 3026 den 6. Juli, halb Uhr Abends, Carl Costa's dreiactige
337 3012 1355 3076 Gesangsposse „Z# feschen Wienerin“ in Seene und sind
345 3050 1347 3091 in den Haupt#en die Damen: Teloni, Lehmann,
335 3066 1367 3148 Ramberg und H##hi und die Herren: Mödliuger, Sachs,
349 3125 1330 3197 Sprinz, Teller, Petza und Halvern hervorragend be¬
341 3166 525 3236 schäftigt.
1507 192 2478 269 4. 5. Abschiedssouper
2623 178 2985 271 box 8/1
2348 226 2486 291 — 1
1751 223 2323 289 An en n een u.  . Ad a.
2203 428 2625 496 Telefon 12801.
1924 526 2928 606 Unternehmen für Zeitungs-Ausschnitte.
2790 587 2980 648 Ausschnilt
1679 557 2007 709 N 105
1998 618 3064 745 „OBSERVER“ Nr. 57
1680 752 3133 806 I. österr. behördl. conc. Bureau für Zeitungsberichte u. Personalnachrichten
1869 802 2964 895 Wien, IX/1, Türkenstrasse 17.
2087 888 2749 972 Filiale in Budapest: „Figyelé“
1786 954 3054 1044 Vertretungen in Berlin, Chicago, London, Newyork, Paris, Stockholm.
1687 1074 2859 1181 Ausschnitt aus: Wiener Tagblatt
1690 1241 2059 1371 vom 3/2)
2024 1422 2777 1506 Theater, Kunst und Literatur.
1984 1508 2915 1566 (Raimund=Theater.) Das Deutsche Theater in
1881 1550 2914 1598 Berlin ist bekanntlich die Hochburg der Modernen und des
1883 1597 2909 1656 realistischen Darstellungsstyls. Diesen Styl haben wir
1890 1646 2913 1697 gestern im Raimund=Theater kennen gelernt, wo ein
1893 1696 2917 1758 Ensemble von Mitgliedern der genannten Berliner Bühne
1896 1748 2906 1806 ein Gastspiel mit der dreiaktigen Tragikemödie „Das
1888 1785 2910 1843 Lumpengesindel“ von Ernst v. Wolzogen und mit dem
2501 1834 2913 1893 sonper“ eröffnete. Das
1885 1834 2623 1907 Schuitzlei'schen Einakter „Abichiedsl.
1891 1877 2916 1940 erstere Stück ist für Wien eine Novitat. In Berlin hat es
1890 1927 2916 1986 seinerzeit in literarischen Kreisen viel Staub aufgewirbelt.
1890 1975 2912 2040 Das Aufsehen, das es erregte, wurde allerdings
1883 2027 2914 2090 hauptsächlich dadurch hervorgerufen, daß man in
1883 2065 2914 2123 den „wei Hauptfiguren des Stückes zwei Berliner
1882 2104 2913 2158 Schriftsteller, die Brüder Julius und Heinrich
1894 2157 2911 2223 Hart erkannte. Das „Lumpengesindel“ ist ein modernes
1881 2204 2919 2261 Bohsmestück mit einem Einschlag des stark verwässerten
1875 2247 2919 2315 Ibsen'schen „Wildenten“=Motivs. Es fesselt in dem ersten
1886 2298 2909 2366 und zweiten Akt durch hübsche Beobachtungen und durch
1892 2347 2907 2406 humoristische Milienschilderungen. Im Schlußakt hin¬
1888 2391 2915 2450 gegen, wo die dramatischen Elemente des Stückes zum
1889 2439 2917 2500 Ausbruch gelangen, sucht der Antor seine Hilflosigkeit
1888 2481 2911 2546 dadurch zu verbergen, daß er mit burschikoser Ungenirtheit
1691 2530 2904 2582 Für 50 7 Tragik und Komik unvermittekt nebeneinanderstellt. Das
1891 2555 3077 2632 Publikum wird aus einer Stimmung in die andere geworfen, inclusive
1781 2589 1874 2634 100
2901 2608 3052 2657 Porto.
1776 2624 1877 2677 200
1890 2623 3074 2683 es weiß nicht recht, ob es lachen oder gerührt sein soll. Und Zahlbar
1776 2666 1875 2715 500
1890 2672 3087 2747 so erzielte der Dichter eine ganz andere Wirkung, u Voraus.
1767 2704 1884 2758 1000
1891 2705 2900 2771 als er beabsichtigte. Die Tragik erschien lächer¬
1831 2752 3136 2813 Im lich und banal, die Komik albern und läppisch itte ist das
1697 2800 3134 2859 Abonneme Einen unbestrittenen Erfolg hatte demnach nur der erste steht es den
2899 2842 2991 2906 ern.
1701 2844 2896 2913 Abonnente#k, der das Heim der beiden Schriftsteller Dr. Friedrich und
1879 2902 2900 2965 Wilhelm Kern mit bezeichnenden Zügen vorführte. Im
1885 2953 2900 3000 zweiten Alt wirkten einige humoristisch. gezeichuete Evisoden¬
1876 2997 2907 3063 figuren. Die tragikomischen Vorgänge des letzten Alles
1889 3033 2904 3101 weckten höhnisches Lachen. Der Beifall zum Schluß galt
1888 3089 2912 3148 denn auch ausschließlich der Darstellung. Das wurde auch¬
1878 3133 2902 3191 jenem Herrn bedeutet, der vor die Rampe trat, als
1871 3181 2902 3232 Regisseur des Stückes sich vorstellte und lächelnd erklärte,
1887 3221 2900 3279 daß er dem Autor die freundliche Aufnahme,
1881 3271 2895 3332 die sein Werk in Wien gefunden, telegraphisch
1887 3317 2899 3378 melden werde. Ein großer Theil des Publikums bekundete
1879 3365 2905 3429 sein Mißbehagen über die beabsichtigte Falschmeldung
1885 3411 2896 3465 durch starkes Zischen. — Die Darstellung hat dem Ruf,
1874 3453 2891 3519 der ihr vorausging, im ersten Stücke entsprochen. Hervor¬
1883 3502 2907 3572 ragende künstlerische Individualitäten haben wir gestern
1881 3541 2889 3608 wenigstens nicht zu Gesichte bekommen. Aber das Zu¬
1885 3591 2899 3641 sammenspiel war in der That musterhaft, der Styl der
1878 3638 2908 3704 Darstellung hatte einen einheitlichen Charakter, jeder einzelne
1877 3682 2898 3746 Vorgang war mit eindringlichster Sorgfalt ausgearbeitet,
1880 3736 2893 3800 jeder Zug auf seine Wirkung zugespitzt. Die Einzel¬
1874 3770 2904 3836 leistungen waren ungleich. Herr Eduard v. Winter¬
1889 3832 2905 3872 stein war als Doktor Friedrich Kern korrekt, siel aber
1886 3871 2905 3918 nicht sonderlich auf. Viel interessanter erschien Herr
1880 3907 2900 3980 Friedrich Kayßler, der den Schriftsteller Wilhelm
1883 3971 2906 4027 Kern gab und die Unbeholfenheit und Herzensgüte
1884 4019 2914 4075 dieses Literaten mit schlichten und doch charakteristischen
1891 4061 2906 4121 Farben zum Ausdruck brachte. Vortrefflich war Herr Max
1882 4105 2896 4149 Reinhardt in der Frisodenrolle des jüdischen Kom¬
