3484 4192
400 2532 490 2634 31
368 3127 488 3183 ie seit
359 3172 498 3227 Haut=,
369 3210 501 3271 rven¬
363 3251 466 3314 992
361 3386 495 3471 Linz
367 3454 497 3505 Hien¬
379 3490 502 3558 Ischl
367 3551 462 3617 90
360 3608 500 3659 Eisen¬
362 3645 502 3709 iselbst
373 3695 504 3771 893,
456 3765 505 3816 u
391 3764 467 3823 3 3
1947 -19 2790 12 — u Ouder TiI..
778 -5 1387 65 Ischler Brief.
1644 -3 2785 49 Abwesenheit wurde das Corps=Commando dem FML. Kovacs
1655 35 2009 92 v. Pad übergeben.
2029 45 2787 98 — Baron Max Imhof, der Schwiegersohn
1409 33 1616 114 16. Juli.
1649 78 2781 132 des verstorbenen Generaldirectors der österreichischen Waffenfabriks¬
595 85 1645 174 „Kennen Sie die Geschichte vom Kirschenstrudel?“ Gewiß
1655 121 2775 177 Gesellschäft in Steyr, begibt sich auf Einladung des Erzherzogs Franz
506 134 1641 201 nicht, aber in Ischl müßten Sie sie erfahren. Seit einigen
1651 152 2789 200 Ferdinand d’Este, dessen Waffengefährte er war, demnächst nach
1646 196 2778 237 Amerika, um mit demselben vereint dessen Weltreise zu
510 194 1639 238 Tagen hat sich hier der berüchtigte Schnürlregen eingenistet
1647 223 1845 286 vollenden.
1925 227 2780 287 Der österreichisch - ungarische Botschafter in
515 237 1633 291 und zur Verzweiflung der Sommerfrischler, die diesmal in
1648 275 2783 318 Rom, Baron Bruck, ist Samstag Abends hier angekommen. —
507 276 1639 336 größerer Zahl als in den letztverflossenen Jahren die schattig¬
1639 302 2791 365 Oberlandesgerichtsrath Karl Grinzenberger hat vorgestern
507 323 1641 371 grüne Esplanade frequentiren, will er gar nicht aufhören.
1647 344 2794 397 einen sechswöchentlichen Urlaub angetreten. — Gestern Nachmittags
504 366 1639 415 Es ist daher kein Wunder, daß die Gesellschaft und alle Die¬
1644 386 2785 428 fand in der Capelle des Garnisonsspitals Nr. 1 die Einsegnung der
496 412 1634 454 jenigen, die zu ihr gezählt werden wollen unter den schützenden
1634 418 2783 470 I Leiche des Oberst=Auditors Ludwig Schulbaum statt. Der Ceremonie
506 437 1630 505 Dächern des Café Walter oder des Cursalons Zuflucht suchen,
1636 456 2788 516 wohnten der Präsident des Militär=Obergerichtes FML. Milde von
504 496 1634 561 um dort bei einem gemüthlichen Plausch die Zeit todtzuschlagen.
1640 499 2783 542 Helfenstein, FML. Gradl, der Chef der Militär=Intendantur Ritter
1639 541 2780 580 von Röckenzann und viele Mitglieder des Anditoriats und Officiere bei,
510 540 1633 591 Lieblingsthemen sind erfahrungsgemäß: Wetter, Theater,
1699 576 2783 625 Sonntag ist hier Herr Joseph Popper, Präfident des Censoren¬
505 586 873 638 Ausflugsproiecte —
904 569 1634 641 natürlich für den nicht abzusehenden
1643 611 2786 665 Comités der Escomipte=Gesellschaft, im 69. Levensjahre gestorben.
506 622 1632 671 Fall schönen Wetters — Hotelküche u. dergl. Amüsante Erzähler
1726 658 2787 707 (Aus dem Amtsblatte.] Der Kaiser hat den Rechnungs¬
512 665 1636 722 sind bei allen Tischen sehr geschätzt, namentlich wenn sie recht
1643 699 2787 744 revidenten im Handelsministerium Eduard Wallenböck und Franz
511 701 1635 760 Pikantes aus dem High=life oder aus der Theater= und Kunstwelt
1641 740 2782 785 Morelli das goldene Verdienstkreuz mit der Krone verliehen und
507 745 1637 805 zu berichten wissen. An dem erforderlichen „Material“ hat es
1634 777 2785 833 gestattet, daß der Amtstrabant und Gesandtschaftsansager bei Aller¬
504 786 1628 843 beispielsweise in früheren Jahren dem „vaterländischen Dich¬
1643 806 2789 860 höchstihrem Obersthofmarschallamte Joseph Steyskal die königlich
495 831 1638 884 ter“, der sich stolz zu den ältesten Gästen der ewig trähnenden
1632 857 2785 914 württembergische silberne Verdienstmedaille annehmen und tragen dürfe.
508 884 1637 932 Sommerfrische an der Traun zählt, niemals gefehlt. Heuer aber
1717 906 2778 965 (Taufe des jüngsten Erzherzogs.] In Pola fand
507 927 1628 970 will es scheinen, als ob ihm der Vorrath gänzlich ausgegangen
1632 940 2781 988 gestern im Palais des Erzherzogs Karl Stephan die
503 962 1638 1022 wäre, und so müssen sich seine wissensdurstigen Zuhörer mit
1635 988 2787 1041 Taufe des neugeborenen Erzherzogs statt. Als Taufpathe
506 1005 1632 1068 der Geschichte vom Kirschenstrudel bescheiden. Jedermann mu“
1646 1028 2800 1087 fungirte in Vertretung des Papstes Erzherzog Albrecht.
507 1040 1619 1117 sie erfahren die Geschichte, ob er will oder nicht. Sie ist
1637 1070 2789 1127 Salvator, der Bruder der Mutter des Täuflings. Den
501 1097 1636 1157 ebenso rührend wie kurz und hat einen glücklichen Abschluß.
1641 1109 2788 1189 Taufact vollzog Bischof Flapp. Der neugeborene Erzherzog
524 1147 1630 1201 „Hören Sie nur, was mir jüngst passirt ist“, erzählt der in
1639 1169 2714 1221 erhielt 5& Namen Leo Karl Maria Cyrill Methud.
499 1158 1637 1223 den Gemardungen Jichfs weit und breft bekannte Pbei. „Du
1716 1184 2783 1261 (Bismarck=Denkmal.] Es ist still geworden in Deutsch¬
500 1221 1629 1267 komme ich zu „Elisabeth“ und verlange nach absolvirter Suppe,
1631 1247 2792 1307 land vom Bismarck=Denkmal, dessen Fonds bereits hinreichen
500 1247 1627 1321 Fisch und Braten meinen Kirschenstrudel, auf den ich mich
1633 1284 2782 1354 würde, dieses Zeichen der Dankbarkeit des geeinten Deutsch¬
497 1297 1624 1362 schon die ganze Woche unmäßig gefreut hatte. „Bedauere“.
1638 1337 2787 1397 land aufzustellen. Allein, Fürst Bismarck ist bekanntlich in
506 1331 1627 1413 sagt der Kellner, keiner mehr da!“ „Nicht möglich,“ rufe ich,
1639 1379 2780 1439 Ungnade, und so hat man es für besser gehalten, von der
505 1385 1526 1454 „es muß einer da sein! Rufen Sie mir den Wirth!“
1633 1420 2782 1477 Sache zu schweigen. Nun ist aber in Foige einer Anfrage
579 1428 1626 1490 „Herr Bürgermeister (der Hotelier von „Elisabeth“ be¬
1638 1456 2782 1515 des conservativen Vereins zu Waldenburg i. S. doch einiges
502 1473 1625 1528 kleidet auch die Würde eines Bürgermeisters von Ischl) ich
1633 1503 2785 1558 Licht in die geheimnißvolle Angelegenheit gefallen. Der Ob¬
499 1510 1106 1570 bitte um meinen Kirschenstrudel“.
1119 1510 1623 1578 „Es ist keiner mehr da,“
1634 1545 2786 1602 mann des Denkmal=Comités hat nämlich geantwortet, daß
508 1547 1631 1612 lautete die resignirte Antwort. „Aber ich muß einen haben.
1635 1592 2784 1649 dasselbe beschlossen habe, die Aufrichtung eines Denkmals so
492 1596 1627 1664 Lassen Sie einen frischen machen.“ Und, o Triumph!
1631 1639 2780 1692 lange auszusetzen und die gesammelten Gelder so lange zins¬
503 1648 1624 1704 nach einer halben Stunde bangen Harrens, stand der schmack¬
1632 1676 2787 1730 bar anzulegen, bis muit der Errichtung des Denkmals für den
506 1675 1602 1743 hafteste Miniatur=Kirschenstrudel — mein Kirschenstrudel —
1637 1725 2778 1784 Kaiser Wilhelhn I. in Berlin würde vorgegangen wer¬
504 1731 1636 1788 auf meinem Tische, vor meinem Platze.“ Heute noch schwelgt
1630 1758 2770 1815 den, weil es nichtfangemessen erscheine den noch leben¬
504 1773 1622 1824 der „vaterländische Dichter“ in der Erinnerung an die herr¬
1634 1795 2777 1861 den großen Reichskanzler früher als den bereits heimgegangenen
495 1816 1633 1879 liche Eroberung des Kirschenstrudels, dessen Geschichte von ihm
1641 1851 2779 1908 Heldenkaiser durch ein Denkmal zu ehren, und weil auch die
505 1863 1631 1926 wohl an hundert= und aber hundertmal den gelangweilten
1637 1886 2772 1960 Platzfrage nicht unabhängig davon erachtet werden mußte, wo
507 1895 927 1971 Gästen erzählt wurde.
1635 1934 2778 1991 das Denkmal für den Kaiser Wilhelm I. aufgerichtet werden
572 1923 1622 2005 Minder glücklich gestaltete sich jedoch das „Abschieds¬
1630 1973 2771 2041 würde. Als die Sammlungen eingeleitet wurden, bestanden
496 1982 1636 2051 souper“ eines jungen Wiener Dichters der naturalistischen
1630 2023 2770 2071 alle diese Bedenken nicht, allerdings war damals Fürst Bis¬
491 2034 1631 2088 Schule, das am Freitag — ein Unglückstag — zum erstenmale
1630 2053 2352 2131 marck noch nicht — Oppositionsmann.
488 2071 1632 2131 auf der hiesigen Bühne gegeben wurde. Der Antor — Herr
1723 2085 2771 2164 (Familien=Fideicommiß= Bibliothek.! Die kaiserliche
494 2117 1623 2169 Dr. Artyur Schnitzler — ist zweifellos ein literarischer
1629 2132 2773 2217 Familien=Fideicommiß Bibliothek bleibt vom 15. Juli bis 1. Septem¬
496 2162 1631 2221 Gourmand der an den Erzeugnissen der französischen Kunst
1624 2188 2476 2257 der für die öffentliche Besichtigung geschlossen.
494 2202 1632 2255 ganz besonderen Gefallen zu haben scheint. Zumindest erinnert
1707 2221 2777 2294 [Ausstellung für Amateur=Photographie in
493 2245 1636 2305 das einactige „Abschiedssouper“ an manches Capitel von
1637 2280 2778 2344 Salzburg.] Heute fand in Salzburg, wie uns von dort
490 2287 1639 2341 Heuri Murger's Zigeunerleben“. Der Stoff ist ein ähnlicher,
1650 2322 2782 2382 elegraphirt wird, die Eröffnungsfeier der photographischen
490 2325 1636 2387 nur an den Ingredienzien, über die Murger verfügt: Esprit
2260 2373 2322 2423 r
2308 2367 2781 2426 Amateur=Photo¬
1637 2364 2240 2430 Ausstellung des Clubs d
489 2383 1635 2434 und Humor, fehlt es. Zum Malheur war das Stück auch
1643 2395 2778 2465 graphen statt. Derselben wohnte der Protector Erzherzog
494 2420 1637 2489 schlecht einstudirt, so daß die Pointen absolut unverstanden
1642 2449 2780 2509 Ferdinand Großherzog von Toscana bei. Der Erzherzog
494 2461 675 2526 blieben.
1648 2498 2774 2537 vurde im Stiegenhause des Schlosses Mirabell, woselbst die
581 2485 1631 2553 Das Theater weist im Uebrigen ein recht gutes Ensemble
1637 2533 2786 2593 Ausstellung untergebracht ist, vom Club=Präsidenten Doctor
491 2530 1638 2603 auf und Director Wild bemüht sich, das Beste zu bringen.
1644 2584 2776 2635 Sedlitzki mit dem Comité sowie einem zahlreichen.
496 2594 1634 2645 Die gestrige Vorstellung der „Pagliacei“ fand bei An¬
1632 2624 2773 2675 Bublicum empfangen. Der Großherzog=Protector eröffnete die
505 2635 1631 2689 wesenheit des Hofes vor ausverkauftem Hause statt. Fräulein
1640 2657 2780 2714 Ausstellung, welche er sodann eingehend besichtigte. Der
483 2681 1637 2732 Prossi vom Berliner Hoftheater und Herr Werner aus
1640 2704 2772 2767 Großherzog von Toscana sprach sich über die Reichhaltigkeit
486 2722 1635 2784 Köln, sowie die einheimischen Kräfte trugen ihr Möglichstes
1625 2755 2502 2821 der Ausstellung außerordentlich befriedigt aus.
516 2768 1152 2816 im Gelingen der Vorstellung bei.
579 2785 1635 2861 Die Wiener Kunstwelt, die auch diesmal hier stark ver¬
1705 2792 2778 2872 [Die Exhumirung Palieyn's.] Ueber die von uns
531 2851 1626 2905 ten ist, gibt sich der verdienten Erholung hin. Meister
1626 2841 2764 2899 bereits in der vorigen Nummer kurz gemeldete Exhumirung
512 2887 1622 2944 sohann Strauß unterhält Fühlung mit seinem geistvollen
1625 2886 2780 2952 des russischen Obersten Palicyn in Munkacs wird
496 2927 1634 2990 und witzsprühenden Librettisten Julius Bauer, doch gilt
1629 2944 2781 2999 uns von dort noch ergänzend telegraphirt: „Die Exhumirung
497 2974 1637 3036 dieselbe weniger dem Entwurfe einer neuen Operette, als den
1639 2977 2785 3036 war um 10 Uhr Vormittags beendet. Die Ueberreste wurden
511 3024 1626 3065 unzähligen Problemen und Combinationen des edlen Tarock¬
1630 3019 2765 3081 in einen Metallsarg gelegt. welcher mit einer Plombe und
505 3061 1626 3123 spieles. Dagegen wollen „eingeweihte Kreise“ wissen, daß die
1633 3065 2779 3122 einem Schlüssel gesperrt wurde. Vier Unterofficiere trugen den
507 3104 1636 3153 altbewährte Compagnie Schönthan=Kadelburg
1634 3110 2771 3176 Sarg, inmitten des Militärspaliers, aus dem Friedhofe, wor¬
499 3145 1631 3209 sich in die Pension Leopold zu ernster Arbeit zurückgezogen
1633 3146 2782 3203 auf sich der Zug zum Bahnhofgebäude bewegte. Vor dem
499 3193 1637 3250 habe. Die ziener werden demnach in der nächsten Theater¬
1636 3186 2780 3248 Sarge schritten zwei Compagnien Intanteric, nach dem Sarge
507 3230 1633 3293 saison wieder ein lustiges Stück zu hören bekommen. Nicht
1647 3240 2773 3291 FML. Graf Uexküll=Gyllenband, an dessen rechter
502 3272 1629 3332 wenig Aufmerksamkeit findet der berühmte Componist Jo¬
1641 3282 2781 3342 Seite Militär=Attaché Oberstlieutenant Woronin, hinter
502 3323 1626 3374 hannes Brahms, wenn er gemessen und gravitätisch die Esplanade
1643 3319 2781 3387 ihnen Oberst v. Hablitschei des Infanterie=Regimentes
512 3364 1636 3412 durchschreitet. Als gute Bekannte wurde von den Curgästen
1632 3370 2772 3421 Nr. 65 mit den Officieren der gemeinsamen Armee und der
499 3412 1636 3463 das Ehepaar Girardi=Odillon begrüßt, die schon als „Ledige“
1638 3398 2779 3459 königlich ungarischen Landwehr; den Zug beschlossen zwei
501 3450 1627 3507 fleißige Besucher von Ischl waren. Auch Herr Eppens
2237 3443 2781 3508 der Sarg im Waggon
1636 3456 2242 3507 Compagnien Infanterie. Als
502 3497 1632 3557 von: Deutschen Polkstheater weilt mit seiner Gattin hier,
1640 3494 2778 3535 endgiltig placirt war, gab das Militär unter den Klängen
500 3531 1626 3581 ferner die Herren Kadelburg und Weisse. Die Kirche
1632 3525 2770 3573 der Volkshymne die Generaldechargen ab. Hiemit war die
508 3580 1620 3634 ist diesmal durch den ungarischen Cardinal Schlauch reprä¬
1626 3571 2772 3629 pietätvolle Feier zu Ende; das Militär kehrte in die Stadt
502 3618 1634 3670 sentirt und das eisleithanische Cabinet durch den Ackerbau¬
1634 3619 2769 3672 zurück. — Um 2 Uhr Nachmittags fand ein Festdiner im
504 3662 1631 3722 minister Erafen Falkenhayn und den gewesenen polnischen
1638 3656 2776 3713 Officierscasino statt. Corpscommandant FML. Graf Uexküll¬
509 3710 1633 3758 Landsmann=Minister Freiherrn v. Ziemialkowski. Von
1634 3707 2772 3769 Gyllenband brachte in deutscher Sprache einen Toast auf den
513 3734 1642 3813 der „alten Ischler Garde“ seien noch genannt die Herren
1629 3743 2781 3803 Kaiser Alexander III. von Rußland und die russische Armee
487 3786 2780 3854 Michael Dumba, Stametz=Mayer und Baron aus, welchen Militär=Attachs Oberstlieutenant Woroniu,
