3436 4256
544 211 1268 291 Abschiedssouper
299 210 1789 331 4.5 box 8/1
2627 659 3278 758 „ Ind Perschafnachrienten
2111 733 2988 838 Wien, IX/1 Türkenstrasse 17.
360 776 520 883 eeenegeeeraneen
2063 798 3054 915 Fili: in Budapest: „Figyelö“. VIII. Josefsring 31 a. —
905 886 1264 983 Telefon 12801.
1593 933 2812 1074 mnend Ausschnitt aus: /e½ chr
575 978 1534 1077 Enternehmen für Zeitungs-Ausschnitte.
399 961 572 1092 10
2842 967 3099 1101 Zen
1403 1087 1439 1130 *
716 1040 1385 1182 „OBSERVER“
1526 1059 2295 1184 Nr. 98 vom / 3.
353 1147 1799 1240 I. österr. behördl. concess. Bureau für Zeitungsberichte und Personalnachrichten
630 1218 1507 1326 Wien, IX/1 Türkenstrasse 17.
2314 1218 2732 1367 Theater
592 1296 1559 1405 Filiale in Budapest: „Figyelö“, VIII. Josefering 31a. —
2002 1335 3121 1444 Kurz und gut — kann man von Hermann Bahr's
1898 1414 3101 1498 „Juana“, die im Raimund=Theater wenige Tage ihr ehe¬
333 1429 1183 1542 Ausschnitt aus: Olhaze
1891 1489 3116 1545 brecherisches Dasein fristele, nur zur Hälfte sagen, und zwar
1896 1502 3108 1595 zur ersteren. Das dreiactige Schauspiel des geistvollen
1237 1455 1477 1601 2/22
1897 1562 3115 1648 literarischen Faiseurs dürfte nach dem vielen Schweigen zu
346 1544 793 1691 vom  %//1. 03.
1897 1622 3120 1694 urtheilen, das den Darstellern continnirlich auferlegt wird,
1888 1664 3100 1738 auf Pauspapier geschrieben sein. Bahr wollte ein Ehebruch¬
1890 1710 3100 1796 Stück schreiben und lieferte nur ein Ehe=Bruchstück, das uns
1896 1761 3099 1816 weder viel lehrt noch viel erzählt, also nicht einmal den
811 1769 1322 1865 Theater-Figaro.
1891 1793 3112 1905 primitivsten Anforderungen, die man an ein Schauspiel stellen
1881 1851 2292 1930 darf, gerecht wird.
507 1846 1702 1948 Hermann Bahr schrieb das Werk „Jnana“ wie es heißt,
424 1899 1706 1986 in einem neuen Stil. Diesen neuen Stil herauszufinden ist
2003 1914 3102 1996 Die „Jnana“ ist bestenfalls ein gutes Scenarium. Der
421 1958 1694 2034 ein vergebliches Bemühen. Im Sujet selbst kommt er mit der
1891 1956 3097 2039 General der Artillerie, General del Montillo, besitzt eine
421 1993 1680 2083 uralten französischen Ehebruchsgeschichte und spielt sich das be¬
1885 2023 3103 2094 excentrisch angehauchte Frau die an außerehelicher Treue zu
424 2038 1695 2137 kannte dreieckige Verhältniß zwischen einem alten General, seiner
1891 2064 3097 2144 wünschen übrig läßt. Sie gehört zu jenen hypermodernen
420 2081 1691 2200 jüngeren männersüchtigen Gattin und einem Lieutenant in
1882 2100 3097 2190 Ueberdamen, die sich nicht wohl fühlen, wenn sie nicht leiden.
412 2134 704 2209 Spanien ab.
1882 2170 3095 2225 Der Lieutenant Ruiz Navarete ist der Auserwählte ihrer
506 2185 1688 2285 Die lieberasende Ehebrecherin verräth, als der Lientenant
1881 2199 3080 2289 Sinne. Sein Vater hat dem General einmal das Lebn ge¬
411 2247 1693 2336 eine Andere heiraten will, dem Gemahl selbst die begangene
1880 2257 3103 2327 rettet, der Sohn bemüht sich nun dafür, seiner Gemahlin
411 2294 1675 2388 Sünde — der Lieutenant erschießt sich und Juana wird an¬
1879 2310 3095 2379 das Nachtleben zu retten. Aber schon im ersten Zwischenact
417 2325 849 2403 scheinend wahnsinnig.
1879 2347 3080 2425 wird er abgekühlt und gibt der bei ihm zu Besuch erscheinen¬
509 2382 1048 2452 Gewiß weiß man es nicht.
1870 2417 3087 2483 den Juana eindeutig zu verstehen, daß er, von Gewissens¬
498 2427 1050 2504 Wo ist da der neue Stil?
1869 2458 3073 2519 bissen übermannt, dem hübschen Roman keine Fortsetzungen
491 2481 1676 2569 Einige Szenen werden stumm gespielt. Soll das uns neu
1866 2499 3084 2584 ##folgen lassen werde. Juana vermuthet in ihrer Nichte Angela
408 2528 1676 2612 erscheinen? Derlei dramatischen Finten begegneten wir schon viel
1870 2563 3075 2625 die Ursache seiner Sinnesänderung und überhäuft ihn mit
402 2587 1676 2669 wirksamer in vielen anderen Stücken. In „Jnane“ erscheinen
1874 2595 3086 2674 Vorwürfen zu einem Stück. Kurz darauf erscheint der General
400 2632 1682 2718 diese stummen Szenen ungenügend vorbereitet und plazirt, über
1870 2653 3076 2721 und läßt sich von Navarete das Ehrenwort geben, daß zwischen
394 2681 1682 2746 die Gebühr verlängert und statt auf Seele und Gemüth übten
1873 2697 3070 2773 ihm und Juana nichts vorgefallen sei, was man discret als
399 2717 1221 2812 sie ihre Wirkung auf das Zwerchfell
1280 2741 1689 2819 man lachte diese
1876 2749 3082 2809 ein Lustspiel in mehreren Acten bezeichnen könnie. Das
396 2770 728 2842 Kapriolen aus.
1878 2799 3077 2852 Bewußtsein, eine Ehe, ein Ehrenwort und ein Mädchen¬
488 2798 1672 2918 Aber auch der Dialog und eine von Juana vor einem
1869 2857 3074 2928 herz gebrochen zu haben, bekommt dem bedauernswerthen
396 2875 1673 2959 großen Ankleidespiegel getanzte Tarantella wären verlacht worden,
1871 2901 3073 2962 Lieutenant übel und übergibt ihn der Verzweiflung. Erst im
396 2927 1749 3016 wenn nicht Fräulein Sandrock's künstlerischer Ruf dem Vublikum ##
1863 2948 3069 3000 dritten Acte blüht ihm die Erlösung von seinen und Inana's
395 2966 974 3042 Zurückhaltung geboten hätte.
1871 2996 3080 3067 Leiden. Der General, aufgeklärt durch das Geständniß seiner
1655 3017 1735 3089 bar
487 3025 1769 3118 Es erscheint daher wohl begreiflich, daß dieses Schauspiel zus
1874 3039 3073 3122 Gattin, nimmt nämlich ein Pistolenkästchen zur Hand und
382 3053 1604 3171 in Berlin — wo man derlei Rücksichten nicht walten läßt¬
388 3109 598 3179 durchfiel.
1895 3111 3105 3181 ladet — den Lieutenant ein, der Komödie durch einen wohl¬
1903 3174 3106 3251 gezielten Schuß das ersehnte Ende zu bereiten. Dieser eilt
482 3138 1803 3244 Der auf „Juana“ folgende Einakter „Das Abschieds= s den
1898 3207 3100 3298 in den Garten — ein Krach — und alles ist überstanden.
376 3216 1677 3319 souper“ von Arthur Schnitzler ist eine dramatisirte Abschrift
1896 3253 3098 3342 Fräulein Adele Sandrock war mit Feuereifer bei der
380 3271 1685 3352 jener frivolen zynischen Dialoge zwischen Lebemännern und
1896 3307 3108 3393 Sache, umsomehr als ihr Partner kein Burgschauspieler, sondern
379 3316 1662 3414 Kokotten, welche in den Feuilletons gewisser französischer Jour¬
1892 3358 3108 3453 nur der Schauspieler Burg war. Dieser vielfache junge
383 3372 1307 3438 nale kontinuirlich und zu Dutzenden erscheine#
1885 3397 3095 3491 Mann wuchs mit der Sandrock, um uns Bahrisch auszu¬
474 3406 1659 3491 Schnitzler behält die französischen Namen der Personen
1881 3436 3101 3539 drücken, und gab den unglücklichen Première¬
375 3463 1650 3548 bei, fügt in den Dialog die Worte „Du Tepp!“ ein, gibt das
1883 3497 3102 3590 lientenant mit packender Charakteristik. Herr Raeder war
369 3508 1649 3595 Ganze für eine heimatliche Studie aus und wird als einer der
1891 3551 3101 3630 ein guter Ehemann. — Das „Abschiedssouper“ von Arthur
366 3562 1647 3645 besten Beobachter und Wiedergeber des Wienerthums gepriesen.
1894 3593 3087 3695 Schnitzler, das der „Jnana“ folgte, ist für geistige Fein¬
455 3613 1663 3698 Armes Raimund=Theater! Diese beiden Geistesprodukte
1886 3647 3098 3723 schmecker und litrarische Gourmands berechnet. Die reizenden
366 3660 1214 3751 werden Deine Kassen wahrlich nicht füllen.
1878 3688 3100 3786 Vointen zündeten. Von den Darstellern schoß Herr Burg den
1891 3736 2111 3823 Vogel ab.
3115 2480 3243 2552 lusive
3086 2539 3207 2574 Porto.
3075 2559 3222 2611 Zahlbar
3080 2589 3260 2655 Voraus
3099 2632 3211 2718 ist
3074 2698 3301 2765 ht es den
3075 2745 3193 2812 jern.
