3392 4256
203 169 1197 273 4.5. Abschiedssouper
460 162 1720 275 Ausendsusseaper box 8/1
1525 1550 3283 1619 steckt, zu einer sich natürlich entwickelnden und abspielenden ihren Zopf aufhängt
1526 1599 3344 1656 Handlung gestal.n können. Gutes Figurenbeiwerk war genügend Gelehrte, welcher nicht fertig
557 1475 1447 1709 Feuilleton.
1532 1653 3304 1719 vorhanden= Unnöthigerweise schaffte er der jungen Frau eine „Ver= auszuklopfen und die
1533 1707 3290 1760 gaugenheit“, unnöthigerweise bringt er diese zur Sprache, unnöthiger= Brüder im ersten Acte
381 1684 1443 1787 Die Berliner im Raimund=Theater.
375 1750 3338 1835 Unter den denkbar besten Auspicien haben die Berliner weise taucht die Vergangenheit in Person eines jungen Bildhauers die man sich vor den guten
1534 1782 3344 1865 auf, eine Vergangenheit, die sich im dritten Act zu einem mehr Und diesen braven Provinz#
266 1809 1551 1866 gestern mit ihren Vorstellungen begonnen. Ein Wetter, das den
1529 1841 3343 1895 komisch als tragisch wirkenden Gewitter zusammenzieht. Blitze der Wolzogen'schen Komödien
278 1865 1552 1933 Aufenthalt im Theater anheimelnd gestaltete, ein Publicum, das
2375 1890 3342 1959 — wir sind nicht er= eine große Geste, winkte der
1539 1896 2393 1960 zucken nieder aus schwerem Gewölk, aber¬
285 1912 1551 1989 den deutschen Künstlern verständnißvolles Empfinden entgegen¬
1547 1940 3342 2013 schrocken. Es waren Kolophoniumblitze aus der Requisitenkammer wie ein Fröschlein und hie
274 1948 1563 2020 brachte. Das literarische und gesellschaftliche Wien war voll¬
2772 1990 3335 2059 gisseur, erzählte er ausführlich
1531 1987 1875 2055 des Theaters.
275 2003 1556 2091 zählig versamnielt. Wer hätte geglaubt, das „toute Vienne“
2789 2033 3314 2104 fort telegraphiren, wie u
1631 2035 2791 2136 Herrn v. Wolzogen wurde ein Dienst erwiesen, daß man
736 2042 1564 2138 einem Wiener Theater zusammen¬
488 2066 645 2124 Juli
629 2061 755 2123 in
287 2062 515 2126 am 2.
2790 2078 3319 2137 Gott, was der noch Alles
1374 2101 2795 2165 „Das sein „Lumpengesindel“ bisher nicht in Wien spielte. Wir
270 2102 1359 2165 zubringen ist? Gegeben wurde zum erstenmal
2778 2123 3341 2192 verbfüfften Gesichter im Parl
273 2150 2798 2228 Lumpengesindel“, Tragikomödie in drei Aufzügen von haben gewiß ebenso gute Schauspieler, als die Berliur Künstler
2782 2164 3338 2244 den Zwischenfall, der den g
1527 2191 2785 2257 des sind, die wir gestern kennen leruten; wir haben auch noch
286 2206 804 2282 Ernst v. Wolzogen.
2779 2212 3085 2302 stören konnte.
1540 2248 2806 2308 weit bessere Darsteller, aber es fehlt bei uns der Regisseur, der
391 2260 1551 2332 Diese Tragikomödie wird seit Jahren von den Wiener
2882 2254 3335 2337 Von den einzelnen
1541 2290 2799 2358 ein solches Zusammenspiel schafft, es fehlt bei uns an Zeit und
2775 2319 3338 2385 hervor Herr Winterst
277 2324 1546 2385 Directoren refusirt. Wir finden es jetzt begreiflich. Es ist eine
1538 2345 2801 2401 Lust, die Stücke genügend durchzuproben, es wird bei uns zu
2773 2362 3344 2429 zeichneten die beiden Brüder
287 2363 1557 2418 schwache Tragikomödie es ist gar keine Komödie. Hätte man
1537 2391 2784 2452 schlumpig gespielt, und unseren Schauspielern fehlt auch im
2782 2419 3333 2479 Leistung in den Mittelpunkt
289 2409 1551 2473 das Stück etwa als „Milieuscenen aus der Bohéme“ vorgeführt,
1531 2434 2797 2500 Durchschnitt die Natürlichkeit und Leichtigkeit, auf welche die
2770 2469 3334 2522 etwas trockener Schauspieler
283 2466 1546 2521 dann hätte uns seine Existenzberechtigung eingeleuchtet, denn es
280 2473 3341 2570 ist die beste deutsche Schilderung der Bohsme. Obwahl specistich  # seit längerer Zeit gedrillt sind sympathische und discrete,n
1630 2538 3345 2622 Bei uns sind die volksthämlichen Darsteller natürlich, in Fräule, Trennersetwas
270 2535 1566 2626 berlinerisch, ging man hier doch auf das prächtige Milien ein
282 2604 3342 2679 und acelamirte stürmisch den gut gezeichneten ersten Aet. Der Berlin ist man auch im Frack natürlich. Und mit ihrem Realismus, sehr gut Herr Valenti#
282 2661 3222 2733 zweite hätte etwas Handlung bringen soll es kam aber nur mit ihrer Natürlichkeit, mit ihrem ausgezeichneten Zusammenspiel ebenso Herr R##in
1214 2693 3247 2758 Der dritte Act, errangen die Berliner gestern einen Bombenerfolg. Vielleicht einmal eine gute
291 2685 1232 2766 mehr Geträtsche, und so viel das Stück zurück.
280 2758 3333 2815 abwechselnd unmotivirt rührselig und unmotivirt lustig, befriedigte wird dieses Gastspiel von größerer Tragweite werden. Man ist sie eine mäßige kon
1526 2808 3329 2866 wird auch an anseren Theatern besser proben und dadurch vor einigen Jahren ein¬
288 2804 613 2876 noch weniger.
396 2857 3344 2903 Und doch liegt das Zeug zu guten dramatischen Canstieten leichter spielen. Zumindest bringen uns die Berliner Caultheaters, ist jetzt ein eb
274 2900 3320 2961 in dieser zerfahrenen Komödie. Zwei Brüder, Bohemiens, leben zu- darauf, solches in Zukunft nachdrücklichst zu fordern. Berliner Ensembles. Er
276 2956 3329 3002 sammen. Sie hängen mit rührenden Siehe aneinauder. Es sind Jedenfalls wird man in den nächsten Tagen oft ins Raimund= Wienerische hat er offenbar¬
276 2991 2801 3073 zwei Prachtfiguren. Der eine heiratet. Und er versteht nicht, daß Theater müssen, um zu lernen, wie man die Schauspieler in ein
2879 2987 3334 3072 ArtiurSchuitler
289 3046 3331 3104 die junge Frau mit ihrem Mann allein sein will. #e hangt us einheitliches Milieu drängt, und um zu sehen, wie die Schau= der Frau Gisela Schnerd
2785 3074 3334 3152 „Annie“ zu zeigen. Das 9
285 3085 2791 3160 bangt halb unbewußt zwischen Bruder und Gattin und begreift spieler durch eine gute Regie auf einen natürlichen, discreten Ton
2768 3119 3343 3200 entzückt. Sie ist etwas tur
278 3130 2039 3199 noch immer nichts. Die junge Frau geht fort. Nun erst weiß der gestimmt werden können.
1625 3189 3341 3254 Auch der Zuschauer muß auf diese Realistik in der In= Lustigkeit. Herr Nissen,
280 3169 1561 3258 Verlassene, daß er diese Frau liebt. Da wäre der Cönflict ge¬
284 3230 3334 3313 geben. Der Pruder löst ihn allerdings auf das Einfachste, seenirung gestimmt werden. Uns schien gestern Manches stärker auf= den Anatole, stand weit hi
281 3287 3334 3359 indem er der Schwägerin den Platz räumt. Das hätte ein Mann getragen, als von nöthen. Die alte Zimmervermietherin, welche seine legiime Gattin und de
282 3335 2814 3429 wie Wolzogen, inmitten des fesselnden Rahmens, den er sich ge= zur Arbeit vor einem versammelten Herrenpublicumt
