3436 4320
1280 223 1732 315 box 8/2
233 222 1194 304 4.5. Abschiedssouper
493 271 1238 351 I   I 1 — AA
1464 476 1918 573 Telephon 12801.
1091 588 2305 659 Alex. Weigl’s Unternehmen für Zeitungs-Ausschnitte
1316 637 2323 801 „OBSERVEP“ —
2123 690 2388 784 Nr. 83
1939 720 1981 783 1
973 766 2424 845 I. österr. behördl. conc. Bureau für Zeitungsberichte u. Personalnachrichten
1203 839 2218 917 Wien, IX/1, Türkenstrasse 17.
1378 908 2014 982 — Filiale in Budapest: „Figyelö“
1000 966 2421 1032 Vertretungen in Berlin, Chicago, Geuf, London, Newyork, Paris, Rom, Stockholm.
996 1121 2301 1225 Ausschnitt aus: Oesterr. Volk#ituns Wien
996 1257 1665 1389 8 3½ 7 707.
1163 1432 2074 1538 Theater und Kunst.
1404 1566 1861 1652 Raimundtheater.
1200 1637 2133 1717 Seit einiger Zeit liest man in den auswärtigen
1143 1688 2133 1747 Zeitungen über den Triumphzug der französierten
1139 1742 2125 1795 Dänin Charlotte Wiehe in den höchsten Aus¬
1148 1789 2145 1845 drücken gehaltene Siegesberichte. Wo sie hinkam, erregte
1149 1814 2141 1880 ihre Erscheinung und ihre vielseitige Kunst Bewunde¬
1145 1858 2142 1934 rung. Gestern hatten wir Gelegenheit, die Berechtigung
1150 1898 2143 1965 dieser Ueberschwenglichkeiten zu prüfen. Charlotte
1136 1942 2144 2010 [Wiehe trat in drei Einaktern oder Szenen auf. Das
1159 2006 2148 2050 nervenaufregende Mimodram „La main“ bildete den
982 2009 1100 2092 Für
2202 2021 2406 2094 inclusive
1139 2035 2168 2109 Anfang. Die Künstlerin spielte, tanzte und mimte die
2214 2078 2381 2127 Porto.
1106 2079 2154 2147 2 Tänzerin Vivelte. Die stumme Kunst der Beredsamkeit,
1098 2124 2383 2181 5 der Ausdruck ihrer Züge, die Sicherheit, mit der ihre Zahlbar
1094 2164 2420 2246 100zierlich geschmeidige Gestalt den seinsten Seelenregungen im Voraus.
1021 2202 1086 2253 „
1125 2229 2437 2274 U,gehorchte, brachten das Publikum sofort in den Bann #gnitte ist das
994 2244 2446 2328 Abonnenihrer bezwingenden Erscheinung. Die höchsten dramatischen sch #tent es den
2142 2299 2324 2370 ändern.
1000 2294 2137 2356 AbonnenAkzente der bekannten Schrecensszene erschienen aller¬
1150 2339 2137 2393 dings gedämpft und gemilder“, als hütete sie sich, die
2149 2364 2444 2434 enthaltend die
1113 2374 2144 2433 DSchönheitslinie zu überschreiten. Ganz anders in der
2144 2426 2431 2475 r Morgen¬
1009 2416 2138 2477 InhaltsaArt und Auffassung als wir es bisher gewohnt waren,
1006 2459 2441 2513 blättiaber mit hinreißender Grazie spielte sie die Louise in iener Zeitung")
1006 2511 2448 2558 wodurchArtur Schnitzlers „Abschiedssouper“ Hier war virthschaftliche
1010 2562 2454 2614 Leben (sie ganz Pariserin, ganz Charme und liebenswürdige fird. Diese Mit¬
1001 2592 2144 2646 theilung Laune. Den Höhepunkt des Erfolges, der lediglich dem
1151 2638 2145 2691 Zauber galt, den ihre harmonische Kunsterscheinung
1158 2672 2153 2742 ausstrahlte, erreichte sie in „L’homme aux poupées“.
1152 2715 2158 2795 Wir haben die Umwandlung einer lebenden Gestalt in
1150 2767 2156 2832 eine Puppe und schon umgekehrt beiverschiedenen Gelegen¬
1149 2812 2150 2879 heiten als „Kunststückchen“ mehr oder weniger gut aus¬
1154 2842 2159 2905 führen gesehen. Aber bei Charlotte Wiehe ist es
1154 2894 2161 2942 die Aeußerung einer harmonisch gefügten Kunst, die das
1152 2938 2162 2991 Liniens il des Körpers zu plastischen) Akkorden ver¬
1153 2972 2157 3036 eint. Das höchste Kunstwerk, der Mensch, erfährt in
1162 3017 2150 3074 diesem Spiel ausdrucksvolle Deutung. Wie ein Geschöpf
1162 3064 2152 3119 der Renaissance, dem keine Kunstäußerung fremd ist,
1163 3099 2158 3160 weiß sie ihren geschmeidigen graziösen Körper zum be¬
1163 3151 2163 3206 seelten Instrument seiner Regungen zu machen. Siezeigte
1162 3192 2161 3245 sich als Mimikerin und Tänzerin in gleicher Vollen¬
1165 3216 2167 3283 dung. Severin Mars, ihr Partner in den erwähnten
1166 3277 2156 3340 Einaktern, ist ein Künstler von Charakteristik und Ge¬
1162 3304 2163 3383 wandtheit. Das Haus zeigte das typische Bild eines
1166 3362 2168 3421 sensationellen Abends. Von den Stüclen, die gespielt
1173 3406 2159 3475 wurden, ist nicht mehr viel zu sagen. „La main“ ist
1169 3449 2157 3507 eine rafüiniert ausgetüstelte Einbrecherszene mit nerven¬
1170 3471 2170 3549 spannendem Detail und theatralischen Schreckens¬
1165 3527 2162 3583 momenten. Die Hand des Cinbrechers, die plötzlich vor
1171 3576 2164 3639 dem Vorhang erscheint, während die Tänzerin vor dem
1179 3618 2156 3693 Spiegel steht, ist der Clou dieses Exzentr kstückchens,
1163 3668 2160 3719 das übrigens in Wien schon wiederholt aufgeführt
1179 3707 2161 3765 wurde. Frau Prasch spielte die Vivette an einem
1171 3751 2168 3817 Volkstheaterabend mit starken dramatischen Alzenten.
1171 3787 2160 3856 [Schnitzlers „Abschiedssouper“ übte köstlichste Wir¬
1176 3837 2165 3893 kung und mutete in der französischen Uebrtragung an,
1176 3877 2180 3939 als ob es auf Pariser Boden gewachsen wäre. Der
1166 3915 2179 3997 musikalische Teil des ersten und dritten Stückchens ist von
1171 3958 2171 4030 Henry Berney, dem Gatten der Künstlerin, mit mehr
1168 4006 2177 4059 Geschmack hergestellt, als der stumme Teit, der viele
1165 4040 2171 4111 theatralische Aufdringlichkeiten enthält. Die Künstlerin
1169 4093 2165 4170 wurde bei jeder Gelegenheit mit stürmischem Beifall
1985 4128 2140 4194 V. Ch.
1177 4143 1442 4205 ausgezeichnet.
