3484 4320
262 308 1241 407 4.5. Abschiedssouper
1386 313 1766 400 box 8/1
532 370 577 415 700
611 371 788 415 aunen eneienelhe
945 358 1079 418 a  a
1161 398 1257 462 rsetschten
1246 687 2090 774 Unternehmen für
1396 766 2042 913 „OBSERVER
979 762 1277 904 9108
2145 816 2273 889 Nr.
1007 887 2453 988 I. Esterr. bekürdl. cond. Kurean für Zeilungsberich.  u. Personalnachrichte
1190 968 2295 1068 Wien, IX/I, Türkenstrasse 17.
1431 1051 2083 1136 Filiale in Budapest: „Figyelé“—
1101 1113 2368 1219 Vertretungen in Berlin, Chicego, London, Newyork, Paris, Stockholm.
1773 1207 2433 1346 Vorwörie, Baelin
1015 1252 1554 1347 Ausschnitt aus:
1016 1340 1611 1481 vom 147
1893 1708 1988 1785 erene
1415 1707 1672 1802 —
1276 1774 2229 1860 Die „Irrie Volksbühne“.
1515 1843 2009 1915 (Osiend=Theater.)
1212 1876 2380 1954 #s die litterarische Jugend den ersten Sturm aufs Theaier
1142 1936 2380 1984 unternahm, sproßten die „Freien Bühnen“ der verschiedenen Richtungen
1143 1979 2383 2029 hervor. Einmal galt es, den bequemen Einwand zu widerlegen, daß
1146 2015 2373 2065 die neuen Stücke nicht „bühnenfähig“ seien, und dann mußte män
1143 2050 2374 2098 auch die Dichtungen zum Leben erwecken, deren düsterer Stoff dem
1998 2093 2371 2150 Diese Zeit der
1150 2097 1992 2147 guten Publikum auf die Nerven fiel.
1148 2139 2377 2189 ersten Kämpfe war zugleich die Zeit der überschwenglichen Sieges¬
1144 2172 2377 2223 hoffnungen, und man darf sie darum nicht schelten, weil ohne den
1142 2197 2386 2269 Ueberschwang der Siegeshofsnungen der Kampf gar nicht hätte geführt
1149 2249 2377 2295 werden können. Mehr als einer sah damals den Himmel offen und
1148 2289 2382 2327 glaubte in jugendlicher Begeistetung an einen neuen Frühling, den
1145 2324 2390 2377 die verschiedenen „Freien Bühnen“ herauf brigen sollten. Dem
1153 2357 2388 2416 Ueberschwang ist inzwischen der Katzenjammer gefolgt — ein Katzen¬
1149 2397 2391 2457 jammer, der ebenso unberechtigt und viel unsympathischer ist, als einst
1161 2446 1397 2500 der Rausch.
1210 2478 2383 2544 In der That hat sich die Situation geändert und wir müssen sie
1144 2525 2380 2561 nüchtern prüfen. Unter keinen Umständen aber dürfen wir die Flinte
1154 2561 2381 2597 ins Korn werfen und nun jäh an den Freien Bühnen und Volks¬
1161 2604 2260 2661 bühnen verzweifeln. Zum Verzweifeln ist immer noch Zeit.
1229 2634 2388 2698 Die Jugend hat gesiegt, someit sie siegen konnte und ist damir
1149 2669 2397 2745 ruhiger geworden — „vernünftiger“ sagt der Philister. Der litte¬
1040 2700 1148 2776 Für
1157 2714 2413 2783 rarische Ingrimm, der nach den allerschrecklichsten Stoffen griff, um
1150 2763 2391 2808 die seichten Amüseure zu entsetzen, ist verraucht. Die Arbeit wandelt
1136 2805 2383 2851 in ruhigeren Bahnen und auf der andern Seite ist das Publikum
1138 2838 2434 2897 erzogen worden, so daß es nun gegen die düstern Stoffe weniger
1139 2880 2312 2938 empfindlich ist. Damit ist ein Thätigkeitsgebiet der „Freien Volksbüh
1141 2925 2491 2986 eingeengt, wohlgemerkt: ich sage „eingeengt“, denn verschwunden das
1175 2950 2494 3010 ist es noch keineswegs. Noch immer kann Lindau im Berliners den
1047 2969 1176 3025 Abon
1063 3015 2396 3055 Abo Theater den zweiten Teil von „Ueber unsere Kraft“ nicht freikriegen,
1160 3040 2391 3084 obgleich gerade dieses Werk zu den imposantesten Schöpfungen der
1159 3071 2460 3141 neueren dramatischen Litteratur gehört. Noch immer sind die
1153 3110 2394 3157 „Weber“ an vielen Orten verboten und auch sonst giebt es Stücke,
1147 3150 2395 3212 die um ihres Stoffes willen unaufgeführt bleiben. Eingeengt ist
1159 3192 2403 3238 diese Thätigkeit der Freien Volksbühnen aber alle##angs und zwar
1154 3233 2396 3272 eingerngt durch den Gang der Entwicklung, also ein geenat
2075 3267 2395 3331 s bliebe daun
1161 3271 2009 3328 durch etwas, das nicht zu ändern ist.
1148 3298 2397 3350 noch die ruhmvolle Aufgabe, junge Talente zu entdecken.
1144 3335 2393 3398 In gewisser Weise ist auch diese Thätigkeit durch den Gaug
1145 3379 2392 3438 der Entwicklung eingeeng.. Junge Talente haben hinte
1157 3418 2391 3473 weniger Schwieriekeiten zu überwinden als früher und ziehen
1148 3471 2393 3519 natürlich die öffentliche Bühne der Vereinsbühne vor. Trotzdein
1148 3511 2386 3554 aber eröffnet sich hier doch ein weites Feld für fruchtbare Aroeit.
1146 3547 2382 3588 Nuc darf man natürlich nicht verlangen, daß jede neue Arbeit von
1152 3574 2397 3640 einem dramatischen Genie herrühren muß. Die Genies im a#gemeinen
1146 3616 2383 3673 und die dramatischen im besondern treten so felten auf,
1157 3650 2389 3700 daß keine Bühne auf ihre „Entdeckung“ eine Existenz
1152 3686 2392 3733 gründen kann. Talente aber, die unter der Trägheit der
1154 3731 2404 3792 berufsmäßigen Direktoren und anderen Umständen leiden, giebt es
1150 3788 2395 3820 auch heute und wird es vermutlih immer geben. Von der Leitung
1152 3810 2397 3862 einer „Freien Volksbühne“ muß man verlangen, daß sie die penen
1152 3845 2396 3886 Buchdramen liest, daß sie alle Erscheinungen mit scharfem Späher¬
1158 3883 2390 3941 auge verfolgt und sie sofort auf ihren inneren Wert und die
1163 3918 2401 3971 Moglichkeit einer Aufführung prüft. Das ist eine litterarische Auf¬
1158 3959 2406 4019 gabe und keine kleine. Es gehört dazu eine regelmäßige Lektüre
1161 4008 2393 4053 der gesamten periodischen Litteratur und nebenher ästhetische
1159 4029 2393 4093 Intelligenz und praktische Bühnenkenntnis. Ist die von den Arbeitern
1163 4079 2402 4135 gewählte Leitung durch sonstige Pflichten verhindert, diese durchaus
1161 4126 2397 4174 notwendige Arbeit zu übernehmen, muß ein Dramaturg angestellt
1151 4143 2393 4206 werden, der sich durch seine Leistungen einen geachteten Namen ge¬
1152 4186 2396 4252 macht hat. Der Mann muß anständig bezahlt werden und darf
1171 4230 2405 4278 nichts weiter zu thun haben als was eben näher ausgeführt ist.
