3436 4384
298 1363 366 1452 5
304 244 1341 336 4.5. Abschiedssouper
1151 297 1277 362 Penen un
669 300 838 363 A
1367 685 1512 746 ptn-
676 702 1517 789 uuiid, Manand, Minneapolis, New-Verk.
466 732 1469 829 Paris, Rom, San Francisco, Stockholm, St. Fetersburg.
759 799 1181 864 (Gealienangabe ehne Gewähs).
413 850 1648 996 Ausschnitpasön bczeiger für Hamburg-Alton.
413 945 562 1005 vam:
1036 945 1336 1054 Hamburg
390 1044 1637 1199 Zentralkommission für das Arbeiter-Bildungstvesen
749 1141 1297 1240 von Hamburg-Hitona.
800 1206 1224 1302 Volksschauspiele 1912.
472 1245 1553 1370 Drei Einakter. Arthur Schnitzler Abschieds=Souper“.
435 1290 1595 1421 Otto Erich Hartleben: „Lore und „Abschied vom Regiment“
426 1345 1675 1464 Schnitzler und Hartleben — sie haben beide Humor, wenn er sich
360 1403 1667 1499 auch bei beiden verschieden äußert. Schnitzler ist ganz Wiener. Seine
362 1452 1668 1539 Mädels sind weich, lieb, herzig, taufrisch, ursprünglich und von keckem
362 1490 1666 1578 Uebermut; man lacht und weint mit ihnen und freut sich ihres leichten
364 1527 1655 1632 Blutes, das das Leben so nimmt wie es gerade ist und kommt. Dabei
360 1562 1664 1672 scheinen sie oberflächlicher als sie in Wirklichkeit sind. Daneben stellt
357 1609 1656 1711 er — wie im Abschiedssouper — Lebemänner, keine Unsympathischen,
364 1636 1659 1734 auch Wiener; nur ein klein wenig malitiös war der Dichter, als er sie
367 1673 561 1732 zeichnete.
406 1715 1644 1782 Hti#t von aeleram Sein Humorshal anal
358 1744 1656 1821 Sonniges, Gutmütiges. Er hält es mit kecken jungen Studenten und
357 1792 1662 1866 ist ein Meister in der Durstellung humoristischer Episoden. Es ist ein
356 1828 1646 1906 befreiendes Lachen, was er auslöst. Seine Stücke aus dem Offiziers¬
350 1871 1659 1964 leben sind wahrheitsgetreu und packend und nicht ohne Konzession an
356 1906 1036 1965 den Geschmack des Publikums. ——
399 1947 1660 2039 Die Volksschauspiele der Zentralkommission für das Arbeiterbil¬
359 1984 1390 2041 dungswesen sind als Musteraufführungen anzusprechen.
400 2013 1654 2082 Im Alschiedssouper gastierte in der Rolle der Annie eine auswärtige
359 2066 1656 2135 Künstlerin. Was an keckem Uebermut aufzubringen war, bot diese
357 2099 1668 2176 Künstlerin im Rahmen des Schönen, Graziösen. Das war das liebe
358 2142 1656 2192 Mädel aus Wien, unverfälscht, in überquellender Lebensfreude, in
362 2178 1652 2253 sprudelndem Humor, dabei ein wenig sentimental und weich und
361 2220 1653 2295 schmeichelnd, wie die Klänge eines Wiener Walzers. Die Leistung
358 2254 1655 2329 dieser Künstlerin dürfte kaum zu überbieten sein. Die beiden Lebe¬
363 2295 1649 2386 männer stellten Gustav Keune und Alfred Möller amü¬
353 2332 570 2387 sant dar.
403 2355 1649 2436 In der Lore war es ein Berlinen Kind, das durch schlagfertigen
348 2398 1661 2484 Witz und ein märchenhaftes Talent zum Flunkern entzückte. Vally
354 2456 1656 2522 von Küstenfeld stellte diese Kleine entzückend dar, namentlich in
354 2490 1658 2563 dem kühnen Sprung von der Damenhaftigkeit zum Berliner Madel aus
352 2534 1658 2597 dem Volke. Voll breiten gutmütigen Humors war Georg Finners
352 2576 1655 2623 Fred, voll harmloser Spotsucht und köstlicher Behaglichkeit. Den
357 2618 1642 2666 „Kleinen“ spielte mit viel Glück als Urbild des jungen Fuchses Hanss
352 2649 1652 2716 Brahm. Den pedantischen Veiter aus Norddeutschland meisterte
349 2683 1649 2751 Bernhard Reichenbach. Alle Steifheit und Schwerfälligkeit
353 2725 1525 2779 war in ihm verkörpert. Er war der echte Kandidat Theologige.
407 2766 1648 2832 Um den Abschied vom Regiment machten sich verdient Anna
348 2776 1646 2853 Goerling als Olga und Alfred Möller als Hauptmann
349 2845 1658 2884 Griesfeld. Die beiden Künstler stellten erschütternd all die Konsequenzen
353 2878 1648 2931 dar, die aus einer zerrütteten Ehe, aus dem Nichtverstehen zweier ver¬
348 2924 1644 2986 schieden gearteter Menschen sich unaufhaltsam erfüllen müssen. Zwei
352 2971 1653 3031 liebenswurdige und sehr fein gesehene Offiziere boten die Herren
354 2991 1189 3051 Fritz Geißler und Georg Finner.
394 3041 1652 3113 Die Regie führte Emil Stettner voll liebevollen Eingehens
350 3053 680 3140 auf die Dichter.
1453 3089 1626 3160 E. M.
490 3146 1485 3217 (Fortsetzung des redaktionellen Teils nächste Seite.)
2295 142 2380 201 Mucsten
2119 180 3155 252 New-Vork, Paris, Kom, San Francisco, Stockholm, St. Peters¬
2482 222 2781 280 burg, Toronto.
2393 247 2886 335 (Qucltenangabe ohne Dewähr.)
2889 242 2961 342 W
2106 315 2505 414 Ausschnitt aus:
2112 430 2265 487 vom:
2225 501 3102 584 Znaimer Stadttheater. Sonntag abends
2133 559 3105 631 gelangte Jarnos „Musikantenmädel“ in vor¬
2129 602 3103 685 züglicher Besetzung zur Aufführung, weitaus
2131 671 3100 729 bisser als in den Vorjahren. Bis auf einige ganz
2132 712 3102 785 unbedeutende Schnitzer, die jedoch die Gesamt¬
2136 753 3110 816 wirkung nicht im geringsten beeinträchtigen, war
2144 802 3118 864 die Wiedergabe dei reizenden Operette eine tadel¬
2145 853 3108 923 lofe. Außer der Resel, die von herzerfreuender,
2141 904 3105 966 anmutiger Lebendigkeit war und sich verdienten
2133 945 3109 1007 „Beifall ersang, war besonders die Montebelli in
2137 996 3118 1064 fihrem Elemente. In der Partie des Prinz
2133 1047 3149 1114 Esterhazy trat eine neuengagierte Soubrette auf
2140 1100 3117 1168 Jund eroberte sich durch ihre zierliche Erscheinung
2144 1142 3124 1217 und eine klangvolle Stimme rasch die Herzen
2141 1186 3114 1268 des Publikums. Sowohl Haydn, wie auch der
2131 1242 3116 1308 Pehrer und der Fürst waren in guten Händen
2146 1290 3127 1345 und trugen wesentlich zum Gelingen des Abends
2148 1340 3124 1402 bei. Erfolgreich waren Regie und Orchester¬
2144 1405 3112 1452 lätung um eine gute Auffährung bemüht. O. L.
2242 1435 3133 1494 Zum Abschiede unseres geschätzten Gastes,
2151 1489 3115 1539 des Fräaleins Bauer vom Hamburger Schau¬
2142 1536 3121 1607 spielhause, wurde gestern — zum erstenmale in
2957 1576 3132 1648 er auf¬
2149 1589 2932 1656 Zuaint — ein Werkchen zon Schuh
2146 1626 3135 1687 geführt. Man mag ja über Schnctur
2140 1682 3129 1763 „Dichtunge“ verschiedener Meinung sein, mag,
2147 1736 3127 1788 isie als Produkt, vollkommene: Dekodance, als
2152 1783 3131 1833 Machwerke eines zu wahrhaft großen Leistungen
2155 1828 3130 1893 Unfähigen oder aber als wunderbare und bahn¬
2162 1876 3139 1937 brechende Erzeugnisse einer neuen Zeit bezeichten
2216 1926 3126 1995 sicher ist, daß sich alle, die gestern abends
2157 1975 3138 2035 in leider nicht allzu großer Zahl der Aufführung
2158 2022 3132 2101 beiwohnten, sehr gut unterhielten, genau so, wie
2148 2073 3132 2148 des moderne Lesepublikum bei der Lektüre
2156 2116 3127 2188 Schnitzlerischer Werke auf seine Rechgung
2161 2167 3138 2234 kommt. Denn der Dichter der Moderne porträtiert
2161 2219 3130 2279 in meisterhafter Zeichnung die Zeitgenossen,
2165 2269 3127 2328 Wiener Lebemänner und Wiener Damen und
2156 2316 3140 2380 Dämchen. Dazu tritt eine glänzende Milien¬
2167 2359 3138 2426 schilderung und nicht zuletzt ein fein durchgeistig¬
2156 2411 3133 2480 ter Dialog. Aber — wie gesagt — der Stoff
2177 2460 3143 2519 ist minderwertig und kein tieferer Gedanke liegt
2169 2512 3134 2569 all den Schnitzlerischen Kleinigkeiten zugrunde.
2170 2567 3136 2626 Aus dem Anatolzyklus ist zweifellos das „Ab¬
2166 2598 3148 2663 schiedssouper“ am wirksamsten. Anatol, der un¬
2169 2657 3135 2719 verbesserliche, von einer Blume zur anderen
2163 2706 3144 2775 flatternde Lebemann, will der Ballettratte, der
2169 2748 3139 2819 er überdrüssig geworden ist, den Abschied geben,
2168 2800 3147 2854 um sich an einer neuen Rose Duft zu berau¬
2178 2856 3141 2909 schen. Der peinliche Schritt bleibt ihm aber er¬
2178 2904 3157 2971 spart, weil die Tänzerin ihm zuvorkommt. Sie
2161 2942 3140 3008 hat sich in einen Kollegen verliebt und nimmt
2155 2993 3136 3074 am Abschiedesouper nur teil, um sich noch ein¬
2143 3161 3137 3268 mal nach Herzenslust an Austern und Vauil¬
2143 3227 3126 3319 lecreme, an Bordeaux und Champagner zu
2147 3254 3129 3356 sättigen. Im Mittelpunkte der gestrigen Auf¬
2155 3311 3128 3401 führung stand Frl. Bauer. Mit Temperament
2146 3357 3113 3440 und Rasse stattele die Künstlerin das Ballett¬
2136 3397 3119 3501 rattchen aus. Nimmerrasteude Beweglichkeit,
2141 3447 3126 3547 Verwandlungsfähigkeit, köstliche Koketterie, bei
2133 3500 3124 3598 allem Uebermut dezentes Spiel und eine unnach¬
2129 3551 3115 3648 ahmliche Sicherheit waren die Eigenschaften, die
2124 3594 3112 3704 am Gaste auch gestern wieder bewundert wurden.
2124 3657 3127 3746 Das dreitägige Gastspiel brachte Fil. Bauer
2122 3704 3106 3787 einen unbestrittenen, vollkommenen Erfolg. Dem
2125 3736 3104 3829 Einakter ging ein höchst abwechslungsreicher
2125 3802 3109 3896 Künstlerrummel voraus, bei dem sich die Damen
2119 3840 3132 3965 Alt und Veri und die Herren Direktor
2112 3887 3101 3987 Rollett, Killer, Lerchenfelder und
2115 3946 3101 4039 Fehndrich mit ihren oft geradezu unübertreff¬
2109 3990 3093 4084 lichen Darbietungen reichen Beifall holten. Der
2111 4038 3118 4140 Abend kann als in seiner Gänze wohlgelungen
2116 4091 2825 4175 und unterhaltend bezeichnet werden.
2195 4135 2398 4192 Emnan
2867 4120 3039 4203 F. Sl.
2734 4156 2825 4206 —
