3392 4320
2104 149 2391 216 —.—
350 214 1411 317 Panphlets offorints
1571 216 2025 307 box 36/8
1756 966 1976 1064 Decadence.
2461 988 2609 1055 529
233 1077 686 1149 perversen Naturanlage.
1129 1075 2595 1140 ich meine damit: die brutale Bekämpfung, wie solche Freund Kraus hin
244 1135 702 1213 et er nicht viel. Vom
1135 1148 2601 1220 und wieder in der „Gesellschaft“ betreibt; denn die Décadence hat Existenz¬
276 1194 685 1267 denten muß man ta¬
1127 1195 2594 1259 berechtigung im litterarischen Leben der Gegenwart. Es ist die Poesie des
394 1252 692 1321 beim geringsten
1142 1274 2598 1324 absterbenden Bourgoisgeschlechtes, das von der Julirevolution ab in der
454 1309 698 1382 pfänglichkeit
1128 1306 2601 1384 Litteratur hoffähig wurde. (Spielhagen, Freytag.) Es sind nichts mehr, denn
541 1369 697 1438 in und
1126 1385 2589 1440 die letzten Zuckungen einer dem Untergange geweihten, verweichlichten und ver¬
506 1426 696 1486 em allen
1139 1427 2600 1486 flachten (Marlitt, Bürstenbinder) Generation. Weder diese, noch auch ihre
1139 1487 2605 1550 Dichter sind reif für die neue Welt, und das eben ist ihre tragische Schuld. Einer
561 1478 698 1548 e, ein
505 1534 694 1610 Dekadent
1135 1543 2601 1594 von den begabtesten, weil aufrichtigsten, Dekadenten (Arthur Schnitzler), auf
1139 1598 2601 1643 den ich im Verlaufe noch zurückkommen werde, gesteht das selber ein. Die
568 1653 687 1716 gemäß
1131 1651 2594 1720 es nicht einbekennen, fühlen es wenigstens, aber die süße Gewohnheit, das
1131 1716 2600 1774 wollüstige Milieu vernichtet in ihnen den letzten Funken Willenskraft. Sie
578 1707 683 1781 ähmt
1132 1771 2608 1842 sind bankrott, noch ehe sie recht spekuliert haben. Ihre Agonie ist zugleich
624 1772 686 1832 as
1137 1822 2614 1877 die Agonie der Kaste, der sie entsprossen. Eben darum gebührt ihnen, wie
620 1829 686 1891 on,
1139 1884 2278 1941 keiner andern Richtung, der Titel: Dichter der Gegenwart.
1227 1943 2605 2012 Ein anderes ist es, gegen diese Nervenpoeten mit satirischen Waffen
1142 1993 2609 2048 ins Feld zu ziehen. Was dem Ernste mit aller Mühe nicht gelingt, fällt
1144 2062 2606 2119 oftmals dem Humor ohne weiteres in den Schoß. Als echte Salonmenschen
1136 2109 2602 2181 fürchten die Dekadenten jedenfalls nichts mehr, als die Blamage, und Bla¬
1142 2168 2602 2230 mage, unsterbliche Blamage kann ihnen ein guter Satiriker in Hülle und
1142 2230 2606 2294 Fülle bieten, zumal jeder Dekadent, dank seiner Neigung zur Pose, zur
1140 2278 2604 2347 Hälfte aus Achillesfersen besteht. Ein junger Wiener, Anton Lindner, hat
1140 2331 2600 2396 diesen Weg bereits mit großem Erfolg eingeschlagen*) und es steht zu er¬
645 2402 691 2448 er
1140 2389 2600 2447 warten, daß seine Bestrebungen nachhaltige Wirkung erzielen werden; denn
1132 2454 2603 2512 die Décadence, ob auch existenzberechtigt, vergiftet den litterarischen Nachwuchs,
1130 2518 2596 2573 vom Publikum ganz abgesehen. Freilich ausrotten wird sie auch der Sa¬
1135 2557 2590 2626 tiriker Lindner nicht; die Décadence steht und fällt eben nur mit dem tiers¬
1139 2611 2601 2688 état —— es handelt sich lediglich um ein ausgiebiges Gegengewicht, ein
1139 2670 2597 2741 prophylaktisches Mittel gegen die hektisch=neuralgische Poesie der Herma¬
1137 2747 2608 2804 phroditen, in deren litterarischem Organismus anstatt Blut eine Mischung
1136 2781 2063 2860 von Morphium und odeur de femmes fließt.
1233 2846 2607 2914 Die Décadence ist, wie sich schon von selber versteht, kein spezifisch
1135 2910 2608 2971 deutsches Gewächs, wenn sie auch bei uns ihre größten Triumphe feiert.
1142 2953 2608 3011 Das Hirn des Deutschen ist denn doch etwas zu schwerfällig, um derlei
1140 3021 2604 3080 pikante Nippes zum Gebrauch fin-de-siecle-angekränkelter Menschenkinder
1139 3084 2601 3140 auszutüfteln. Das muß schon dem litterarischen Obersthaushofmeister jen¬
1145 3139 2612 3203 seits des Elsaß überlassen werden, der besorgt es auch in gewohnter redlicher
610 3161 693 3229 jung
1139 3197 2616 3261 Weise — ob zu Nutz und Frommen seiner gehorsamen Zöglinge, ist freilich
1234 3296 1736 3376 *) „Magazin für Litteratur.“
