3392 4320
205 144 281 251 1
2212 84 2311 182 —.—
1547 176 1999 273 box 36/8
321 155 1390 272 PannhletsOffarints
1024 921 1166 996 530
1565 918 1989 1021 Stauf von der March.
1026 1038 2510 1116 eine andere Frage. Was vom Ausland importiert wird — mögen es nun
1030 1092 2508 1169 Hosenstoffe oder Litteraturwerke sein, ganz egal! — ist, wie bekannt, aus
1037 1132 2499 1232 der Maßen trefflich und wird mit Inbrunst gekauft und getragen, beziehent¬
1030 1201 2501 1283 lich: gelesen und nachgebetet, wahrscheinlich um den unglückseligen National¬
1032 1251 2498 1324 stolz zu sühnen, den wir uns nie ganz abgewöhnen können, und der uns
1035 1311 2512 1399 von jeher soviel Knüppel in den Weg geworfen hat. In Norddeutschland
1036 1363 2496 1458 fand das Senfkorn der Décadence allerdings keinen besonders günstigen
1031 1422 2498 1501 Boden. Die Luft ist zu scharf, zu brüsk für die zarten Mimosen, deren
1029 1491 2508 1573 Wachstum einzig putride Erde und Glashaustemperatur verbürgt. Wilhelm
1022 1525 2495 1631 Arent zeigt zwar sehr oft ein dekadentes Gesicht, aber seine erstaunliche
1021 1598 2505 1674 Mimenequilibristik führt den Beobachter ebenso oft irre. Sudermann ist
1030 1648 2505 1722 einmal „Naturalist für Minderbemittelte“ geheißen worden, mit demselben
1029 1709 2505 1794 Recht kann man Arent einen Dekadenten für Minderbemittelte nennen. Es
1027 1763 2483 1859 fehlt ihm der Schliff, die Kunst oder Künstlichkeit der waschechten Sensiti¬
1015 1839 2484 1912 visten — seine Décadence steht zu der eines Dörmann in fast eben vem¬
1022 1870 2503 1965 selben Verhältnisse, als die Satirbilder des Stuck zu der „Toteninsel des
1026 1938 2487 2029 Böcklin. — A. v. Sommerfeld, der zweite und letzte Norddeutsche, der
1027 1987 2486 2086 dem Dekadenten Konzessionen macht, besitzt wohl einen hinlänglichen Fond
1024 2054 2492 2137 zum Fin-de-siccle-isten, aber die ab und zu hervorbrechende Kraft seines
1021 2104 2488 2193 Ausdruckes, sowie die vielfach an Heine mahnende Neigung zur Pointe,
1015 2167 2483 2250 von seiner Sympathie zum Sozialismus ganz zu schweigen, läßt die Nerven¬
1021 2213 2483 2317 thätigkeit nicht aufkommen. Er gehört nur zur Hälfte den tiers-Stat¬
1014 2268 1294 2347 Poeten an.*)
1111 2338 2487 2424 Die eigentliche Heimat der Ganglien=Korybanten ist Süddeutschland,
1023 2397 2479 2478 genauer das Land der möglichen Unmöglichkeiten, vulgo Österreich geheißen.
1016 2441 2478 2539 Der von Rassenhaß und Klassenwut zerfressene Boden und das seit Schiller
1009 2499 2493 2581 so berühmte und berüchtigte Phäakenwiilieu des thönernen Polyglotten sind
1005 2562 2474 2631 ausgezeichnete Faktoren, um den Samen eines Baudelaire, Verlaine u. a.
1010 2626 2482 2707 zum Keimen zu bringen und den resultierenden Embryo in ein stattliches
1013 2683 2490 2769 Belladonnengestrüpp zu verwandeln. Neben dem „goldenen“ Prag, wo die
1013 2729 2485 2821 czechischen Dekadenten (Machar, Krapil u. s. f.) ihre Residenz aufgeschlagen
1002 2768 2478 2873 haben, ist das Capua der Geister, unser liebes Wien an der schönen, blauen
1012 2852 2485 2932 Donau, das Emporium der hysterischen Richtung. Günstiger könnte auch
1008 2901 2483 2996 keine Stadt der Welt sein. Die oben erwähnten Faktoren treten nirgends.
1010 2967 2467 3047 verstärkter auf, als in der Metropole, wo alle Venen des geistigen Lebens
1009 3003 2470 3088 zusammenmünden. Aber trotz alledem hätte — bei dem im Grunde doch
1008 3072 2470 3177 gesunden Vaudeville=Charakter der Wiener — die Décadence keinen so auf¬
1116 3185 2473 3303 *) Vgl. meine Besprechung von „Wetterleuchten. Mod. Ged. v. A. v. Sommerfeld“.
1000 3242 1593 3337 in der „Litteratur=Korrespondenz“.
