3392 4352
120 273 715 374 2. Cuttings
821 267 1270 362 box 37/6
1124 499 1644 576 ouchent.
1336 548 1701 650 Wiener Jebraal, Wier
832 595 1256 670 Ausschnitt aus:
1168 649 1465 739 24 11 1975
846 705 1001 765 vom:
793 808 1883 911 Alte Wiener Volksstücke.
713 903 1962 953 Einige Bemerkungen zu dem Altwiener
798 955 1900 1037 Theaterabend in der Neubaugasse.
1273 1007 1394 1070 Von
1044 1050 1640 1141 Siegmund Schlesinger.
808 1120 1975 1192 Aus dem Rahmen zweier langvergessener kleiner Stücke,
725 1175 1974 1234 deren Neubelebung angekündigt wird, drängt sich eine Fülle von
733 1232 1972 1289 Gestalten und Gedanken heroor, die das Wiener Volkstheater aus
724 1266 1971 1346 den früheren Zeitabschnitten des vergangenen Jahrhunderts an die
730 1328 1969 1382 Gegenwart von heute hereinrücken und einer Verbindung dieser
733 1367 1972 1423 mit der Vergangenheit zustreben. Zwei kleine Stücke, die zwei
723 1426 1979 1489 der größten Erfolge von damals und zwar der charakteristischsten
736 1466 1964 1514 Epochen unserer Volksbühne aus dem Vor- und Nachmärz dar¬
731 1511 1971 1566 stellen: die naive Harmlosigkeit des pudelnärrischen „Wenzel
730 1567 1977 1626 Scholz=Stückes“, in das sich freilich schon die damals
725 1617 1970 1676 noch nicht recht zum Bewußisein gelangte ätzende Satire des
727 1665 1971 1714 wühlerischen Nestroyschen Witzes mischte, und der gemütlich
743 1702 1979 1761 anfte „Liberalismus“ der „neuen Aera“ des „Josefinismus“ der
739 1745 1980 1807 Sechzigerjahre, der seinen Idealausdruck in der Gestalt Kaiser
728 1808 1979 1860 Josefs II. suchte und das „Kaiser Josef=Stück“ in
730 1841 1984 1907 mannigfachen Varianten schuf. Als die wirksamste wohl erwies sich der
731 1898 1981 1962 Einakter „Der Gevatter von der Straße“ aus
725 1941 1979 2005 er Feder Anton Langers, des „Hans Jörgel von Gumpolds¬
723 1993 1975 2046 kirchen“ der den Volkston von damals am richtigsten traf. Man
723 2035 1988 2098 drängte sich zu dem Stückchen in das Carl=Theater, das seine
709 2098 1982 2155 populärsten Darsteller darauf verwendet hatte: die Gall¬
718 2140 1975 2191 meyer, den zum innersten Wiener Herzen sprechenden Gemüts¬
725 2191 1982 2260 komiker Matras und den vor noch nicht langem erst von
726 2219 1982 2297 hinnen geschiedenen Franz Tewele, dessen Kaiser=Josef¬
724 2276 1967 2337 Maske zu den Wiener Sehenswürdigkeiten zählte. Eine solche
730 2321 1983 2388 war diese, der Mit= und Nachwelt in fröhlicher Erinnerung ver¬
722 2375 1973 2437 bliebene, überlebensgroße „Tewele=Nase“ immer gewesen, nur in
719 2422 1968 2477 lotal anderem Sinne als die stets gern begrüßte Erregerin unbe¬
718 2469 1968 2521 grenzter Heiterkeit — sie wetteiferte in der belustigenden
736 2522 1973 2584 Wirkung mit der wirbelnden Zunge, so daß ihr Eigner
723 2566 1956 2628 mit gleichem Recht als „Nasen=“ wie als „Zungenkomiker“
734 2625 1980 2671 gekennzeichnet war — aber erstaunlich war es, wie diese, ver¬
724 2660 1970 2732 meintlich nur aufs Lachen zietende tiebernase durch eine erlesene
735 2710 1969 2766 Kunst der Schminke hier dazu verwendet wurde, die edle
733 2754 1971 2817 Physiognomie des zweiten Josef zu eindrucksvollster und liebens¬
727 2798 1971 2858 würdigster Ansichtlichkeit zu bringen. Die Photographienverkäuser
736 2844 1983 2905 machten glänzende Geschäfte, der „Tewele=Kaiser Josef“ ging reißend
730 2900 1982 2956 ab, ich selbst habe das interessante Bildchen lange verwahrt, bis
732 2925 1971 3002 es mir von einem Kollegen, einem eifrigen Sammler, abgeschwatz'
727 2983 1975 3044 wurde. Noch ein sinn- und zeitverwandter Einakter Anion
738 3040 1975 3101 Langers hatte auf derselben Bühne den so ziemlich gleichen
731 3089 1955 3147 Sensationserfolg mit der Behandlung der „Judenfrage“
737 3143 1966 3198 in einer Art diplomatischen Duells zwischen dem für sein
724 3176 1969 3269 Volk eintretenden Hofbankier Samuel Oppenheimer und dem diesem
724 3235 1961 3305 nicht allzusehr gewogenen Staatskanzler, dem nervös=geistvollen
727 3284 1970 3343 Fürsten Kaunitz. „Ein Wortan den Miaister.“ hieß
739 3337 1969 3387 das Stückchen, Anton Ascher als Kaunitz und Karl
737 3373 1963 3427 Treumann als Oppenheimer bildeten nicht bloß die Abend=,
735 3431 1967 3484 sondern auch die Tagesunterhaltung der Wiener Gesellschaft die
742 3469 1975 3528 sich im Cail=Theater ihr Stelldichein gab. Nicht mindere
728 3512 1969 3583 Repertoire=„Schlager“ aber waren in der Nestroy=Scholz=Zeit des
753 3568 989 3624 Mt. 7020
1397 3577 1628 3622 Kauic
720 3637 1975 3686 Vormärz die zwei ganz und gar „unschuldigen" Einakter
714 3677 1967 3748 Nestroys; „Tratschmirl“ und „Herüber — Hinüber“ gewesen,
790 3732 1967 3795 deren letzterer nun gleichfalls von der „Volksbühne“ in der
712 3771 1344 3841 Neubaugasse hervorgeholt wird
1432 3774 1975 3841 sie füllten mit ihrer halb¬
724 3819 1972 3892 stüngigen Wirksamkeit das alte „Leopoldstädter Theater“ wie die
723 3871 1281 3937 ausgewachsensten Kasseustücke.
832 3925 1962 3995 Daß nun gerade die „Volksbühne“ diesen bemerkenswertes
721 3967 1958 4040 Wiederverwendungsversuch macht und direkteste Anknüpsung an dan
722 4029 1968 4072 Wienertum, ja an das Altwienertum sogar, zu bewerkstelligen
721 4067 1969 4140 trachtet, will mir stark symptomatisch erscheinen Und zwar keineswegs
712 4121 1962 4196 überraschend etwa, sondern als etwas ganz natürlich Erklärbares
721 4173 1955 4225 und aus dem klugen und richtigen Ermessen der Ergebnisse dieser
2810 4143 3169 4221 u
