3344 4352
125 264 714 359 2. Cuttings
1806 156 2926 199 anz seltener Wiederholung die „Medea“ sehen können.
1775 193 2934 230 Nein, es geht doch nicht mit Grillparzer. Er hat am Burg¬
1768 233 2935 284 theater abgewirtschaftet. Das hat der Grillparzer=Zyklus
1772 269 2655 321 bewiesen, der das Gegenteil beweisen sollte.
812 262 1259 348 box 37/6
1861 312 2927 373 Und überhaupt muß die Burgtheaterleitung jetzt da¬
1769 367 2944 418 rauf bedacht sein, das durch den Grillparzer-Zyklus gefähr¬
1772 419 2946 458 dete Ansehen des Hoftheaters schleunigst wiederherzustellen.
1777 457 2947 514 Denn es könnte dem Ruf dieses Theaters als einer mo¬
1769 499 2945 537 dernen Bühne, die ja den verschiedenen kleinen Privat¬
1775 553 2948 599 theatern in scharfer Konkurrenz zur Seite bleiben will,
1783 589 2940 631 arg schaden, wenn im Publikum die Meinung entstünde,
1781 627 2955 673 daß jetzt hier wirklich Klassiker gepflegt werden sollen und
1785 678 2938 736 der alte versunkene Theatergeist wieder herrschen soll. Diese
1779 724 2944 781 gefährliche Vorstellung aufkommen zu lassen, lag durchaus
1779 762 2937 801 nicht in der Absicht der Burgtheaterleitung. Und so mußte
1781 799 2949 852 rasch etwas geschehen, um der Gefahr vorzubeugen. Darum
1778 852 2952 906 war denn schon die nächste Woche wieder eine echte, mo¬
1785 884 2944 940 derne Burgtheaterwoche. Schnitzler und Schönhere muß¬
1783 930 2956 991 ten geschwind heran, um das erschütterte Renommee schleu¬
1790 987 2945 1032 nigst auszubessern. Man setzte unmittelbar nach Grill¬
1786 1022 2945 1069 parzer Schnitzlers „Das weite Land“ an. Da aber diese
1783 1065 2947 1126 Komödie eine zu lange Aufführungsdauer zeigt (man ist
1781 1117 2952 1163 ja jetzt durch die bekannten behördlichen Verfügungen an
1788 1150 2960 1213 den 9-Uhr-Schluß gebunden), so wurde sie durch Schnitzlers
1784 1200 2976 1254 „Komödie der Worte“ ersetzt und Schönherr kam in dieser
1790 1240 2955 1280 Woche zunächst nicht mit seinen paar einwandfreien Dich¬
1785 1276 2952 1331 tungen zu Wort, sondern natürlich in erster Linie mis
1792 1322 2954 1371 seinem „Weibsteufel“. Das wird ja vermutlich die dem¬
1786 1364 2958 1419 Theater durch Grillparzer geschlagenen Scharten wieder
1779 1412 2958 1462 ausgewetzt haben. Der künstlerische Ruf des Haufes ist
1777 1457 2434 1530 gerettet, der Kassier befriedigt.
1864 1505 2898 1569 Ganz und gar nicht befriedigt aber, meinen wir, d
1773 1560 2937 1606 von solcher Führung unserer kalserlichen Bühne dis
1783 1602 2968 1673 Theaterstadt Wien sein, soweit sie nämlich das Iuteresse
1781 1647 2959 1702 und die altangestammte Liebe für dieses Haus noch nicht
1778 1691 2966 1758 ganz eingebüßt hat, was allerdings nach dem, was in der
1780 1733 2959 1785 letzten Jahren hier vorging, schon ein gedöriges Maß von
1778 1773 2954 1820 Vertrauen und Beständigkeit voraussetzt. Noch gibt es
1793 1816 2953 1871 ja gottlob vieltausend Leute, denen das Burgtheater zwar
1791 1866 2964 1911 seit Jahren gehörig verekelt worden ist, die aber immer
1779 1903 2966 1954 noch mit unerschütterter, ja vielleicht ni noch zärtlicherer
1790 1952 2960 2002 Liebe an eine Gesundung dieses schwer krank darnieber¬
1787 2007 2955 2058 liegenden Hauses glauben. Ein Grillparzer=Zyklus! Das
1781 2043 2956 2080 macht neue Hoffnung, das gibt wieder ein wenig Ver¬
1791 2081 2955 2140 trauen. Da mag mancher verbitterte, alte Theaterfreund
1804 2130 2956 2180 freudig aufgehorcht haben. Also doch! Vielleicht kommt
1790 2175 2964 2229 jetzt die ersehnte große Wandlung! Vielleicht hat der
1798 2212 2968 2269 Weltkrieg und der neue, geläuterte Geist sie gebracht! Man
1800 2273 2967 2317 redet und schreibt ja in der letzten Zeit viel von der Hebung
1795 2296 2960 2360 der deutschen Theaterkultur, Vielleicht soll dieses Zurück¬
1797 2346 2954 2399 finden zu Grillparzer ein Begirn, eine Verheißung sein!
1794 2388 2952 2440 Aber die Leitung des kaiserlichen Hofburgtheaters winkt
1792 2430 2956 2489 kühllächelnd ab: Gebt Euch doch keinen törichten Hoffnun¬
1800 2491 2970 2541 gen hin! Seht, wir spielen schon wieder Schnitzlersche
1799 2515 2957 2571 anrüchige Ehebruchs- und Dirnengeschichten, wir geben
1802 2560 2961 2621 schon wieder den tierisch brünstigen „Weibsteusel“, der drau¬
1799 2612 2951 2665 ßen in Deutschland an allen anständigeren Bühnen ver¬
1802 2663 2960 2712 boten worden ist. Das mit Grillparzer war nur eine
1794 2706 2961 2758 kleine, leider nötige Unterbrechung, nur ein kurzer Aus¬
1795 2750 2950 2802 flug. Wir sind schon wieder daheim. Der Weltkri.?
1803 2771 2970 2831 Länterung der Gemüter? Macht Euch doch nicht lächerlich!
1281 2855 1818 2955 HEICHSPOST, WIEI
1886 2865 2960 2932 Wir meinen: Solange auch Grillparzer am Burg¬
834 2899 1116 2993 19FER 19·7
1795 2934 2959 2980 theater vernachlässigt worden sein mag, unwürdiger ist
1781 2953 2999 3007 er nie behandelt, arger verunglimpft ist sein Andenken
1781 3016 2966 3088 niemals worden als jetzt, da man an die Woche, die ihm
648 2965 1749 3115 Iheatet, Kunst, Musik.
1796 3052 2961 3108 geweiht war, die Woche anschloß, die der liebevolleren
1803 3098 2960 3155 Pflege des „Weibsteusels" und Schninlerscher Unsauber¬
958 3106 1469 3192 Hofburgtheater.
1802 3133 2984 3198 keiten gewidmel ist. Daß mion in der V
1787 3196 2964 3253 des kaiserlichen Hofburgtheaters keinen Sinn dafür hat,
794 3178 1639 3256 Die Woche Grillparzers und die nächste.
1789 3236 2965 3296 wie ungeheuerlich es ist, nach Grillparzer, dessen großes
708 3241 1782 3300 Also jetzt ist der langversprochene Grillparzer=Zyklus
1792 3281 2966 3332 Lebenswerk wie ein einziger, herrlicher Mahnruf zur Rein¬
616 3294 1775 3358 vorüber. Langer als eine Woche hat man nur Grillparzer
1801 3314 2959 3376 heit, zur Selbstzucht klingt, sogleich wieder allen wüsten
623 3341 1778 3388 gespielt, den ganzen Grillparzer, soweit man ihn über¬
1793 3370 2964 3427 Leidenschaften, allen verbrecherischen Instinkten, allem
626 3369 1784 3434 haupt spielen kann, hat man der Reihe nach, Abend für
1799 3414 2972 3463 Schmutz und Unslat das Wort zu reden . .. daß man dies
627 3428 1779 3481 Abend, heruntergespielt. Es wäre ungerecht, zu verschwei¬
1804 3461 2971 3504 nicht fühlt, erfüllt uns mit tiefer Erbitterung und
625 3455 1785 3526 gen, daß damit ein ansehnliches Stück theatermäßiger Ar¬
1804 3489 2967 3548 Hoffnungslosigkeit. Nein, wahrhaftig, so wird es nicht
627 3499 1794 3562 beit erledigt worden ist, denn weder schauspielerisch, noch
1809 3545 2968 3596 weitergehen. Alle besseren Geister müssen gegen solchetz
632 3549 1786 3598 technisch war dieser in einem Atem erledigte Zyklus eine
1805 3590 2965 3636 Mißbrauch des kaiserlichen Theaters aufstehen. Hier ens¬
630 3592 1790 3646 leichte Sache. Es gab künstlerische Höhepunkte: Etwa
1794 3633 2958 3679 lich einmal den längst nötigen Wandel zu schaffen, wäre
637 3639 1782 3698 jenen Samstag, den 3. Februar, an dei wir die Medea
1797 3666 2960 3732 eine Tat, durch die Grillparzers Andenken weit würdiger
640 3677 1791 3745 der Frau Bleibtreu sahen. Es gab prachtvolle Regie¬
1795 3709 2961 3777 geehrt würde, als durch den flauen Grillparzer-Zyklus,
642 3727 1783 3782 einfälle, es gab allerlei neue, wunderbar stimmungsvolle
1804 3765 2959 3817 mit dem sich die Herren offenbar das Recht erwirkt zu
633 3759 1781 3827 Ausstattungen. So kann man nicht eben sagen, die Grill¬
1793 3793 2986 3870 haben glauben, jetzt wieder eine längere Weile alle edlen
634 3818 1781 3872 parzer-Woche sei unwürdig verlaufen. Ebensowenig aber
1802 3846 2911 3900 Ueberlieferungen unserer Hofbühne zu verunglimpfen.
632 3850 1785 3913 wird man behaupten können, sie sei ein weithin sichtbares
2558 3843 2996 3965 Hans Breck#—“
618 3907 1792 3975 Ereignis, eky unvergeßliches Kunsterlebnis gewesen. Es
