3392 4352
129 252 710 363 2. Cuttings
795 255 1273 338 box 37/6
2179 341 2419 448 S·11 1919
1694 411 2449 516 Prager iegblatt, Pran
1581 585 2522 701 Das Ende des Müßiggangs.
1952 689 2505 764 &5 Prag, 7. Feber 1919.
1646 751 2533 815 Der jahrelange Zwang, der den Bürger ins
1571 792 2538 852 Kriegskleid steckte, ist geschwunden; die Menschheit
1572 831 2536 909 wird sich über kurz oder lang wieder in Zivilisten
1569 876 2539 949 verwandeln und nicht mehr dem Maschinengewehr¬
1570 921 2532 977 feuer entgegenlaufen oder mit aufgepflanztem
1562 959 2548 1037 Bajonett auf Bahnhöfen Wache stehen müssen. Mit
1559 1009 2528 1076 diesem, nun erledigten Zustand verglichen ist jeder
1557 1056 2526 1127 andere glückselig zu nennen; aber ein Paradies
1567 1099 2536 1168 wird, nach diesen Jahren der Zerstörung, die Welt
1568 1138 2535 1216 trotzdem nicht werden. Zum Begriff des Paradieses
1564 1185 2529 1241 gehört nun einmal die Freiheit von der Verpflich¬
1567 1230 2532 1303 tung, eine Arbeit verrichten zu müssen, außer wenn
1563 1264 2525 1343 sie zugleich ein Vergnügen ist. Ein solch schönes
1563 1321 2532 1380 Reich ist nun die Welt auch vor dem Krieg nicht
1556 1353 2530 1433 mehr gewesen, wie überhaupt die Entwicklung von
1553 1397 2540 1473 den Urzeiten her stetig den Weg von der Arbeits¬
1563 1439 2521 1524 losigkeit zur Arbeit genommen hat. Aber es gab
1551 1483 2524 1565 noch eine stattliche Anzahl von Menschen, ganze Ge¬
1557 1534 2529 1600 sellschaftsklassen, die, unberührt vom Zwang zu be¬
1559 1584 2522 1648 ruflicher Tätigkeit, ein wohlig durchwärmtes Da¬
1557 1626 2521 1694 sein führten, in dessen Klima eine Art besonderer
1562 1667 2523 1733 Kultur gedieh. Oesterreich namentlich war es,
1545 1715 2515 1773 dessen nicht nur begüterteste Schichten sich vielfach
1555 1751 2516 1812 den Luxus gestatten durften, nichts zu tun, als ihr
1551 1794 2519 1863 Leben zu leben, berufsmäßige Genießer zu sein
1542 1825 2515 1903 Diese mit der berühmten Schlamperei eng zusam¬
1556 1888 2510 1962 menhängende seelisch=kulturelle Eigentümlichkeit,
1553 1940 2518 2008 an der übrigens alle Nationen des Staates teil.
1551 1976 2517 2026 hatten, hat dem alten Oesterreich jenen Charakter
1542 2027 2509 2090 gegeben, der es zum Gegenstand einer wohlwollen¬
1544 2068 2517 2117 den Geringschätzung gemacht hat. Aber mit der
1550 2110 2505 2161 Donaumonarchie ist auch die alte Welt der Gemüt¬
1546 2149 2509 2220 lichkeit untergegangen und die neue Zeit scheini,
1543 2200 2505 2257 wenn auch frei von der täglichen Trdesgefahr, doch
1547 2239 2516 2302 eine härtere Zeit werden zu wollen. Sie muß, wie
1548 2283 2502 2338 mit so vielen anderen luxuriösen Dingen, auch mit
1537 2323 2498 2383 dem Recht auf das Nichtstun aufräumen, und schon
1541 2365 2502 2439 hat die tschechische Regierung einen Gesetzentwurf
1540 2415 2509 2485 eingebracht, der die Arbeitspflicht einführt. Für
1537 2455 2452 2535 die Müssiggänger werden bittere Tage kommen.
1629 2513 2514 2564 Keinem ernsten Menschen wird es einfallen,
1542 2524 2502 2611 die Nützlichkeit, die Notwvendigkeit eines Arbeits¬
1554 2597 2506 2670 pflicht=Gesetzes zu bezweifeln, seine nicht nur
1650 2649 2507 2710 e, sondern auch moralische Bedeutung zu be¬
1658 2690 2500 2745 n. Es ist nicht mehr als eine ironische Senti¬
1668 2725 2503 2798 lität, wenn uns eine wehmütige Erinnerung
1672 2781 2499 2845 Zeiten beschleicht, da selbst mäßig bemittelte
1644 2817 2499 2870 schen ihre Tage in der angenehmen Dämme¬
1640 2866 2509 2924 des Kaffeehauses, bei Spiel und Gespräch ver¬
1625 2908 2507 2967 igen durften. Es waren nicht die dümmsten und
1632 2958 2511 3026 pfsten Menschen, die solcherart die Zeit tot¬
1548 2990 2497 3059 schlugen. Sokrates, der ein notorischer Müssig¬
1546 3031 2506 3106 gänger war, hat, aus seinem Nichtstun heraus,
1541 3075 2499 3130 der Welt die ewige Erinnerung an eine berau¬
1540 3121 2498 3185 schende Persönlichkeit, an einen der größten Kon¬
1532 3173 2489 3229 versationskünstler gespendet. Die Romanfiguren
1643 3213 2493 3271 aes sind fast durchwegs Nichtstuer, deren ein¬
1665 3245 2503 3318 erufsarbeit darin besteht, sich durch das Er¬
1685 3298 2489 3365 einer Rente jeden Berufs zu entschlagen.
1678 3337 2483 3410 Schnitzlers Helden haben meist nichts
1677 3382 2477 3439 il kün, als mit psychologischein Witz in die
1535 3422 1588 3472 U.
1632 3430 2499 3498 rgründe ihres Seelenlebens zu tauchen. Alle
1537 3468 2489 3529 diese Faulenzer enfalten trotzdem eine ganz be¬
1540 3511 2497 3578 trächtliche unbewußte Produktivität. Kann man es
1544 3551 2494 3623 bestreiten, daß ihre Arbeitslosigkeit Werte ge.
1532 3602 2502 3664 schaffen hat? Aus der Beziehung zwischen Mann
1538 3653 2503 3707 und Frau erwachsen die schönsten künstlerischen
1534 3691 2495 3762 Blüten, das Feuer, das die F##u entzündet,
1530 3737 2498 3781 schmiedet Gestaltungen, die eine Welt entzücken,
1526 3784 2493 3840 Casanovas Lebensgang allein ist ein Werk, das die
1535 3827 2494 3884 Nachwelt zu ergötzen nicht aufhören wird. Der
1539 3869 2491 3919 Verkehr mit Frauen aber braucht Zeit, nur ein
1534 3911 2494 3971 Nichtstuer kann ihn so pflegen, daß er zur Kunst¬
1542 3948 2494 4015 form wird. Eros ist ein Gott der keinen anderen
1528 4002 2496 4055 neben sich duldet, weder Mexkur, den Gott des
1532 4022 2492 4103 Handels, noch Hephästos, den Gott des Handwerks,
1529 4072 2497 4143 nicht einmal Apollo. Nur in einer Atmosphäre der
1528 4118 2493 4190 süßen Beschäftigungslosigkeit keimen die schönen
2122 4181 2163 4207 P
2589 4149 2664 4205 S
