3344 4352
750 243 1246 326 box 37/6
103 243 703 337 2. Guttings
540 837 1428 922 Berliner Börsen Courier, Berlin
231 856 532 981 31
780 910 1214 986 Mingenausgabe
718 1048 1053 1115 —
659 1099 1147 1188 Arkhur Schnißler.
334 1169 1383 1237 Ein Dreiminuten=Porträtvöff Wihelm Herzog.
613 1213 1419 1266 Die nachfolgende knappe Studie wird an der
554 1254 1419 1311 Spitze einer Schnitzlernummer der „Welt¬
553 1303 1415 1343 literatur“ erscheinen. Ihr Verfasser, der Kleist¬
552 1318 1422 1379 hiograph Wilhlm Herzog, hat sie uns zum vor¬
559 1362 1416 1420 herigen Abdruck zur Verfügung gestellt. Sie ist
560 1399 1415 1466 uns am Tage einer Schnitzler=Premiere beson¬
565 1438 883 1494 ders willkommen.
443 1458 1424 1527 Unter den Dichtern seiner Generation ist Arthur
382 1528 1423 1575 Schnitzler einer der liebenswürdigsten. Dieser
387 1553 1427 1610 Wiener Arzt war immer ein nachdenklicher oft me¬
1020 1600 1423 1656 Die Welt, die er¬
382 1608 983 1663 lancholischer Menschenfreund.
386 1612 1474 1694 formte, ist nicht überraschend neu, aber sie hatte eine
383 1685 1446 1749 warme, sinnliche Atmosphäre; die in ihr agierenden!
390 1723 1420 1781 Figuren sind graziös, spielerisch, angenehm=selbst¬
384 1754 1429 1826 verständlich, von einem sehr menschlichen Geist
389 1811 1066 1867 erfunden und in Bewegung gesetzt.
582 1858 1083 1910 Also spielen wir Theater.
576 1892 1130 1952 Spielen unsere eignen Stücke.
573 1926 1222 1992 Frühgereift und zart und traurig,
579 1974 1101 2021 die Komödie unserer Seele,
575 2000 1239 2062 unseres Fühlens Heuf und Gestern,
587 2038 1111 2089 böser Dinge hübsche Formel,
593 2080 1126 2125 glatte Worte, bunte Bilder,
587 2114 1156 2171 halbes, heimliches Empfinden.
580 2154 1038 2209 Agonien, Episoden
450 2166 1422 2254 Diese berühmt gewordenen Wort, die Hugo von
380 2225 1427 2280 Hofmannsthal dem Erstling Schnitzlers, dem „Ana¬
383 2274 1430 2339 tol“ als Prolog voranstellte, hat der Dichter der
383 2315 1421 2371 „Liebelei“, des „grünen Kakadu“, des „einsamen
399 2355 1435 2408 Weg“, im Laufe seiner Eutwicklung immer wieder
390 2407 1283 2462 bestatigt. Er hat sie vertieft und gesteigert.
467 2439 1443 2491 Und das ist es, was aus den Dramen und Er¬
389 2470 1433 2532 zählungen dieses Dichters sofort auf den Leser oder
394 2514 1435 2584 Hörer überspringt: die Wärme eines Menschen, eines!
400 2564 1424 2611 Menschen, der für die Reize diese Welt, für ihre
393 2597 1421 2651 Freuden und Qualen, für die Widersprüche, Vor¬
387 2649 1427 2702 urteile, Eitelkeiten, für die Genußsucht und das Ko¬
397 2686 1429 2735 mödiantische der Menschen untereinander ein unsag¬
403 2719 1435 2793 bar feines Ohr hat. Er diagnostiziert schonungslos.
397 2767 1441 2821 Jedoch er entlarvt die sich selbst belügende Mensch¬
399 2815 1088 2874 heit nicht ohne mildes Verstehen.
459 2845 1447 2921 Dieser Dramatiker liebt keine „großen Szenen“
392 2887 1456 2957 und Knalleffekten weicht er möglichst aus. Er gehi
401 2935 1440 2998 zart mit den Schicksalen der ihm Anvertrauten um.
408 2977 1458 3041 Und er ist ihnen stets ein liebevoller und milder
393 3032 589 3091 Richter.
455 3069 1448 3119 Ueberblickt man heute das mannigfaltige Werk
1174 3105 1452 3179 Eine kleine
395 3121 1161 3160 des 55 jährigen,  was bietet es?
409 3145 1448 3208 Welt scharfgesehener Menschen die ironische Dar¬
403 3188 1438 3258 stellung fluchtiger Genüsse. kaum faßbare Stim¬
413 3232 1453 3283 mungen, Seolenzustände, Wünsche, Gedanken wer¬
411 3269 1445 3325 den auf eine oft verblüfsende Manier festgehalten.
399 3307 1454 3361 Von einem feinen und üverlegenen Geist. Man hat
404 3348 1445 3407 ihn zuweilen „frivol“ genannt. Nichts Törichteres
406 3393 1454 3458 als diesen für den Anatoldichter herkömmlichen
413 3433 1447 3493 Stempel. Eo hat das Leichte, Unbeschwerte vieler
405 3477 1447 3524 Franzosen. Er ist ein Verwandter Maurice Donnans.
414 3517 1456 3572 Nicht nur die Frauen Wiens, auch die Dichter füh¬
406 3550 1453 3625 sen sich denen von Paris am nächsten. Aber dieser
411 3598 1455 3660 Canseur, dieser vortreffliche Dialogschreiber war nie
410 3641 1449 3706 ein leichtfertiger Plauderer vielmehr ein ernster
398 3676 1454 3740 Künstler. Kein Revolutionär, der aufpeitscht; viel¬
400 3723 1457 3782 mehr ein stiller Kopf, der leicht spöttelt, ohne je den
412 3772 1071 3838 Ernst dieses Daseins zu vergessen.
475 3796 1452 3859 Denn über allem Leichten, Heiteren dieser kleinen
411 3846 1451 3909 und doch so reichen Welt liegt meist etwas Dunkles,
422 3890 1452 3947 Schweres, eine — man möchte sagen — lockende Me¬
405 3939 642 4002 lanchoste.
2684 110 2842 156 r
1857 146 2885 197 eine Reihe ven Verfügungen trifft, um dieser Ver¬
1849 184 2901 244 wohrlosung zu seonern. Lein Zweisel: die Verwahr¬
1855 229 2892 275 tesung der gngens muß bereits bedentende Aus¬
1844 279 2878 328 dehnung gewonnen und höche bedentliche Formen an
1851 316 2889 369 gepommen haben, wenn die Behörden sich bemüßigt
1850 364 2893 430 schen, gesin sie unte: Androhungempfind¬
1840 403 2533 451 licher Strafen einzuschreiten.
1936 438 2896 497 Rnn besigzen wir aber in der Jugendpflege ein
1847 493 2898 548 vorzüglichee Mitlei zur Verämpfung der Verwahr¬
1842 532 2886 573 lejung der Jugend. Seit einiger Zeit haben die deui¬
1846 575 2891 622 schen Schuzvereine und, was Böhmen betrifft, hier
1848 623 2888 683 dei Bund der Deuischen in Böhmen, die Jugendpflege
1842 656 2902 718 in die Hund genommen. Der letztgenannte, große
1849 697 2891 752 Schntwerein hat bereits schöne Erfolge mit
1848 740 2497 798 seiner Jugendpflege erzielt. In
2509 746 2900 808 seinem Verlage ist
1851 794 2888 847 übrigens türzlich unter dem Titel „Die Jugend¬
1872 830 2889 878 flege im= Nahmen des Bundas“ ein Büch¬
1860 872 2888 919 lein erschieken, wesches Zwei und Ziele der
1857 917 2896 974 Jugenbpflege schilbert, die Mittel und Wege zu
1851 964 2895 1029 deren Erreichung aufzählt, die Gründung von Orts¬
1846 1002 2900 1048 und Bezirksonsschüssen für Jugendpflege allerorts
1858 1056 2897 1107 empfiehlt und schließlich den Jugendführern wertvolle
1858 1090 2904 1138 Minke erteilt und ein Verzeichnis des Schrift¬
1853 1134 2904 1193 iums über Jugendpflege in die Hände gibt. Auf nur
1858 1179 2921 1222 2 Seiten enthält dieses Schriftchen, welches vom¬
1852 1222 2885 1272 Bunde der Deutschen in Böhmen, Prag, 2., Krakauer¬
1850 1273 2904 1325 gasse 11, kestenlos bezegen werden kann, das Wissens¬
1857 1308 2723 1364 werteite auf dem Gebiete der Jugendpflege.
1944 1353 2893 1409 Lurkakommeno auf die eingangs erwähnte Statt¬
1854 1384 2888 1442 ####tereinerordnung kann nicht dringend genug emp¬
1857 1435 2901 1497 sehien werden, sojort überall in Deutschböhmen Orts¬
1844 1479 2899 1547 rad Bezieksausschüsse für Jugenopflege zu gründen,
1853 1531 2898 1589 und zwar in der Art und Weise, wiees der Bund
1847 1565 2895 1631 der Teutschen in Böhmen in dem vor¬
1836 1614 2804 1680 eewähnten Schrifttchen vorschlägt.
1949 1654 2890 1714 ### seh #hergenat, daß die soforrige Inangriff¬
1812 1675 2900 1768 F nahme der Jugendpflege im Nahmen des Bundes der
1852 1742 2903 1800 Teutsch# Böhmen am ehesten die Verwahrlosung
1846 1785 2900 1835 der Sch#enherrseitigen, gleichzeitig aber auch jede Zer¬
1862 1829 2897 1878 splheuf auf dem Gebiete der Jugendpflege ver¬
1855 1875 2899 1914 hutcnasih unsere Zugena davor bewahren wird, daß
1865 1916 2899 1980 sich ihrer am Ende Kreise annehmen, in deren Händen
1856 1959 2779 2007 wir unsere Jugend nicht gerne sehen möchten.
1931 1998 2898 2056 Tarum nochmale: Grünbel unverzüglich überall
1851 2046 2906 2092 Orts= und Bezirlsausschüsse für Jugendpflege nach den
1849 2090 2835 2158 Verschlögen des Bundes des Deutschen in Böhmen.
2339 2145 2503 2189 —
2765 2140 3019 2300 4%
2024 2201 2752 2296 Ranst und -ühne.“
2531 2276 2862 2349 Wien, 7. Mai.
1864 2321 3024 2438 Die „liverale“ Heße gegen Hofrat %/2
1997 2417 2583 2519 Milleniovich.
1930 2479 2917 2563 In der Heldausgabe Nr. 130—131 vom 26. Aprik“
1850 2544 2552 2610 schreibt Danzers Armee=Zeitung":
1929 2581 2905 2638 Das iener Burgtheater hat einen neuen
1859 2635 2896 2691 Tireltor: Hofrnt Max v. Millenkovich. Er ist der
1843 2680 2904 2724 Sohn unseres großen österreichischen Lyrikers Stephan
1851 2723 2903 2784 Milow, des Hauptmannes v. Millentovich, er ist selbst
1848 2765 2910 2817 ein Dichter, Lyriter, Dramutiker und Essayist — er ist
1846 2812 2902 2868 svorfallem aber, denn das kommt für seine neue Stel¬
1836 2848 2907 2907 ilung entscheidend in Betracht, eine kraftvolle Persön¬
1844 2893 2911 2943 ichkeit von ausgesprochener Richtung. Hofrat von
1858 2944 2891 2994 Millenkovich ist also wirklich ein „Direktor“, ein Weg¬
1848 2989 2903 3037 weiser, ein Lenter, der ein festes Ziel besitzt, dem er die
1855 3026 2906 3082 ihm anvertrante „erste deutsche Bühne“ unverwandt
1846 3064 2911 3123 zugustenern gedenkt. Wer Hofrat v. Millenkovich kennt¬
1869 3115 2898 3168 wir haben in diesen Blättern wiederholt auf seine
1850 3155 2897 3213 prachtvollen Reden in der Wiener „Urania“ hinweisen
1844 3199 2902 3250 können — wird natürlich über seine den höchsten
1854 3243 2897 3292 Idealen zugewendeten Ziele klaren Bescheid wissen.
1860 3288 2908 3335 Für die, die's noch nicht wissen, hat sich der neue Burg¬
1844 3329 2892 3382 theaterdirektor in seiner Programmrede mit den Wor¬
1845 3371 2895 3428 ten geschildert, er sei ein Deutschösterreicher, „der das
1840 3425 2903 3493 schristlich= germanische Schönheitsideal im Herzen
1845 3458 2023 3520 tragt“.
1944 3485 2899 3557 In dieser Allgemeinheit ist das Ziel beinahe eine
1840 3560 2890 3607 Selbstverständlichkeil: denn welches Ideal sollte denn
1846 3591 2887 3635 der Leiter der ersten deutschen Schauspielbühne in
1845 3629 2892 3678 Oesterreich, von dessen dreißig Millionen sich achtund¬
1844 3673 2890 3729 zwanzig Millionen als Christen bekennen, verfolgen?
1846 3722 2901 3767 Daß Hoirat o. Millenkovich doch keine Seibstverständ¬
1839 3766 2899 3818 sichten gesagt hat, erkennt mon aber, wenn man sieht,
1835 3799 2893 3857 wie eine geissse Preise in Wien darauf wie von einer
1845 3849 2900 3903 Tarantel gestochen in Raierei verfiel und kaum die
1837 3890 2906 3939 Klunheit ausbrachte, diese Raserei. in höhnischen In¬
1840 3935 2367 4005 vereinenzen in vertergon.
2608 4119 2956 4194 W
2310 4135 2421 4194 —.—
