3344 4352
804 252 1269 346 box 37/6
114 250 810 365 2. Guttings
1778 801 1843 864 —
2756 830 2974 911 Seite 5
1050 831 1554 915 Akademische Zeitung
1742 888 1940 969 S
1446 894 1680 972 ehen eenecheeen
84 943 1867 1024 kieser letzten Tendenzen? Das! kommeneren Wesens befruchten sollen, aber wenigstens
1865 961 3022 1037 gion, Sittlichkeit, Kunst, Patriotismus, Tapferkeit.
77 1006 1866 1070 Emmenbanges mit Gott, das seinem eigenen Wesen hat er die Wiedergeburt ge¬
1870 1021 3016 1070 Ehrbarkeit, Reinheit, das alles findest du hier und
83 1068 1753 1116 ch ist. Ueber alle Verfolgung sichert, vor dem Gießlöffel hat er sich bewahrt.
1875 1066 3018 1120 findest es so gehandhabt wie auf Erden, nämlich als
106 1114 725 1168 nMenschen duldet selbst die
1870 1115 3032 1182 Worte, die ich, wie jeder andere, umdrehen kann wie
833 1118 1873 1196 So ist das Leben Peer Gynts als Menschheits¬
1874 1172 3026 1230 einen Handschuh. Den Teufel findest du als geborenen
98 1166 1871 1243 er ist im Bewußisein eigener ##symbol gedacht. Aber als ein Symbol ganz anderer
95 1217 719 1269 ng von der Welt möglich, sie
1881 1213 3040 1275 Genileman. Dagegen fändest du im Himmel den.
721 1219 1865 1292 Art, als es die jüdischen Dramen aufzeigen. Von Wohl
91 1256 716 1325 tastbar. Umkehr nennt das
1883 1262 3018 1319 Ort, wo sich die Menschen langweilen. Er ist die
720 1276 1863 1338 und Wehe der Individualität, von Verdienst um an¬
107 1309 716 1370 Umkehr erzählt uns Veer¬
1878 1300 3021 1372 Heimat der großen Meister der Wirklichkeit, der
723 1321 1871 1386 dere und Sünde gegen andere ist nirgends die Rede,
1877 1357 3022 1409 Arbeit am Weltenwerk, der wahrhaft freien Geister,
91 1360 1867 1433 lt des Messiasgedankens, inf sondern nur von der Schuld gegen die überpersönliche
1874 1404 3026 1470 die alle Dinge in ihrer echten Bedeutung erfassen,
104 1409 1875 1476 elner zur höchsten Stufe sich schöpferisch Anlage, die im Lebenskampf unentfaltet
1884 1454 3024 1519 ist die Welt der Realität, nicht des Bühnenspiels, des
720 1460 1866 1530 blieb. Nur gegen die Anlage zur Steigerung der Welt
1882 1503 3031 1560 schaffenden Lebens nicht der dilettierenden Spiegel¬
95 1494 1879 1585 die Berücksichtigung moderner #in neuen geistigen Werken wurde gesündigt, nicht
1877 1546 2541 1610 fechterei des Alltagsmenschen.
84 1539 1874 1627 cht alle Richtungen dieser“ gegen Mann und Frau als Personen; denn nicht das
1999 1574 3032 1661 So redet Don Juan, der, wie er von sich gesteht,
88 1604 1873 1679 ohl einige besonders wesentr eigene Schicksal quält Peer Gynt, sondern sein vernach¬
1876 1633 3024 1704 schon auf der Erde immer nach dem tiefsten Erlebnis,
83 1639 1867 1733 shes Denken weitgehend auf¬ lässigtes Genie, und nicht in Leid verzehrt ist Solveig,
1879 1699 3036 1753 nämlich nach dem vollkommenen Liebeseinssein mit
94 1696 1864 1765 hir niemand vorwerfen wird sondern sie ist glücklich im ahnungsvollen Gefühl einer
95 1740 733 1799 atik unterschätzt habe. Das¬
1876 1743 3024 1794 der Frau gesucht hat, aber immer enttäuscht ward,
737 1757 1877 1812 herrlicheren Welt hinter dem Alltag, die ihr durch Gynt
90 1786 725 1852 Hinsicht auf die nun folgende
1884 1786 3040 1854 weil die Frauen gar nicht danach verlangten, sondern
734 1806 1867 1874 zugetragen ward. So ist es, als träten wir bei Ibsen
112 1837 728 1902 Dichter, die ich sogleich vor
1884 1837 3047 1907 nur nach der indipiduellen Eroberung. Sie sagten
721 1850 1878 1917 in eine ganz andere Sphäre des Erlebens ein, als die
92 1878 738 1950 loreingenommenheit schützen,
1886 1891 3040 1944 nicht: Ich bin glücklich, mein Liebesverlangen ist ge¬
724 1909 1868 1971 jüdische Dramatik behandelt, in einen wahrhaft über¬
141 1929 730 2000 ich bei den Germanen noch
1878 1933 3034 2006 stillt, sondern: Endlich, die Schranken sind gefallen!
721 1946 1878 1997 menschlichen, komischen Gedankenkreis, in ein Bewußt¬
1888 1988 3036 2040 Wann wirst du wiederkommen? Das trieb ihn zu
87 1977 1877 2034 der jüdischen Dichtung, aber sein diesseitiger Unsterblichkeit und Entfaltung, das
1884 2024 3044 2088 immer erneutem Suchen, aber jetzt, in der Hölle, die
96 2031 1880 2112 ube ich nicht ungerecht zufich höher stellen muß als alle persönliche Verankerung
1876 2086 3036 2142 nur Fortsetzung des bekannten Lebens ist, hat er es
89 2069 1867 2153 die jüdischen Woarte voll einet in Gott. Denn wir sind die Welt und in uns entfaltet
101 2125 745 2197 r den Fehlern der Germanen
1878 2136 3027 2200 gründlich satt und begibt sich in den Himmel um am
732 2139 1872 2202 sich die Welt, da gibt es keine Sonderbedeutung des
1880 2173 3037 2251 Weltwerden bewußt mitzuwirken. Der Teufel sieht
734 2186 1877 2246 einzelnen, die von der Welt ablöst. Der Weltgott
98 2192 725 2292 den wir als ersten germani¬
1886 2222 3033 2282 ihn ungern scheiden, weil er dadurch eine Attraktion
742 2236 1877 2301 lebt in uns, das Geheimnis der uralten arischen
1882 2280 3036 2341 perliert, dafür wird ihm aber Ersatz im Komtur, dem
92 2277 1869 2354 cht ziohen wollen. Ibsens] Mysterien, der fanstische Geist, und indem Peer Gynt
107 2309 735 2382 ich sofort aus voller Ueber¬
1881 2326 3029 2386 es im schaffenden Himmel zu langweilig ist, der nicht
737 2324 1875 2392 diesen zum Ausdruck bringt, hat man wohl das Recht,
178 2367 732 2442 sicht über dem jüdischen
1874 2371 3037 2436 die schwere Verantwortung des Produzierens tragen.
745 2382 1402 2461 ihn mit Faust zu vergleichen.
97 2406 725 2481 amen von „Nora“ an bis
1887 2421 3044 2483 sondern sich unterhalten will. Auf die Frage Donna
842 2427 1878 2519 Ganz Entsprechendes tritt uns bei dem irischen
102 2459 729 2528 achen“, hätten auch Juden
1888 2461 3031 2529 Annas, wie man in den Himmel kommen könne, sagt
732 2467 1875 2550 Dichter Bernard Shalv entgegen. Shaw hat als Ire
108 2508 733 2589 nach der Schnitzlerschen Art
1881 2517 3035 2579 der Teufel, der Abstand von Himmel und Hölle be¬
732 2540 1870 2619 keltischen Blut in sich, doch kann er uns ruhig als
98 2549 737 2618 Menisch zu Mensch, ethische,
1880 2560 3045 2629 stehe nur im Unterschied zwischen einem engelgleichen
283 2580 1880 2678 Themen, interessante Kronzeuge germanischen Wesens gelten, denn Ger¬
1870 2610 3043 2696 und einem echt teuslischen Temperament. Aber einen.
730 2643 1865 2710 manen und Kelten sind ja selbst gleichen Bintes, sind
103 2622 741 2716 Göische und altrniftische
1892 2669 3033 2726 schwerer überbrückbaren Abgrund als diese ange¬
105 2693 1870 2761 n die Persönlichkeit, wie uns Indogermanen, sind Zweige sogar eines jedenfalls
1884 2707 3038 2785 borene Empfindungsweise gebe es nicht. Der Abstand
736 2732 1871 2800 ursprünglich einheitlichen europäischen Stammes. Ich
97 2746 727 2817 a Schnitzlers begegnete. Ich
1880 2762 3037 2811 des Geschmacks sei unüberbrückbar und ewig; er¬
735 2786 1870 2849 wähle unter Shaws Dramen das bekannte „Mensch
93 2803 733 2860 e Abschätzung beider Dichter
1887 2800 3030 2872 zwingen lasse sich bier nichts, man müsse die Anlage
745 2835 1880 2897 und Uehermensch“ aus, das sich direkt in Parallele
95 2847 731 2899 gabung, das interessiert uns
1883 2851 3034 2933 dazu haben, Das Gexede von himmlischen Lohn und
747 2884 1871 2935 setzen läßt zu Wedekinds sogenannten Uebermenschen¬
109 2890 734 2962 suche nur den Charakter der
1882 2904 3028 2979 höllischen Strafen sei ein Unsinn, den nirgends lebe
743 2931 1876 2988 dramen, das vor allem auch das Verhälinis von Mann
107 2937 736 3013 seiner reisen Zeit war Ibsen
1887 2949 3033 3010 es sich herrlicher als in der Hölle, weil sie der echten
743 2976 1876 3044 und Frau behandelt. Aber wie ganz anders die grund¬
106 2986 727 3056 dichter. Dagegen war er es
1894 3006 3029 3062 Arheit aus dem Wege geht, dagegen nirgends be¬
732 3029 1878 3080 legenben Voraussetzungen des Stückes als bei Wede¬
92 3035 727 3112 ugendreit, vor allem aber in
1891 3050 3037 3132 schwerlicher als im Himmel, weil hler die Welt immer
738 3080 1879 3137 kind! Hier spielt die Frage nach Unterdrückung des
174 3084 732 3148 Dies direkt mit Goethes
1891 3101 2346 3167 neu geschaffen wird.
744 3125 1881 3193 Weibes durch den Mann gar keine Rolle. Hier sollen
98 3108 725 3205 ing zeigt uns Ibsen als einen
1990 3129 3044 3221 Hat schon je ein Dichter so gesprochen? Kann
744 3173 1876 3247 der Frau nicht neue Bahnen eröffnet werden, sondern
126 3175 710 3250 er sich später darstellt, als
1882 3195 3031 3274 ein jüdischer Dichter so reden? Es ist urarische
745 3212 1896 3293 sie tritt uns als das lebenschaffende Weltprinzip ent¬
122 3221 741 3297 uns Germanen innerlichst
1882 3240 3028 3315 Sprache, die von Gott und Teusel, Himmel und
739 3284 1877 3338 gegen, das unwiderstchlich über den Mann verfügt, den
1887 3299 3044 3362 Hölle ganz anders redet als das Judentum — und
742 3306 1894 3385 es braucht, um Kinder zu erzeugen. Die Frau ist die
100 3308 685 3398 er phantasievolle Sohn de
1883 3338 3031 3415 ich füge hinzu: auch als dos Christentum! — eine
747 3367 1877 3424 zeugende Natur, die rostlos neue, bessere Lehens¬
93 3378 731 3450 nAlltagsprahlemen aufgebt.
1886 3390 3040 3460 Sprache, die wir vollkommen verlernt haben, weil
732 3413 1875 3476 produkte auswirft, aber dazu bedarf sie des Mannes.
106 3409 742 3500 neine schönere unwirflich:
1885 3442 3036 3511 Christen= und Judentum ihre ethischen Vorstellungen
749 3466 1873 3522 des Geistes, des Intellekts, der dem Kinde im Be¬
120 3461 742 3549 igentlich wahrhaft lebt. Er
1886 3504 3029 3557 uns aufzwingen, die wir aber wieder erlernen
740 3513 1872 3570 fruchtungsakt die Form gibt. Das ist Shaws Grund¬
135 3522 736 3590 nicht heimisch, permag aber
1880 3534 3032 3607 müssen, um endlich echte Deutsche zu werden. Shat
735 3539 1886 3628 gedanke des Dramas. Er schildert seinen Helden John
161 3563 738 3638 Igene Kraft in die Heimat
1890 3581 3026 3659 redet diese Sprache in seinem bedeutendsten Werke,
748 3603 1878 3660 Tanner als Don Juan, der machtvoll auf die Frauen
93 3613 736 3688 icht Phantasie und Wirklich¬
1887 3627 3025 3697 noch ebenso rein redet sie auch Anzengrüber, unser
735 3654 1875 3719 wirkt, dabei aber doch nur Marionette der Frauen ist.
92 3666 737 3738 erschmelzen. Das Geschaute
1880 3683 3026 3749 einheimischer Dichter, in seinem bedeutendsten Werke,
735 3700 1879 3770 speziell der Ann Whitefield, die ihn unwiderstehlich in
140 3712 746 3778 ihn. Immer findet er sich
1881 3716 3036 3803 wenn auch den Verhäktnissen entsprechend modifiziert.
742 3747 1871 3801 ihren Bann zleht. Das Stück ist ein Ringen der Ge¬
86 3762 746 3828 Ant, durch die er nicht hindurch
1882 3775 2744 3858 Er redet so in den „Kreuzlschreibern“.
749 3795 1876 3868 schlechter miteinander, in dem die Frau siegt. Aber sie
121 3813 741 3869 kany er gehen, und das
2002 3821 3027 3903 Anzengruber hat, wie Shaw und Ibsen, eine
751 3850 1887 3906 siegt nicht als einzelne Frau über den einzelnen Mann,
92 3848 744 3916 aten, die ihn verhaßt machen:
1883 3879 3030 3944 Menge Werke geschrieben, die von echt deutscher Emp¬
748 3896 1874 3950 sondern in ihr siegt der Zeugungszweck des Lebens
93 3907 742 3964 arum möchte er wieder in die
1886 3914 3038 4004 findung nichts erkennen lassen. Dahin gehören sogar.
741 3946 1876 4005 über die nach geistiger Entfaltung ringende Eigenart
106 3952 736 4009 ls Kind noch einmal reiner
1887 3987 3033 4046 seine beliebtesten und bekanntesten Werke: „Der
741 3998 1881 4050 des Mannes, der sich die Frauen am liebsten vom
107 4003 742 4077 erk. für das er sich bestimmt
1883 4024 3033 4091 Pfarrer von Kirchfeld“ „G’wissenswurm“, „Der
746 4043 1884 4098 Leibe hielte, weil sie ihn im eigenen Schöpfungswerk
91 4040 742 4121 ren. Aber er gerät nur immer
1885 4068 3047 4147 Meineidbauer", „Das pierte Gebot“, die alle nur
734 4082 914 4166 stören.
103 4081 741 4162 des Lebens. Auch die Liebe
849 4111 3038 4193 Uebrigens sträubt sich Jon Tanner nur ethische Themen behandeln, das Verhältnis des katho¬
101 4145 737 4201 furfen, daß er seinem besseren
2927 4170 3024 4232 OL
