3392 4352
770 234 1280 344 box 37/6
126 221 733 352 2. Cuttings
2523 936 2875 1033 „ „ — "
473 972 833 1053 60—83. F##¬
1920 976 2409 1058 Akademische Zeitung
723 1021 1030 1116 ereen eren seegenehete
1940 1055 2140 1120 Mreen heehehesen
2358 1019 2774 1125 ensenseneneelte. renechlebesgehechesten
432 1106 3294 1196 Was aber ist der Sinn dieser letzten Tendenzen? Das! kommeneren Wesens befruchten sollen, aber wenigstens gion. Sittlichkeit. Kunst
428 1163 3290 1228 Bewußtsein inneren Zusammenhanges mit Gott, das seinem eigenen Wesen hat er die Wiedergeburt ge= Ehrbarkeit, Reinheit, des
430 1212 1598 1283 jedem Menschen zugänglich ist. Ueber alle Verfolgung
1587 1211 2632 1299 sichert, vor dem Gießlöffel hat er sich bewahrt.
2751 1215 3303 1288 findest es so gehandhabt
428 1257 1592 1320 trägt es hinaus, denn im Menschen duldet selbst die
2737 1259 3293 1334 Worte, die ich, wie jeder
1710 1274 2740 1358 So ist das Leben Peer Gynts als Menschheits¬
426 1304 1600 1362 Gottheit, der Goitheit aber ist im Bewußtsein eigener
2744 1308 3296 1385 einen Handschuh. Den ##
1599 1300 2742 1393 symbol gedacht. Aber als ein Symbok ganz anderer
425 1358 1603 1430 Größe immer die Ablösung von der Welt möglich, sie
2745 1370 3286 1435 Gentleman. Dagegen f#
1600 1380 2747 1444 Art, als es die jüdischen Dramen aufzeigen. Von Wohl
437 1408 1587 1466 daher im Grunde unantastbar. Umkehr nennt das
2742 1408 3290 1482 Ort, wo sich die Mensch
1603 1431 2742 1499 und Wehe der Individualität, von Verdienst um an¬
424 1453 1592 1523 jüdische Mystik und von Umkehr erzählt uns Beer¬
2737 1465 3293 1525 Heimat der graßen M
1594 1477 2737 1537 dere und Sünde gegen andere ist nirgends die Rede,
422 1505 1596 1569 Hofmann als dem Inhalt des Messiasgedankens, in
2741 1508 3290 1579 Arbeit am Weltenwerk.
1598 1521 2744 1578 sondern nur von der Schuld gegen die überpersönliche
2745 1552 3301 1623 die alle Dinge in ihrer
437 1551 2744 1634 dem der Mensch als einzelner zur höchsten Stufe sich schöpferisch Anlage, die im Lebenskampf uneptfaltet
418 1596 635 1679 erhebt.
2751 1609 3302 1673 ist die Welt der Realität#
1595 1617 2755 1678 blieb. Nur gegen die Anlage zur Steigerung der Welt
550 1654 2758 1733 Damit beschließe ich die Berücksichtigung mödernertin neuen geistigen Werken wurde gesündigt, nicht
2736 1655 3299 1708 schaffenden Lebens nicht
2746 1708 3299 1770 fechterei des Alltagsmenk
437 1676 2744 1787 jüdischer Dramatik. Nicht alle Richtungen dieser gegen Mann und Frau als Personen; denn nicht das
2861 1754 3294 1816 So redet Don Jua
434 1764 2741 1834 konnte ich streifen, aber wohl einige besonders wesentr1 eigene Schicksal quält Peer Gynt. sondern sein vernach¬
2741 1778 3294 1859 schon auf der Erde imme
438 1793 2753 1870 liche, die uns über jüdisches Denken weltgehend auf= lässigtes Genie, und nicht in Leid verzehrt ist Solpeig,
422 1841 1607 1897 klären. Ich denke, daß mir niemand vorwerfen wird.
2743 1851 3299 1919 närtlich nach dem vollk
1605 1860 2741 1925 sondern sie ist glücklich im ahnungsvollen Gefühl einer
436 1889 1597 1941 daß ich die jüdische Dramatik unterschätzt habe. Das
2792 1893 3287 1969 er Frau gesucht hat,
1602 1906 2745 1965 herrlicheren Welt hinter dem Alltag, die ihr durch Gunt
435 1936 1598 1998 betone ich besonders in Hinsicht auf die nun folgende
2738 1943 3276 2018 woil die Frauen gar nich
1596 1954 2756 2036 zugetragen ward. So ist es, als träten wir bei Ibsen
428 1979 1592 2053 Würdigung germanischer Dichter, die ich sogleich por
2748 1992 3293 2066 nur nach der indipidue
1600 2002 2753 2070 in eine ganz andere Sphäre des Erlebens ein, als die
427 2019 1598 2087 dem Vorwurf der Voreingenommenheit schützen,
1602 2046 3272 2109 jüdische Dramatik behandelt, in einen wahrhaft über= nicht: Ich bin glücklich,
440 2069 1604 2157 möchte. Allerdings finde ich bei den Germanen noch
1601 2094 3288 2159 menschlichen, komischen Gedankenkreis, in ein Bewußt=1 stillt, sondern: Endlich,
438 2123 1605 2198 höhere Momente als in der jüdischen Tichtung, aber!
1603 2135 3297 2213 sein diesseitiger Unsterblichkeit und Entfaltung, das Wann wirst du wiederk
434 2171 1595 2240 in dieser Bewertung glaube ich nicht ungerecht zu
2745 2185 3290 2243 immer erneutem Suchen
1596 2190 2764 2258 ich höher stellen muß als alle persönliche Verankerung
425 2224 1596 2280 sein, weil ich einerseits die jüdischen Werte voll ein¬
2743 2239 3288 2294 nur Fortsetzung des ber
1601 2229 2758 2300 in Gott. Denn wir sind die Welt und in uns entfaltet
427 2269 1598 2351 schätze, anderseits mich vor den Fehlern der Germanen
2743 2269 3292 2351 gründlich satt und begibi
1594 2290 2751 2343 sich die Welt, da gibt es keine Sonderbedeutung des
423 2318 845 2399 nicht verschließe.
1606 2325 3297 2392 einzelnen, die von der Welt ablöst. Der Weltgott] Weltwerden bewußt mic
554 2341 1605 2429 So gleich bei Ibsen, den wir als ersten germani¬
2741 2383 3303 2453 ihn ungern scheiden, wei
1597 2388 2754 2458 lebt in uns, das Geheimnis der uralten arischen
427 2412 1609 2478 schen Dichter in Betracht ziehen wollen. Ibsens
2731 2427 3290 2492 perliert, dafür wird ihm
1600 2433 2746 2509 Mysterien, der saustische Geist, und indem Peer Gynt
426 2467 1608 2541 Dramen stehen, das sage ich sofort aus voller Ueber¬
2742 2474 3294 2538 es im schaffenden Himme
1602 2477 2748 2545 diesen zum Ausdruck bringt, hat man wohl das Recht,
440 2510 1607 2580 zeugung, zumeist durchaus nicht über dem jüdischen
2745 2521 3301 2593 die schwere Verantwortur
1603 2526 2283 2607 ihn mit Faust zu vergleichen.
430 2559 1604 2634 Niveau. Alle seine Dramen von „Nora“ an bis
2745 2569 3290 2637 sondern sich unterhalten
1703 2585 2744 2659 Ganz Entsprechendes tritt uns bei dem irischen
435 2612 1599 2672 „Wenn wir Toten erwachen“, hätten auch Juden
2744 2626 3275 2676 Annas, wie man in den
1598 2626 2751 2705 Dichter Bernard Shal entgegen. Shaw hat als Ire
436 2647 1614 2704 schreiben können, sie sind nach der Schnitzlerschen Art
2741 2665 3304 2735 der Teufel, der Abstand
1598 2692 2745 2766 keltisches Blut in sich, doch kann er uns ruhig als
437 2703 1605 2767 behandeln Theinen von Mensch zu Mensch, ethische,
1604 2718 3289 2794 Kronzeuge germanischen Wesens gelten, denn Ger= stohe nur im Unterschlab
442 2750 1602 2825 soziale, biologische, ästhetische Themen, intereklante
3144 2764 3296 2846 ullische
2775 2775 3034 2844 und einen
1595 2787 2745 2851 manen und Relten sind ja selbst gleichen Bintes, find¬
436 2794 1600 2864 Gesellschaftspröbleme, egoistische und altruiftis#e
2749 2791 3291 2883 schwerer überbrückbaren
430 2850 2758 2911 Tendenzen, drehen sich um die Persönlichkeit, wie uns Indogermanen sind Zweige sogar eines jedenfalls
2746 2867 3277 2929 borene Empfindungswei
1596 2883 2746 2949 ursprünglich einheitlichen europäischen Stammes. Ich
443 2893 1610 2956 das eben bei Besprechung Schnitzlers begegnete. Ich
2744 2912 3300 2983 des Geschmacks sei unt
1606 2940 2749 2990 wähle unter Shaws Dramen das bekannte „Mensch
441 2938 1612 3013 vermeide dabei ganz eine Abschätzung beider Dichter
2754 2951 3264 3037 zwingen lasse sich bier
1604 2975 2754 3064 und Uebermensch“ aus, das sich direkt in Parallele
437 2995 1612 3057 nach dem Maße ihrer Begabung, das interessiert uns
2749 3007 3174 3073 bazu haben. Das
1609 3032 2745 3097 setzen läßt zu Wedekinds sogenannten Uebermenschen¬
440 3041 1611 3105 hier gar nicht, sondern suche nur den Charakter der
2745 3057 3146 3131 höllischen Strafen
1592 3074 2745 3147 dramen, das vor allem auch das Verhältnis von Mann
439 3083 1610 3154 Werke zu erfassen. In seiner reifen Zeit war Ibsen.
2748 3099 3308 3173 es sich herrlicher als in
1606 3127 2742 3187 und Frau behandelt. Aber wie ganz anders die grund¬
437 3132 1565 3188 kein echt germanischer Dichter. Dagegen war er#e
2744 3160 3158 3227 Arheit aus dem #
1608 3181 2747 3233 legenben Voraussetzungen des Stückes als bei Wede¬
433 3176 1600 3251 um sy mehr in seiner Jugendreit, vor allem aber in
2740 3207 3304 3280 schwerlicher als im Himm
1607 3226 2743 3285 kind! Hier spielt die Frage nach Unterdrückung des
438 3227 1594 3297 dem Drama „Peer Gynt“. Dies direkt mit Goethes
2740 3252 3211 3326 neu geschaffen wird.
1608 3272 2754 3340 Weibes durch den Mann gar keine Rolle. Hier sollen
435 3278 1606 3335 „Faust“ verglichene Drama zeigt uns Ibsen als einen
2860 3289 3292 3380 Hat schon je ein
1604 3316 2754 3387 der Frau nicht neue Bahnen gröffnet werden, sondern
439 3327 1603 3391 ganz anderen Dichter, als er sich später darstellt, als
2743 3338 3281 3427 ein jüdischer Dichter
1599 3364 2759 3435 sie tritt uns als das lebenschaffende Weltprinzip ent¬
436 3371 1610 3459 den Vorkämpfer für das uns Germanen innerlichst
2755 3401 3301 3481 Sprache, die von Gott
1603 3421 2757 3485 gegen, das unwiderstchlich über den Mann verfügt, den
429 3427 882 3507 eigene Empfinden.
1610 3451 3308 3523 es braucht, um Kinder zu erzeugen. Die Frau ist die Hölle ganz anders redet
561 3463 1594 3552 Peer Gynt ist der phantasievolke Sohn des
1603 3504 3315 3579 zeugende Natur, die rosilos neue, bessere Lebens=) ich füge hinzu: auch als
445 3513 1602 3585 Nordens, der nicht in den Alltagsprebleinen aufgebi.
2742 3552 3302 3617 Sprache, die wir vollke
1597 3555 2747 3631 produkte auswirft, aber dazu bedorf sie des Mannes,
428 3555 1606 3647 sondern sich hinter diesen eine schonere unwirklich.
2744 3606 3303 3676 Christen= und Judentum
1598 3614 2744 3676 des Geistes, des Intellekts, der dem Kinde im Be¬
445 3611 1612 3682 Welt erbaut, in der er eigentlich wahrhaft lebt. Er
2747 3647 3263 3723 uns aufzwingen, die
1602 3659 2748 3719 fruchtungsakt die Form gibt. Das ist Shaws Grund¬
439 3669 1603 3725 ist in der irdischen Heimat nicht heimisch, ##r#nag aber
2754 3683 3313 3765 müssen, um endlich echten
1600 3687 2754 3768 gedanke des Dramas. Er schildert seinen Helden John
428 3714 1600 3782 auch nicht das Neue durch eigene Kraft in Heimat
2747 3742 3288 3820 redet diese Sprache in
1600 3761 2747 3820 Tanner als Don Juan, der machtvoll auf die Frauen
440 3762 1611 3832 hineinzutragen, vermag nicht Phantasie und Wirklich¬
2748 3796 3282 3850 noch ebenso rein rebet
1609 3809 2745 3863 wirkt, dabei aber doch nur Marionette der Frauen ist.
436 3815 1600 3879 keit nach Heldenart zu verschmelzen. Das Geschaute
2741 3832 3204 3906 einheimischer Dichter,
1608 3843 2751 3917 speziell der Ann Whitefield, die ihn unwiderstehlich in
441 3853 1605 3925 wird nicht lebendig durch ihn. Immer findet er sich
2742 3862 3302 3955 wenn auch den Verhältn
1606 3887 2752 3968 ihren Bann zleht. Das Stück ist ein Ringen der Ge¬
445 3909 1599 3966 in Widerstände eingebannt, durch die er nicht hindurch
2745 3932 3301 3998 Er redet so in den „Krei
1610 3949 2753 4024 schlechter miteinander, in dem die Frau siegt. Aber sie
436 3958 1600 4012 kann; nur drum herum kann er gehen, und das
2858 3990 3290 4062 Anzengruber hat,
1608 3998 2744 4055 siegt nicht als einzelne Frau über den einzelnen Mann,
444 3997 1611 4048 äußert sich in sinnlosen Taten, die ihn verhaßt machen:!
1606 4042 2748 4103 sondern in ihr siegt der Zeugungszweck des Lebens
2753 4020 3313 4101 Menge Werke geschrieben
449 4051 1599 4103 überall ist er allein und darum möchte er wieder in die
2743 4085 3293 4155 findung nichts erkennen
1600 4083 2754 4158 über die nach geistiger Entfaltung ringende Eigenart
440 4099 1608 4156 Taufschale zuruck, um als Kind noch einmal reiner
1592 4131 3283 4192 des Mannes, der sich die Frauen am liebsten vom seine beliebtesten und
441 4133 1612 4189 und stärker das große Werk für das er sich bestimmt
