3392 4352
152 243 1312 337 2. Cuttings box 37/6
327 1006 1043 1075 #pischen Meerbusen sudlich von umen de
1574 1032 1805 1111 — llliet. —
327 1058 1572 1130 sers „Dorita“ ist gestern in Saßnitz eingetroffen. Der Steuermann
1566 1082 2791 1171 tasse statt nach der Kopfzahl nach der finanziuen # Age¬
2786 1093 3012 1165 der vern
326 1109 1563 1162 und der erste Maschinist berichten, daß in der genannten Nacht 2 Uhr
1572 1136 2600 1195 fähigkeit des einzelnen Bundesstaates zu bemessen.
2794 1149 3011 1213 Heranzie
337 1155 1568 1202 vormittags bei Akag Udde in zirka zwei bis drei Seemeilen Entfernung
2794 1195 3017 1264 lich in de
320 1183 1577 1245 vom Lande ein U=Boot in etwa zwei Seemeilen Abstand achteraus in
1610 1219 2792 1285 Die bayerische Kammer der Abgeordneten beschloß einem
326 1234 1573 1282 Sicht kam und ohne Warnung Feuer auf den Dampfer
2796 1239 3010 1292 alledem
1570 1275 2788 1326 Privattelegramm aus München zufolge in ihrer Vollsitzung, dem
322 1277 1563 1326 eröffnete. Der an Deck kommende Kapitän ließ stoppen, worauf
2790 1270 3021 1336 keit;de
1569 1318 2797 1369 Beschluß der Kammer der Reichsräte beizutreten, wonach der Steuer¬
330 1319 1564 1384 das U=Boot näher kam und durch Winke zu verstehen gab, daß die
2800 1316 3007 1389 notwend
1550 1367 1633 1440 625
2826 1370 3003 1452 W
1507 1381 1576 1454 2
1568 1426 2806 1501 drucks, den der Burgfrieden gebietet, ist ihre Tendenz nur allzu offen¬
406 1446 1492 1542 Die deutsche Bühne und des fusland.
1565 1483 2796 1540 sichtlich. Gegenwärtig wo sie sich angesichts des verhaßten England,
610 1504 1569 1576 Zu der Frage „Förderung deutscher
1561 1532 2808 1587 ohne den Vorwurf der Lächerlichkeit nicht mehr auf das alleinselig¬
540 1548 1564 1613 Theaterkultur“ meldet sich auch ein dramatischer
1559 1570 2813 1625 machende Prinzip der Stammes= und Rassengemeinschaft zu berufen
549 1596 1039 1659 Schriftsteller zum Wort.
1114 1596 1534 1660 Die Redaktion.
1567 1617 2811 1664 vermögen, unterscheiden sie nur noch zwischen Deutschen und „Ur¬
368 1638 1563 1700 Nach lang vorbereitendem Trommelfeuer hat ein Sturmlauf gegen
1557 1659 2808 1715 deutschen". Volksvergiftend, und was weiß ich, ist ihnen jeder Dra¬
327 1675 1564 1741 die deutsche Bühne begonnen. Auf den Kampfruf des „Verbandes
1558 1682 2809 1761 matiker, dessen Genealogie ihnen nicht paßt, auch wenn seine Kunst
321 1731 1558 1791 zur Förderung deutscher Theaterkultur“ hat Fritz Engel an dieser
1566 1741 2807 1788 der Nation gab, was zum Besten ihrer zeitgenössischen Literatur ge¬
332 1766 1566 1825 Stelle so ruhig und leidenschaftslos erwidert wie es nötig ist, um
1568 1778 2802 1840 hört. Ich nenne nur Arthur Schnitzler, der in gewissen Einaktern und
329 1815 1567 1871 die Erörterung einer an sich gewiß zeitgemäßen Frage zu einer
1560 1826 2801 1882 Novellen kleine Meisterwerke schus. Es wäre traurig, wenn sich das
319 1847 1570 1910 ersprießlichen zu machen. Nun mag es sich zeigen, wem es um die
1567 1858 2811 1930 Deutschtum etwa dadurch legitimieren dürfte, daß irgendein „Dich r
323 1899 1564 1958 Sache zu tun ist und wem um den Radau. Die Auseinandersetzung
1563 1918 2807 1972 ein schlechtes Stück unter dem Titel „Das Eiferne Kreuz“ erscheieng
318 1929 1562 2001 nehme ihren Fortgang in jener urbanen Form und mit der Sach¬
1572 1959 1833 2022 läßt
328 1979 1572 2055 lichkeit, die einzig und allein das Recht haben, widerlegt zu werden.
1615 2014 2806 2069 Vor mir liegt eine zuverlässige Statistik, die für die Zeit vom
378 2029 1569 2085 Vor einigen Monaten erging eine Rundfrage an uns dramatische
1569 2039 2817 2124 1. September 1911 bis zum 31. August 1912 den Anteil franzö¬
320 2072 1577 2115 Autoren: „Wie denken Sie über die Ausländerei auf der deutschen
2223 2092 2274 2125 ##
1572 2092 2813 2146 sischer Werke am Repertoire der deutschen Bühnen zeigt. Danach fan¬
324 2097 1575 2170 Bühne?“ Es wurde da viel Törichtes erwidert. Die einzige Antwort
1572 2129 2813 2198 den in der genannten Periode auf deutschen und österreichischen
323 2160 1564 2212 wäre gewesen: „Dem Auslande der gebührende Platz. der Ausländerei
1569 2177 2813 2233 Theatern insgesamt 45 408 Vorstellungen statt, von denen 4483, also
328 2193 1569 2250 ein Percat!“ Jeder wie immer geartete Chauvinismus ist vom Uebel
1548 2212 2808 2274 Liast genau zehn Prozent auf Stücke französischer Autoren entfallen,
313 2244 1564 2293 trotz dem Weltkuige n l uen
1562 2247 2827 2328 Wir wissen Rolle gerade das Theater im
319 2293 1564 2335 aufführen, vorausgesetzt, daß ihre Werke besser sind oder doch mindestens
1558 2289 2845 2368 modernen Geistesleben Frankreichs spiell, wir
316 2316 1564 2385 ebenso gut wie die deutschen. Freilich, daß so viele Ausländer bei uns
1565 2347 2800 2407 Schablone seiner heutigen Schwänke und Lustspiele, die mit verschwin¬
314 2355 1565 2418 zu Worte kommen, deren Leistungen schlechter sind als im Durch¬
1564 2382 2809 2456 dend geringen Ausnahmen wahrlich nicht geeignet sein sollten, ehr¬
320 2405 1558 2463 schnitt die heimischen, ist wirklich ein schlimmes Zeichen. Es erklärt
1562 2441 2682 2496 lichere Bestrebungen heimischer Produzenten zurückzudrängen.
317 2449 1565 2513 sich aus dem immer noch vorhandenen Mangel eines national ge¬
1615 2466 2807 2549 Ueber den Prozentsatz des übrigen Auslandes in der Aufführungs¬
320 2479 1571 2555 prägten Geschmackes, der sich ja auch auf manchem anderen Gebiete
1564 2509 2802 2593 ziffer der deutschen Bühnen habe ich keine Aufstellung zur Hand. Ich
317 2532 1565 2594 zeigt. Das made in Germany ist vielen Snobs so verpönt,
2827 2520 2995 2607 Liter
1565 2568 2789 2628 glaube aber, annehmen zu dürfen, daß mindestens ein weiteres
2791 2561 3003 2627 Wönlerst.
316 2578 1560 2635 daß sie ge####e Inlandserzeugnisse erst kaufen, wenn sie mit fremd¬
2822 2611 2995 2665 Nr. 3 heu
1561 2608 2795 2671 Zehntel auf Werke skandinavischen, englischen, amerikanischen,
611 2610 1554 2673 # versehen sind. Als die Dichter Arno Holz und
317 2621 630 2682 ländischem ###
2800 2634 2991 2694 Schlecht#
1566 2638 2787 2708 russischen Ursprungs kommt. Somit wird also der fünfte Teil sämt¬
314 2661 1565 2716 Johannes Schlu m Anfang ihrer schriftstellerischen Laufbahn ihr
2797 2669 3000 2728 die sic
1565 2686 2786 2752 licher Theatervorstellungen in Deutschland und Oesterreich von Werken
2795 2709 2989 2775 zum, 20.
322 2707 1563 2762 Buch „Papa Hami##“ berausbrachten, wußten sie ihm keine bessere
1559 2734 2793 2786 bestritten, die aufzuführen nur dann ein Bedürfnis vorläge, wenn sie
320 2753 1564 2804 Empfehlung auf den ##itzugeben als die eines skandinavischen
1574 2782 2792 2851 menschlich und künstlerisch eine besondere Aufmerksamkeit rechtfertigen.
2833 2769 2989 2850 Auf“
320 2789 1565 2848 Decknamens. Beim Varic## und beim Kino floriert nach einigen
2791 2815 2985 2872 schachtt
1607 2830 2789 2889 Wir bewundern Shakespeare, wir schätzen Ibsen, Björnson und
327 2828 1571 2894 Stockungen wieder die fremde Nomenklatur, unter der mit Spree¬
2792 2857 2980 2909 Korrespes
1568 2866 2796 2938 Strindberg und wollen gern neben diesen großen Toten auch kleineren
315 2875 1563 2934 oder Pankewasser getaufte Müller und Schulze die klanglose Nüchtern¬
2798 2889 2989 2938 Gründ 1
1566 2920 2780 2970 Lebenden Gastrecht gewähren, von wo immer sie kommen mögen. Es
317 2922 1558 2975 heit ihres Deutschtums verbergen. Die Darstellung ausländischer
2791 2930 2968 2983 immer 1
2785 2956 2956 3006 haben (1
317 2965 1565 3017 Werke von Wert und von allgemein europäischem Interesse sollte nie
1558 2961 2786 3017 gibt aber ein Maß in den Dingen. Die deutsche Bühne sei nicht
2779 2987 2976 3038 darzuleit.
1560 3002 2791 3065 länger mehr — wie keine andere der Welt — ein Panoptikum für
321 3007 1562 3059 Tadel erregen. Nimmt jedoch das Ausland auf dem Theater,
2795 3013 2963 3068 wendun
317 3038 1565 3106 der populärsten Stätte des Kunstgenusses, einen im Peehaltnis zur
1559 3049 2787 3105 Schaustücke aller Art! Und die Kritik gewöhne sich endlich an die
2781 3050 2960 3107 öffentlic
2780 3085 2965 3134 die klei¬
323 3090 1561 3156 Güte der nationalen Leistungen ungebührlichen Raum ein, so
1565 3088 2790 3151 Unhöflichkeit, die Fremden ebenso zu verreißen wie uns selbst, wenn
2779 3121 2957 3167 Ihrem (
1566 3138 1891 3197 sie es verdienen.
320 3137 1003 3191 muß man auf Abwehr bedacht sein.
2327 3132 2745 3207 Lothar Schmidt.
2788 3156 2960 3199 Schreibe
373 3162 1574 3228 Mit solcher wohlbegründeten Abwehr hat aber nichts zu schaffen
2778 3192 2965 3274 Seker iet
315 3204 1566 3271 eine in sogenannten völkischen Vereinen jetzt viel heitiger als jemals
1601 3194 2786 3260 Wissenschaftliche Nachrichten. Der Großherzog von
2782 3246 2967 3297 in Wie¬
1555 3252 2779 3311 Baden bestätigte die Wahl des Geheimen Hofrats Professor
316 3254 1567 3313 propagierte Stimmung. Diese Herren möchten als Nationale nur
2795 3276 2974 3347 Esperri
1557 3300 2791 3356 Dr. Rickert an der Universität Heidelberg zum ordentlichen
321 3295 1555 3357 Dramatiker gelten lassen, die ihre Ahnenreihe glaubhaft auf Hermann
2781 3307 2966 3370 wesen. 33
313 3331 2972 3414 den Cherusker zurückführen können. Trotz des vorsichtigen Aus= Mitglied der Heidelberger Akademie der Wissenschaften. 1. Trs ##
561 3395 1257 3615 GAC
