3392 4352
119 235 745 332 2. guttings
951 3103 1029 3184 1
813 230 1254 318 box 37/6
1418 3163 1720 3265 10. M06. 1978
1253 3232 1678 3340 Dis Zeit, Wier
1056 3369 1878 3480 Die Jagd nach Büchern.
1060 3470 1949 3544 Der Buchhandel durchlebt gegenwärtig
993 3521 1952 3613 Zeiten der besten Konjunktur und befindet sich
983 3568 1952 3628 In einer Krise. Das klingt im ersten Moment
984 3612 1953 3681 wohl etwas paradox. Und doch gilt die Behaup¬
985 3652 1952 3733 ntung in beiden Teilen. Denn nie war die Jagd
1005 3695 1958 3779 nach Büchern so lebhaft, nie die Kauflust des
1005 3739 1952 3825 Publikums für Bücher so stark wie jetzt, und
1002 3786 1954 3857 nie waren die Buchhändler weniger in der
1001 3831 1945 3913 Lage, die Wünsche des Bücher kaufenden Publi¬
1009 3876 1951 3938 kums zu befriedigen, als im gegenwärtigen
1004 3930 1240 4012 Augeblick.
1087 3957 1952 4023 Seit es die neuen Millionäre gibt, die
993 4000 1971 4071 Wisten und Bildung mit Eßlöffeln zu sicht
994 4049 1981 4124 ehmen wollen und daher, wie im Gasthaus,
989 4091 1970 4162 Kauc im Bücherladen „große Portionen“ be¬
1336 4133 1965 4185 euer, ziemlich weiter Kreis von
1902 413 2862 481 ledereinbandes ermessen. Ehemalige Papier¬
1915 462 2860 504 händler, die viel Geld an den im Preis er¬
1913 487 2878 554 höhten Papiersorten verdient haben, werden
1916 553 2870 595 wohl auch fachmännische Beurteiler der Papier¬
1915 585 2871 639 qualität sein können. Darüber hinausgehende
1916 633 2871 676 Urteile abzugeben, werden diese Käufer kaum
1921 677 2869 726 imstande sein. So machen denn die Zwischen¬
1919 715 2583 782 buchhändler die besten Geschäfte.
2003 761 2876 808 Die Lager der Buchhandlungen aber ver¬
1918 799 2876 853 mindern sich. So sind beispielsweise die großen
1926 834 2878 896 Klassikerausgaben nicht mehr er¬
1911 889 2864 940 hältlich, und sie können auch nicht nach¬
1919 924 2869 991 geliefert werden, da die Verleger das für die
1916 971 2873 1029 Herstellung notwendige Papier nicht haben. Die
1923 1013 2878 1070 schönen Ausgaben des Insel=Verlages sind nicht
1916 1066 2879 1121 mehr vorrätig, und die Tempel=Ausgabe von
1913 1095 2880 1165 Goethes Werken ist gleichfalls vom Markt ver¬
1925 1142 2877 1200 schwunden. Shakespeares Werke, die sehr gesucht
1921 1199 2885 1244 sind, kann man in den Buchhandlungen nicht
1918 1231 2874 1282 mehr erhalten — im Schleichweg wird man zu
1928 1279 2874 1329 „Mehlpreisen“ Shakespeare wohl noch erwerben
1926 1315 2876 1374 können — und viele Luxusausgaben erst¬
1929 1361 2876 1424 klassiger Verlagsanstalten sind verschwunden.
2009 1392 2892 1461 Die vom Publikum in den Buchhandlungen
1926 1444 2891 1502 gegenwärtig verlangten Bücher sind verschie¬
1940 1489 2876 1548 dener Art, was ihren Stoff betrifft. Man merkt,
1928 1535 2889 1589 daß Leute Bildung suchen, die aber nicht orien¬
1938 1569 2881 1639 tiert darüber sind, welche Bücher man wohl
1929 1616 2879 1697 zuerst gelesen haben muß, um als gebildet zu
1944 1663 2895 1726 gelten. Sie schämen sich, zu fragen und sich
1936 1707 2892 1767 Ratschläge erteilen zu lassen. Sie verlangen,
1935 1768 2884 1812 wohl nach Informationen aus Zeitungen und
1945 1788 2893 1855 Zeitschriften, wissenschaftliche Bücher, wie etwa
1935 1839 2883 1902 Bölsches „Liebesleben in der Natur" oder Freuds
1929 1887 2886 1937 verschiedene Werke über Psychoanalyse u. dgl.
1943 1927 2891 1987 Sehr bemerkenswert ist die Tatsache, daß viel
1947 1968 2891 2028 Memoirenliteratur gekauft wird, so sind zum
1944 2005 2898 2077 Beispiel Tolstois Tagebücher sehr begehrt.
1948 2047 2892 2118 Bücher, die vom Krieg handeln, werden sehr
1939 2095 2896 2161 wenig gekauft. Nur Stegemanns „Geschichte
1943 2140 2892 2208 des Weltkrieges“, die bisher in drei Bänden
1943 2200 2895 2257 erschienen ist, fand viele Käufer. Politische
1939 2238 2599 2308 Bücher wurden wenig erworben.
2025 2274 2894 2328 Die Kundschaft der verschiedenen Buch¬
1941 2323 2895 2384 handlungen ist natürlich auch eine verschieden¬
1956 2364 2900 2430 artige. In den vornehmen Geschäften der
1946 2406 2895 2468 Innern Stadt werden die großen Buchaus¬
1957 2446 2901 2511 gaben und die wissenschaftlichen Werke ver¬
1959 2492 2905 2553 langt und gekauft, die Kunden der Passage¬
1955 2535 2894 2604 buchhandlungen dagegen wollen meist Belle¬
1963 2594 2892 2641 tristik. Ein paar große Namen, die sie kennen,
1954 2633 2895 2685 scheinen ihren Wünschen führend zu sein. Sie
1950 2671 2895 2730 verlangen Schnitzler, Hofmannsthal, Bahr usw.
1954 2707 2904 2779 Besonders Schnitzler ist gegenwärtig ein derart
1955 2765 2907 2821 gesuchter Ause Werke fast verariffen
1955 2798 2901 2863 sind. Nur wenige Exemplare einzelner Werke
1958 2845 2895 2903 sind noch vorhanden, die Gesamtausgabe fehlt
1953 2895 2196 2957 fast überall.
2038 2917 2897 2989 Die Buchhändler hätten in dieser Zeit eine
1953 2973 2897 3026 schöne Aufgabe zu erfüllen: das kaufende,
1959 3026 2903 3082 Bücher verlangende, das auf dem Büchermarkt
1957 3064 2909 3123 in der Literatur völlig uneingeweihte Publikum
1949 3111 2895 3179 zu exziehen, ihm die guten Bücher in die Hand
1954 3157 2908 3210 zu geben, es zu beraten. Aber leider fehlt es
1957 3206 2906 3254 gegenwärtig an dem geschulten Personal, das
1970 3235 2910 3293 diese Pflicht erfüllen könnte. Mädchen helfen
1963 3268 2915 3349 im Bücherladen aus, die selbst nicht am besten
1987 3323 2909 3393 nientiert sind, und der Buchhändler selbst muß
1968 3362 2917 3429 sein Geschäft oft tagelang nur dem Personal
1967 3421 2913 3476 überlassen, weil er auswärts sein muß, um neue
1972 3453 2907 3532 Büchersendungen durchzusetzen, bei Behörden
1965 3506 2437 3562 und Verlagsvertretern.
2048 3530 2919 3609 Bücher werden viel gekauft. Der Umsatz
1974 3581 2920 3650 ist bedeutend. Aber quantitativ ist der Bücher¬
1978 3637 2912 3697 markt doch schwächer als früher — es sei nur
1974 3669 2917 3748 an die fehlende ausländische Literatur erinnert
2040 3717 2918 3775 und qualitativ ist er infolge des Fehlens
1975 3771 2919 3831 der großen, guten Bücher auch nicht hervor¬
1969 3808 2941 3878 ragend beschickt. Es ist Hochkonjunktur und
1970 3830 2917 3912 Krise im Buchhandel, ein ungesunder Zustand“
1977 3895 2946 3962 der wohl erst mit dem Kriea sein Ende fipsen.
1975 3954 2101 4032 w#rd.
2520 4126 2690 4181 Wra
2074 4119 2283 4183 Kreg
