3344 4352
115 263 695 371 2. guttings
807 272 984 340 box
1019 258 1247 351 37/6
1561 566 1785 659 Tienstag
962 601 1155 667 Seile 6
1012 643 1267 707 —.—
1007 690 1977 745 Reizend ist das nalürlich sehr beabsichtigte Mise
927 741 1978 787 verständnis, das da elwa Herr Huge Wiltmann in der
926 774 1978 836 „Neuen Freien Prosse“ mimt, wenn ##r in seinen
924 835 1978 885 Sonntagsfeuilletons klagt, daß ein Byratheater, das
926 859 1984 917 dem „christlich=germanischen Schönheiteidenl“ dienen
920 917 1989 963 will weder Moliere, noch Tolstvi. weder Calberen und
937 947 1950 1016 vielleicht nicht einmel Faust 2 aufführen könnie...
1023 1003 1981 1056 Herr Hugo Wiltmann weiß nun natürlich so ge¬
930 1029 1991 1105 nau wie wir wie der „christlich=germanische“ Begriff
928 1087 1982 1139 gemeint ist. Er braucht ja nur Chamberlains „Grund¬
932 1116 1991 1183 lagen des 19. Jahrhunderts“ aufschlagen und wird
939 1170 1985 1222 dort etwa im jechsten Kapitel alles Nähere nachlesen
928 1207 1997 1261 längen: der Begriff „Germane“ umtaßt nach unserer
940 1249 1988 1320 heutigen Lehre sowohl die Keiten im Westen wie die
935 1298 1984 1359 echten Slaven im Osten. Chamberlain (dem hier
940 1350 1990 1390 Millenkovich zweifellos folgt, zumal beide aus dem
936 1393 1995 1443 Kreise der Wagnerschen Ideen herkommen) findet auch
940 1422 1981 1483 in der bretonischen Volkspoesie, im serbischen Helden¬
930 1446 2017 1536 r#os von Kraljewilich Marlo, in der ukrainischen
942 1519 1989 1574 Naturlyrik, in Calberons Verherrlichung der Treue,
945 1553 2006 1613 selbeverständlin erst recht in Dantes Gottlicher Nomodie
942 1590 2005 1660 die ausgeprägien Kennzeichen germanischen Mesens.
956 1637 2006 1697 Und das „chripliche“ Momant bedentei nur noch eine
955 1693 1998 1746 Unterstreichung dieses umfaisenden germanischen
955 1741 1994 1795 Inrals. Der Spielplan des Burgtheaters braucht daher
944 1773 1998 1839 leineswegs zu verarmen, selhst wenn der neue Direktor
949 1811 2001 1869 nicht schon von vornherein heabsichtint hatte, neben
948 1863 1998 1932 den richtungweisenden Hauptwerken auch charakteristi¬
951 1907 1991 1965 # trembartige Bühnenstucke fallweise zu
943 1941 1997 2000 wringen. Nur werden diese nicht beyerrschend und ton¬
940 1984 1997 2057 angebend im Spielplan erscheinen Fürsen; dies ist der
961 2026 1942 2095 #ien de: umstrittenen Monte des neuen Direktors.
1040 2079 2002 2132 Was nun der Feuilletonist der „Neuen Freien
949 2133 2011 2184 Prusse“ im Geheimwintel seines Herzens beklagt, ist
959 2157 2003 2225 aber gar nicht die Gefahr einer Verarmung des Spiel¬
963 2207 2005 2257 stanes als vielmehr das Gegenteil: er befürchtet näm¬
967 2251 2006 2307 sich, daß der neue mutige Mann des Burgtheaters es
961 2294 2005 2365 wagen könnte, den bisher auf dem Burgtheater wie
965 2331 2006 2388 # allen Wiener Bühnen lassenden Bann zu brechen,
962 2377 2006 2448 ssich nicht mehr dem Diktat der gewissen Wiener
972 2421 2014 2488 Journalisteneliqne zu beugen und das Burgtheater
972 2466 2010 2527 non der Vorherrschaft der Herren Hugo Mittmann und
969 2514 2007 2569 Felix Sallen, des Herrn Artur Schnitzler und Raaul
973 2548 2010 2610 Livernheimer, des Herrn Haus Müller und ihrer
965 2593 1876 2663 Freunde und Gesinnungsgenassen zu befreien!
1059 2629 2022 2706 Der Kritiker der „Nenen Freien Presse“ mimt
970 2674 2026 2736 Sorge um Franzosen. Spanier, Italiener und Russen
1026 2723 2026 2791 und meint doch ganz . .. andere, wenn er es auch
958 2777 2017 2828 nicht magt, diese ... anderen mit einem Sammel¬
963 2812 2016 2872 namen zu bezeichnen! Natürlich wird Hofrat von
962 2853 2019 2925 Millenkovich Könner wie Artur Schnißter nicht aus¬
1409 2903 2004 2964 wird aber vieneicn Kur den
965 2910 1398 2968 schließen whollen, e#
972 2934 2001 3007 „Jungen Medardus“ und den „Grünen natadn“ an¬
971 2984 2015 3055 nehmen und ein Ehebruchsstück wie „Das Wente Land“
969 3036 2019 3086 dessen Hauptfiguren ausnahmslos aus der Gegend des
964 3069 1831 3135 Franz Josefs=Kais stammen, nicht einlassen.
1070 3109 2013 3173 Wir haben daher vollen Anlaß, den neuen Burg¬
978 3164 2017 3215 #eaterdirektor mit Frenden willkommen zu
987 3209 2019 3275 heißen und ihm reiche Erfolge zu wünschen.
1081 3236 2017 3313 In diesem Sinne dürfen,wir in der Berusung des
969 3281 2006 3344 Hoftates v. Millenkonich an die Spitze des allehrwür¬
964 3339 2022 3397 digen und immer noch wunderbaren Burgtheaters auch
966 3365 2023 3425 ein Zeichen des neuen Kurses erblicken, die Verheczung
978 3436 2025 3486 einer Erneuerung unseres geistigen Lebens, ein. [Tat,
979 3452 2038 3520 die alten Schutt beseitigt und Raum für neue Kläfte,
993 3519 1162 3584 schafft.
1062 3543 2029 3625 Burgtheater. Der Zuschauerraum des Bürgthen¬
995 3616 2030 3676 ### bot Sonnnsend ein ungewohntes Bild. Wo sonst
977 3655 2022 3719 die Stützen und Spitzen der Gesellschaft zu finden wa¬
995 3693 2028 3759 #en und sich die Kriegsgewinner von Tag zu Tag
990 3749 2036 3796 rößiger breit machten, sah man Jugend beiderlei Ge¬
988 3781 2023 3848 schlechtes. Jugend, nichte als Jugend, mit großen, er
976 3818 2040 3882 wartungsvollen Augen des künstlerischen Erlebnisse¬
978 3875 2027 3925 barrend, das ihr geboten werden sollte. Der Kaiser
984 3919 2024 3977 hatte die Wiener Hoch= und Mittelschüler zu Gast ge¬
980 3963 2017 4023 laben uud um dem hochherzinen Geschent jeglichen Bei¬
982 3995 2027 4063 geschmak einen liebles gewährten Almosene zu beneh¬
977 4033 2031 4097 men, war die Freivorstellung nicht etwa en
976 4068 2032 4148 Enem Sonntagnachmittag angesent, sondern em Abend
973 4140 2031 4183 d## besten Thentertages in der Woche. Nuch den Bestim¬
1604 4168 2007 4217 in das Unterrichts
1390 4176 1580 4231 B
2396 4143 2448 4210 —
2712 4150 3128 4208 e
