3344 4352
1301 117 2184 200 des Piu Des gens eimetihes par leur Pauren
2183 137 3063 217 parmi les plus Connus: J. Wasermann, Mme
1301 185 2188 246 Les Tisserands sont son chef-d’ouvre. Le per¬
2183 186 3069 277 Ricarda Hisch, H. Hesse, F. Huch, Johannd¬
1313 227 2187 301 sonnage principal n’est plus une individualiß6,
2178 258 2363 318 Schlaf.
804 255 1269 352 box 37/6
1307 275 2194 342 mais la foule. La theorie naturaliste a cru
2227 263 3093 363 9 Pour compléter l’apergu du romon i ne
118 254 769 369 2. Cuttings
1304 307 2187 398 pouvoir se passer du béros. En depit de tou¬
2182 328 3076 398 faut pas cublier les #omnclern qui, encore
1312 354 2192 427 tes ses beautés voilà un point faible de la
2189 365 3059 436 virants, out jadis exprüt#é ##se mastrise le#
1315 417 1462 482 iech.
2192 413 3078 482 semtiments ### les idees l’und époque pan## en
1339 431 2189 512 „ Cest Michdel Kramer que je preière de
2188 471 3091 531 qui, niagant pas évolué, n’ont cependant pas
1335 485 2185 560 utes les cuvres de Hauptmänh de la seconde
2195 508 3072 567 compromis leur gloire. Paul Heyse, le ro¬
1302 535 2192 599 gériode, ou, avec sa technique naturaliste, i1
2182 541 3072 625 mancier et poète de la bourgeoisie entre 1850
1302 583 2186 647 approche la poesie héroique. Gest la chanson
2182 583 3076 666 et 1875; Wilhem Raabe, qui a érit le roman
1296 628 2183 688 élégiaque mais sincère d’une résignation pro¬
2193 638 3070 699 comique de la médiommsté de la mème époque;
1295 672 2182 730 fondément vécue, le drame émouvant de l’im¬
2184 679 3071 751 Marie von Ehner-Eschenbach, la grande ro¬
1294 715 2185 778 puissance d’un artiste. Mais on se ressent
2200 733 2672 806 mancière autrichienne.
1304 755 2201 838 aussi d’une certaine impuissance dans l’exé¬
2230 748 3086 827 n Al’écart de la grande nctoriété vivent les
1303 804 2193 877 cution de cette cutre purement, noblement
2190 810 3080 874 quelques poètes lyriques distingués dont FAl¬
1295 855 2198 912 coneue, et je me u mande si l’impuissance
2186 859 3007 933 lemagne cependant pourrait étre fière.
1308 892 2201 951 dont Hauptmann se confesse invariablement
2220 893 3080 962 n Detlev von Lilieneron, puissant, d’une fan¬
1302 943 2192 1012 dans ses différents drames et l’impussance de
2195 934 3078 1010 taisie exubérante, plein d’humour et de verve,
1294 987 2191 1046 la formule naturaliste ne sont pas identiques?
2197 989 3077 1058 ale mérite d’avoir dégagé la poésie lyrique de
1347 1029 2191 1104 „ En résumant l’ouvre de Hauptmann, il ne
2190 1035 3086 1096 la zentimentalité un peu fade et du style fac.
1307 1072 2187 1131 faut pas oublier ses deux excellentes comédies,
2196 1084 3076 1147 tice des Geibel, Scheffel, Hamerling, eux-mé¬
2189 1120 3079 1184 mes épigones de nos grands poètes, Heine,
1312 1121 2186 1187 Der Biderpelz (la Peau du castor) et le Col¬
2188 1171 3078 1232 Eichendorff, Lenau, Laliencron a écrit un
1307 1174 1661 1239 lege Crampton.
2201 1212 3071 1279 grand poème épique, Poggfred, fantaisiste,
1349 1191 2196 1278 n Hugo von Hofmannsthal, Autrichien, est
1312 1255 2202 1313 le plus remarquable dramaturge du mouvement
2193 1258 3083 1318 humoristique, des ballades, des chants, des
2193 1298 3073 1377 paysages, vraiment vus et vécus et rendgs avec
1311 1300 2191 1362 idéaliste. Hérolque et subtil, nerveux et raffi¬
2197 1357 2762 1418 um réalisme fort et original.
1310 1343 2194 1420 né, il fait les plus beaux vers dramatiques,
2219 1395 3085 1448 Le grand poème épäque de Richard Dehmel,
1308 1397 2204 1448 sinon les plus beaux drames. Passionné pour
2195 1449 3085 1501 Deur Hommes, est plus travaillé, psychologi¬
1323 1449 2200 1505 la beauté de la passion, il en rend mienx le
2193 1474 3097 1549 quement plus profond, les émotions sont plus
1318 1477 2196 1545 geste que la flamme. Profondément esthête,
2196 1521 3082 1596 nerveuses, plus raffinées, il est plus moderne,
1313 1528 2203 1583 il fait de la poésie plutôt un refuge qu'un
2191 1571 3080 1637 püus troublant, mais sans la spontanéité créa¬
1317 1569 2201 1629 miroir de la vie. Son cuvre est comme une
2203 1613 3089 1670 trice de Lilieneron: il est moins sür dans ##n
1321 1605 2204 1683 collectiom d’actes, d’états d’äme, de paroles
2198 1658 3078 1715 style, on s’aperçoit de l’effort. Dans ses pos¬
1310 1662 2204 1725 rares et précieuses. Un de ses amis a formulé
2196 1708 3083 1758 mes, Dehmel est tumultueux, spéculatif, sen¬
1328 1703 2205 1775 cette esthétique: c Aimant plus un specta¬
2199 1741 3089 1796 suel, quoique souvent, par la volonté plutôt
1308 1744 2195 1815 n cle qu'une destinée.n Il fait renaitre l’anti¬
2202 1784 3082 1859 que par tempérament, il est typique pour po¬
1312 1786 2209 1867 quité, le dix-huitième sièrte, il emprunte son
2196 1839 2755 1901 tre époque en parturition.
1322 1839 2212 1906 sujet à la fantaisie orientale. Ses chefs-d’ou¬
2234 1853 3087 1949 Stephan George, héroique, à la recherche
1324 1877 2204 1956 vre sont.la Mort du Titien, Electra, (Edipe.
2201 1921 3081 1990 du sublime, littéraire, sür de son style, me¬
1316 1926 2206 2008 O’est comme s’il devait pour vivre, tärer le
2203 1954 3089 2037 surant l'amplitude de ses sujets, mal##isant
1315 1965 2208 2051 sang aux anciennes ceuvres et légendes. II en
1187 1963 1272 2050 44#
577 1851 1186 2075 i uorer,
2208 2019 3084 2070 toujours la forme, est son grand antagoniste.
1325 2010 2215 2083 absorbe la force et da naiveté et les recrée plus
394 1891 564 2126 *
822 2055 952 2122 SuR
2211 2047 3091 2122 II a éorit des vers admirables d’euphonie et#
1317 2059 2210 2137 homogenes, mais moins sauvages. II exprime
2202 2114 3082 2175 de style. Lui, presque lui seul en Allemagne,
1321 2100 2215 2170 par elles ses idées modernes, il les pare de ses
2211 2131 3104 2216 possede cette mesure et harmonie dans la for¬
456 2082 1297 2226 LA LITTERATURE EUROPEENNE
1317 2158 2201 2236 images, les fait plus riches, mais plus päles.
2214 2191 3097 2256 me que nous envions aux peuples romains; Ste¬
1355 2196 2202 2259 Hofmannsthal est arrivé tres jeune à la
2197 2222 3097 2314 phan George est l’artiste le plus pur de l’Alle-
474 2227 1328 2299 Le SStecle, auquel nous avons emprunté
1319 2241 2209 2314 gloire, il n’a que trente-deux ans à présent,
2198 2277 3102 2360 wagne actuelle. Ai-je besoin de dire qu’il n’ar
1325 2283 2209 2356 mais, des lors, il e le mérite d’avoir reconquis
427 2289 1314 2352 T’autre jour le remarquable article sur Cé¬
2194 2304 3097 2398 autour de lui qu'un cercie restreint d’amis
1319 2333 2166 2405 la poésie à la beauté et à la forme élevée.
442 2331 1319 2392 sarr Lombroso que connaissent nos lec¬
2199 2373 2584 2450 et d’admirateurs?
1352 2356 2208 2438 Son compatriote Arthur Schnitzler est moins
438 2381 1329 2437 teurs, publie une intéressante enquête sur
2223 2388 3096 2485 II publie peu; il n’est pas sans interét
1323 2417 2213 2490 compliqus, man  a. debuts
441 2431 1331 2484 la litterature européenne. Nous en déta¬
2209 2451 3109 2522 pour le public français de savoir qu’il u fort
1322 2462 2209 2534 avec une pièce Liebelei (l’Amourette, ou, avec
429 2464 1323 2549 chons ce chapitre, qui traite spécialement
2199 2497 3092 2564 bien traduit les Fleurs du Ial, de Baudelaire)
1312 2508 2213 2601 un charme particulier à luj seul, avec une lé¬
438 2528 1062 2583 de la littérature allemande:
2208 2533 3098 2619 des poèmes de Mallarmé et des symbolistes
1325 2555 2197 2628 gereté de main viennoise, il e mis en action
473 2573 1330 2649 Le courant des traductions (romans de thé.
2198 2593 3088 2649 français. II relève en quelques points du mou¬
1335 2609 2206 2667 le roman sentimental d’une petite femme
446 2622 1333 2688 ätre) nous donne une idée assez ineracte de la
2214 2636 3094 2702 vement symboliste français, II est peu popu¬
1329 2648 2199 2716 amoureuse et délaissée. Les pièces qui qui¬
430 2677 1319 2751 littérature allemande. On ne nous traduit pas
2200 2677 3097 2748 laire, mais il conquiert une grande importance
1322 2695 2205 2765 vent sont une série de problèmes érotiques de
442 2721 1322 2795 le plus généralement ce qui est d’essence et
2209 2722 3103 2792 historique — le génie de l’époque ne lui est
1331 2734 2203 2810 plus en plus subtils. Ayant été d’abord méde¬
444 2770 1323 2824 d’esprit allemand, main au contmaire ce qui en
2197 2771 3107 2841 pas favorable — en tout cas, il en aura été
1323 2776 2203 2861 ein, il explore, après le corps, l'äme humaine,
442 2810 1329 2870 Allemaggne est dawantage influencé de l’es¬
2207 2835 3024 2897 Je plus noble élèment de fermentation.
1362 2823 2208 2896 Schnitzler est un révolutionnaire secret
439 2853 1330 2918 prit framçais. Exception faite pour Haupt¬
2239 2836 3089 2929 „ Le lyrisme allemand, plus en contact avec
1329 2881 2206 2937 en esthétique, un destructeur de préjugés mo¬
434 2897 1331 2968 mann que les apports de 1 Guvre et ceux
2199 2907 3102 2974 les lettrés qu'avec le peuple, a produit encore
1321 2908 2205 2981 raux et intellectuels; il prévoit de nouvelles
441 2942 1331 3000 d’ Amntoime ont implants chez nous à la suite
2209 2958 2727 3031 des talents remarquables.
1332 2959 2202 3026 formes de la vie et de l’art, un innovateur, le
433 2983 1330 3049 du mouvement ibscnien, nous connaissons 4#
2243 2977 3113 3067 Parmi les plus personnels: R.-M. Rilke,
1323 3007 2217 3069 saint Jean-Baptiste de la dramaturgie future.
438 3039 1322 3093 peine le nom des éerivains préférés de l’élite
2201 3039 3098 3113 subtil et mystique; G. Falke, grocieux et ai¬
1324 3049 2204 3110 Rappelons-nous une de ses dernières pièces,
446 3074 1330 3143 allemande, ou d’ailleur on ne nous rend pas
2200 3067 3103 3145 mable; Max Dauthendey, le naif et délicatt
1323 3090 2200 3156 Der Ruf des Lebens (Le Cri de la Vie), ou, se
432 3122 1335 3191 la réciproque et ou les belles cuvres françaises,
2211 3110 3111 3203 chanteur de P’amour ;A. Mombert, exprimant#
1337 3140 2208 3202 moquant de la vieille appréciation du héros
443 3171 1323 3221 méme celles qui passent ici pour réservées a
2210 3179 3104 3252 des sentiments cosmiques; Hofmannsthal, déja
1323 3180 2203 3261 qui devait saorifier sa vie pour étre digne de
448 3208 1335 3276 un public de delicats, sont appréciées et sou¬
2199 3230 2844 3308 mommé parmi les dramaturges.
1329 3222 2205 3295 ce nom, il évoque une nouvelle forme d’hé¬
435 3254 1328 3318 vent taduites. Nous avons demandé à un jeu.
2631 3254 3063 3350 „ ALsnar Duaxrus.
1333 3259 2220 3344 roisme, qui fait tous ses efforts pour sauvegar¬
438 3297 1328 3366 me poète allemand, M. Albert Dreyrus, que ses
1320 3329 1994 3392 der sa vie par amour pour elle.
2223 3322 3103 3393 Sons doute, cette dlaire vue d’ensemble né¬
444 3352 1328 3410 études eritiques ont fait connaitre déjà à Pa.
1360 3339 2221 3419 n Dans la série de scènes Der Reigen (La
435 3385 1332 3453 ris, aussi bien que des traductions de ses poe¬
2204 3377 3118 3465 glige quelques brillantes individualités com¬
1328 3407 2205 3472 Ronde), qui fut longtemps interdite par la
447 3422 1324 3492 mes, une note sur Feint actuel de la littéra¬
2213 3440 2625 3503 me 0.J. Bierbaum.
1325 3448 2206 3515 censure, Schnitzler traite avec ironie la pré¬
438 3469 1332 3538 ture allemande. 11 nous l’a donnée pleinement
2237 3454 3120 3536 Un point saillant, c’est que, comme d’augl
1334 3490 2211 3568 somption et la sournoiserie de notre société. 11
2217 3502 3134 3587 tres réponses qui nous viennent de pays diffé-sc
441 3531 773 3595 circonstanciée:
1336 3541 2203 3604 montre comme l’amour lie ume classe à l’autre
487 3543 1328 3619 „ En Allemagne, la situation économique est
2214 3547 3137 3630 rents, elle conclut à une sorte de renouveaus
1326 3591 2209 3648 —la ronde de l’amour, qui, il est vrai, met en
450 3603 1336 3670 tres favorable, mais l'art, spécialement la lit##
2209 3620 3102 3676 du roman Fégionaliste et corrobore l’opinion.
1336 3624 2213 3689 colère l’autorité publique, mais qui charme
436 3648 1333 3711 térature, ne sont nullement en état florissant.
2196 3640 3110 3728 de Georges Brandès sur le mouvement scandi¬
1330 3676 2097 3743 le poète et fait réfléchir le philosophe.
446 3699 998 3760 D’ou vient ce contauste?
2202 3701 3105 3772 nave en l’élargissant à la plus importante pro¬
1359 3715 2209 3778 Je ne saurais classer Frank Wedekind.
478 3724 1328 3800 „ Les victoires do 1870 ont donné à l'Alle¬
2216 3737 3103 3809 vince de la littérature allemande, à celle ou
1333 3768 2206 3825 Est-il naturaliste, idéaliste? C’est une persom¬
458 3792 1337 3844 magne une unité militaire et politique, mais
2208 3788 3101 3848 fréquente le plus grand nombre de lecteurs,
1326 3809 2203 3864 nalité à part, la plus curieuse et problémati¬
439 3828 1332 3887 intellectuellement superficielle, elles eurent
2209 3831 3109 3899 au roman. Mème au théätre, Hauptmann sent
1330 3847 2214 3913 que parmi les écrivains allemands (car il n’est
455 3872 1340 3937 commne conséquence une Augmentation progres¬
2211 3895 2808 3961 ce particularisme intellectuel.
1328 3898 2215 3973 pas seulement damaturge). Si j’svoque le
457 3919 1327 3981 sive des richesses particulières et, plus lea¬
2247 3902 3150 3992 II se dégage de la lettre de M. Albert Drey-
1341 3941 2217 4002 nom de E. T. A. Hoffmann, l’auteur des Con¬
443 3957 1330 4018 teinent, des richesses publiques, mais non pas
2207 3961 3150 4039 fus et d’une vision totale de l'Allemagne in¬“
1336 3989 2207 4049 tes fantastiques, je donnerai une certaine idée
447 3999 1343 4069 une condensation des forces civilisatrices. La
2210 4013 3134 4086 tellectuelle, une vision de force. Mieux in¬
1342 4041 2212 4098 de Wedekind. II peuple ses pieces, ses ro¬
453 4046 1342 4110 grande vigueur de l'Allemand n’existe qu'en
434 4107 3122 4157 ##erence st ohrsiquement, mais daus toutes I mans#se ballades irriques d’êtres imaginaires, struits, nous mettrions tres haut cet ensembl
3036 4137 3130 4198 4
