3248 4352
282 164 1446 261 19. Der Ruf des Lebens
408 1612 1420 1819 sschnitt aushengr Neuenl.
581 1684 778 1758 T 9.
410 1747 493 1797 n:
841 1717 1103 1820 Mühchen
525 1877 1285 1981 Theater= und Kunstnachrichten
825 1942 1346 2017 Bünchen, 6. September
531 1985 1381 2068 In den Kammersielen fand heute abend die
1008 2016 1390 2093 glers vor etlichen
464 2050 964 2114 erste Aufführung von Sch#
463 2060 1301 2151 Jahren erschienenem Schausple Ruft
467 2093 1398 2177 [Lebens“ statt. Die drei Akte weisen zwar
456 2144 1391 2228 piele Vorzüge der Schnitzlerschen Diktion auf, doch
470 2178 1396 2263 geben wirksame Theatralik und erfühlte Nachdenk¬
464 2227 1397 2296 lichkeiten diesmal keine völlig bezwingende Lösung.
508 2242 1423 2347 er anwesende Dichter konnte sich nach dem letz¬
446 2366 1418 2483 #ten Akt wiederholt für den starken Beifall be¬
453 2459 662 2526 danken—
1607 148 2057 239 box 24/4
1759 1372 2177 1459 Ausschmlee aus:
2095 1384 2701 1503 umsche Zeitung, Berlin
1757 1499 1925 1546 vom:
1669 1567 2871 1650 07, Der Ruf des Lebens.“ Aus München berichtet unser
1664 1645 2883 1700 Mitarbeiter in Ergänzung seines Telegramms: Der Ruf des
1661 1658 2885 1747 [Lebens“, das 1905 entstandene Schauspiel Arthur Schnitzlers,
1675 1699 2898 1786 geriet nach dem Berliner Mißerfolg in Vergesseuhe##ch
1684 1731 2889 1829 Ziegel, der neue Leiter der Kammerspiele, kam mit Bewußtsein
1678 1782 2886 1865 auf das Drama zurück, mit dem er die neue Saison der Münchener
1685 1816 2890 1905 Kammerspiele einleitete. Jedenfalls ging er von der richtigen
1695 1852 2887 1932 Veraussetzung aus, daß in einem als verfehlt angesehenen Werk
1695 1889 2894 1969 Schnitzlers der künstlerischen Reize immer noch mehr verborgen
1684 1961 2887 2016 sind als in vielen Theaterschlagern. Der Erfolg hat Ziegel recht
1694 1979 2898 2051 gegeben. Das Publikum zeigte sich nicht sehr erwärmt, aber es
1688 2027 2486 2099 folgte den Vorgängen mit starkem Interesse.
1726 2046 2895 2130 Das Drama hat einen Bruch. Er liegt ungefähr in der Mitte
1741 2110 2893 2170 dort, wo die Teilnahme von der Heldin abgelenkt wird auf Ge¬
1697 2141 2892 2218 stalten, die in der ursprünglichen Konzeption des Werkes nur
1694 2177 2894 2249 episodisch erschaut waren. Schnitzler verliert den Hauptfaden, läßt
1699 2220 2903 2292 sich durch den Reichtum seiner Gedanken zum Thema „Der Ruf des
1704 2261 2900 2338 Lebens“ zu Entgleisungen so verleiten, daß er der Lösung des
1753 2288 2897 2372 auptkonflikts nicht zustenert, sondern immer wieder neue Motive ein¬
1782 2343 2903 2410 bt. Und doch gibt es gerade in Szenen, die viel Retardierung
1778 2373 2907 2457 irsachen, Dialoge, die eigenste Schnitzlersche Melancholie von
1775 2408 2904 2486 tem Dufte ausströmen. Die so drohend auseinanderfallenden
1746 2454 2916 2533 eile des Ganzen sind im letzten Akte allein gebunden durch die
1700 2510 2919 2568 Devise, die dem Schauspiel den Titel gab. Dieser letzte Akt litt.
1709 2514 2927 2609 nebenbei durch die Vertreterin der schwindsüchtigen Katharina, die der)
1711 2567 2920 2645 schwierigen Rolle nicht gewachsen war. Im übrigen erkannte map'
1705 2609 2883 2700 im neuen Personal mehrere vielversprechende Talente. A. M. #
1744 2650 2921 2740 Intendant Felix Holländer kam, so schreibt man uns aus
1723 2708 2905 2784 Erankfurt a. M., dem Publikum am Sonnabend französisch. Es
