3484 4320
303 285 2079 379 19. Der Ruf des Lebens box 24/3
415 1331 3385 1455 Warum müssen die blauen Kürassiere denn alle wenigen aphoristisch zusammengefaßten Worten mit der ! Feuchtersleben, an alle guten alten Österreicher.
379 1356 3393 1518 sterben?. Alle? Vom Obersten abwärts, Offiziere, Reiterpistole kurzer Hand aus dem Stück und aus demdoch: Puppenspiel — Bänkelgesang — Mänh
381 1419 3391 1567 wie Mannschaften?: Weil seit dreißig Jahren eine! Leben hinausknallt. Wer hier das Puppenspiel nicht Volkslied — Novelle — im Taschenbuchforme
2472 1472 3386 1557 „Aglaja“ oder der „Iris“ — das ergibt kein
382 1506 2488 1623 schwere Schmach auf dem Regimente liegt. Das Odiumspürt, hat gewiß noch keins gesehen, weder eines vom
2476 1511 3181 1605 kann sich nicht organisch verbinden.
1441 1542 2489 1630 Grafen Pocci, noch ein solches von Artur Schnitzler.
2506 1551 3393 1652 Die Darstellung des Deutschen Volkstheaters,
379 1581 1445 1671 der Fahnenflucht, der Ruf der Feigheit. Weil sie ein¬
1429 1581 2500 1685 Marie stürzt aus ihrem Liebeshinterhalt hervor und
2486 1618 3394 1705 Hauptsachen beinahe vollendet, ließ kaum ei
383 1629 1445 1712 mal gelaufen sind, wo sie wie festgewurzelt hätten
375 1639 2492 1764 stehen müssen, dem Feinde Stand halten und wehr= eilt mit ihrem Max über Leiche Nummer zwei hinweg
2495 1663 3401 1748 wünschen übrig. Frl. Hannemann mach
386 1691 2490 1826 haften Trotz bieten. „Wir sind gelaufen und sie sind ins Liebesnestchen, wohin der Ruf des Lebens die
2485 1709 3410 1799 Marie fast zu einem glaubwürdigen Lebewesen
1434 1738 2489 1844 unaufhaltsame junge Dame lockt. Der letzte Akt bringt
2485 1766 3394 1852 das war keine kleine Kunst. Ihr Gefühlston
389 1781 1441 1878 gelaufen — gelaufen einzeln und in Haufen“, wie's in
1453 1798 2489 1894 die feinsinnigsten Gespräche die geistreichsten Ausein¬
2484 1816 3394 1906 innig und echt, wie ihr Verstummen in Liebes
390 1833 1445 1920 der wunderschönen Ballade von Theodor Fontane heißt.
1450 1848 2486 1937 andersetzungen, die subtilsten Raisonnements. Der treff¬
2491 1872 3399 1963 Gewissenspein. Ihr stehen die beredtesten Wortlo
384 1883 1447 1967 Jener ans Leben sich krampfhaft festkrallende Greis,
1440 1896 2491 1990 liche Arzt hat von der eigentlichen, ihn bekannten
2493 1922 3391 2004 zu Gebote, in vielfältigster Abstufung. Frl.
392 1911 1455 2017 Mariens Vater, ist der Mann, dessen Herz zuerst ins
1444 1950 2497 2031 Todesursache des alten Herrn keine Anzeige erstattet,
2491 1955 3401 2055 Müller gab der Katharina zuerst die neckist
388 1972 1451 2077 Schwanken geriet, der auf und davonritt, und dem
1442 2002 2501 2089 wie es seine Pflicht gewesen wäre, und die Marie dem
2490 2033 3392 2110 mut eines libenswürdigen Leichtsinns, dar
385 2032 1455 2111 die anderen nachfolgten, wie dem Hammei die Herde.
1446 2043 2494 2133 Richterspruche ihres gequälten Gewissens überlassen.
2498 2071 3395 2152 rührendsten Ophelia=Töne. Frl. Marberg
385 2090 1455 2166 Niemand weiß mehr darum als er selbst, und seinet¬
1447 2101 2495 2193 Katharina wankt wahnsinnig ins Mutterhaus zurück,
2488 2109 3402 2193 Oberstin, war augenscheinlich durch Indisposit
392 2141 1450 2233 wegen müssen nun alle die frischen, blutjungen, blitzblauen
1459 2148 2495 2239 um zu sterben. Sie hat ein sehr trauriges lustiges
2494 2168 3403 2246 der Entfaltung ihrer tragischen Kraft gehemmt
403 2188 1450 2270 Kürassiere sterben, auch der Marie und der Katherina
1458 2194 2502 2296 Leben geführt. Die schmucken, blauen Kürassiere sind
2496 2218 3413 2315 sah so schön aus, wie von Winterhalter gema
389 2239 1452 2329 ihrer. Sie haben es selbst so verlangt und sich zuge¬
1455 2248 2505 2333 alle prompt gestorben. Einer, der zufällig übrig ver¬
2490 2268 3400 2345 Homma bot, obschon der feige Alte ihm garn
404 2304 638 2387 schworen.
1462 2299 2498 2389 blieben, den der Tod vergessen hatte, schoß sich nach¬
2507 2321 3402 2412 ganz Respektables. Dieser Künstler ist nur für
446 2315 1456 2416 Nur eine einzige Nacht gehört noch ihnen und die
1461 2367 1927 2447 träglich noch selbst ab.
2505 2370 3407 2449 aus; komplizierte und brüchige Naturen muß
398 2380 1457 2479 Marie will zu ihrem Liebsten in die Kaserne. Weil
1494 2376 2504 2501 Schnitzler mußte seine ganze ansehnliche Dichterkunst
2507 2425 3383 2505 immer erst abringen. Sehr zeitechte, stilreine
407 2435 1472 2523 der Vater die Tür versperrt und den Schlüssel in
1470 2448 2520 2539 aufwenden, um der vielen Lächerlichkeiten, die in
2510 2471 3401 2555 schufen Herr Kutschera, Arzt, und Frau
402 2480 1465 2574 der Hand hat, bringt sie ihn ganz einfach um. Sie
1457 2499 2511 2593 seinem Stoffe lagen, Herr zu werden. Sein Feinstes
400 2529 1463 2630 gießt ihm so viel Morphium, oder was es sonst Gutes
1456 2516 3407 2658 und Tiesstes mußte er aufbieten, um scheinbar und sler, Tante Toni. Direktor Weisse gab dem
399 2577 1477 2668 sein mag, in das verlangte Erfrischungstränklein, daß
1461 2570 3400 2682 wenigstens für ein paar Sekunden lang Recht zu be¬ die gemessene Würde des gehörnten Philosoph
2517 2625 3405 2714 festgeschlossene Einfachheit der sichersten Umriß
403 2638 1473 2709 er nimmer davon aufwacht; und wie die greise Puppe
1466 2654 2513 2744 halten gegen den „Satz in einem alten Buche“, der
2519 2667 3417 2761 gar nicht genug zu rühmen. Nennt man
407 2687 1474 2791 steif daliegt, muß sie den Schlüssel hergeben und Marie
1464 2710 2524 2792 doch ewig bestehen wird, so lange Menschen auf dieser
2514 2717 3405 2817 Herren Kramer, Edthofer und Fürt
406 2738 1476 2825 kann in ihre Kaserne. Aber diesmal fällt Rosenmontag
1476 2754 2516 2841 Erde wohnen: „Ehre Vater und Mutter, auf daß
2523 2765 3410 2858 alle Mitspieler und Teilhaber erwähnt. Das
414 2787 1476 2873 auf Allerseelen. Weil sie sich ihrem jungen Offizier zur
1466 2809 2517 2890 du lange lebest auf Erden.“ Dagegen kommt keine noch
2517 2810 3407 2902 des Premièren=Avends bereitete dem Stück ein
408 2839 1471 2929 gehörigen Zeit verweigert und entzogen hatte, knüpfte
1466 2864 2525 2943 so spitzfindige moderne Psychologie auf, nicht einmal
2520 2875 3400 2969 liche Aufnahme, die aber doch mehr dem Dic
423 2887 1467 2969 dieser mit der schönen jungen Frau seines alten
1472 2920 2314 2998 die allerneueste Psychopathia sexualis.
2520 2948 2923 3025 der Dichtung galt.
413 2932 1475 3030 Obersten ein sträfliches Liebesverhältnis an. Marie,
1511 2935 2535 3030 Einen ganz allerliebst altmodischen Ton schlägt der
3014 2949 3408 3064 Armin Friedm
417 2985 1494 3074 die im Zimmer ihres Max hinter dem Vorhang lauscht
1483 2989 2542 3092 Dichter an in mancher gefühlsamen, betrachtenden
420 3036 1479 3129 und lauert, hört, wie das buhlerische Weib den edelsten
1486 3057 2541 3142 Szene. Es ist eine köstlich kultivierte Diktion. Man
422 3092 1488 3161 Jüngling bestürmt, hört auch, wie der Herr Oberst
420 3083 2584 3257 zum Fenster hereinsteigt und die Frau Gemahlin nach denkt manchmal an Adalbert Stifter, an Ernst von
