3436 4384
286 304 1325 420 19. Der Ruf des Lebn
1289 328 1466 426 ens
1614 319 2069 422 box 24/2
2168 503 3003 601 Dinge ihn ihrem wahren Licht und
2172 589 3059 646 ihrer abstoßenden Häßlichkeit, trotz aller falsche
2168 608 3064 697 Gefühle und Reflexionen, die der Dichter ihnen
2163 648 3067 738 angeschminkt hatte. Man fühlte, daß es gar nicht
2177 730 3071 793 eines so umständlichen und trotz aller Weitschweifigkeit
2168 769 3070 835 doch höchst lückenhaften Apparats bedurft hötte,
2175 823 3073 884 um zu beweisen, was Arthur Schnitzler sagen
2182 878 3080 951 wollte: daß es angenehmer sei, zu leben, als tot
2184 920 3077 981 zu sein, da mit dem Tod für uns doch elles zu
2174 965 3067 1029 Ende sei; und daß man sich daher auch über die
2170 1023 3068 1091 schlimmsten Dinge nicht allzusehr aufregen dürfe,
2168 1057 3068 1121 solange man noch hübsch am Leben sei. Außerdem
2160 1114 3072 1176 empfand man, wie technisch unbeholfen und zum
2155 1163 3071 1227 Teil ganz skizzenhaft der Dichter diesmal seine
2162 1208 3058 1282 Handlung gestaltet hatte. So hat denn auch nur
2162 1242 3082 1330 der erste Akt einen wirklichen Erfolg. Schon
2162 1293 3085 1376 nach dem zweiten regte sich, trotz des
2167 1340 3087 1425 geräuschvollen Beifalls, starker Widerspruch
2168 1389 3075 1476 und zum Schluß ließ man das Stück
2163 1439 3076 1531 ganz und gar fallen. Einem Dichter wie
2158 1492 3069 1569 Arthur Schnitzler konnte das nur geschehen, weit
2140 1538 3064 1611 per einmal mit den Furben anderer malen wollte,
1552 1485 1930 1661 Theater,
2157 1594 3066 1662 die so viel kleiner sind als er. Schöpft er erst wieder
2164 1631 3053 1718 nur aus seinen eigenen, reichen Mitteln, kann ihm
2167 1690 3065 1772 das käum ein zweites Mal passieren. Die Dar¬
1326 1535 2137 1778 Künst und Literatur.
2152 1743 3059 1813 stellung war sehr ungleich.. Ireae Triesch
1453 1753 2001 1834 „Der Ruf des Lebens.“
2166 1794 3081 1846 war als Marie von aufwühlender, fiebernder!
1273 1789 2149 1892 (Erste Aufführung im Lessing=Theater.)
2163 1836 3088 1915 Leidenschaftlichkeit und Albert Bassermann
1330 1871 2159 1921 Man hat Arthur Schnitler bei seinen
2168 1897 3098 1967 als Oherst prachtvoll in der kalten, über=
1268 1908 2161 1984 letzten Dramen vielsach den Vitsdürf gemacht¬
2166 1930 3058 2015 legenen Ironie seines Wesens. Hans
1274 1950 2163 2028 daß er dem Leben, dessen tiefe Rätsel er so sinn¬
2166 1984 3062 2042 Marx als sterbender Alter aber wollte gari
1287 2010 2157 2078 voll zu deuten weiß, nicht immer die klaren und
2171 2036 3065 2096 zu viel geben und Rudolf Rittner hehandelte
1285 2060 2155 2129 krästigen Töne abzugewinnen vermag, die die Bühne
2160 2087 3049 2151 den Forstadjunkten mit einer absichtlichen Lässigkeit,
1283 2112 2163 2176 verlangt. Bei seinem neuen dreiaktigen Schau¬
2163 2133 3058 2192 die selbst diese farblose Rolle nicht verdient hätte.
1292 2160 3052 2247 spiel. „Der Ruf des Lebens“, das am Ganz vorzüglich in seiner kraftvollch, jugendfrischen
1270 2223 3064 2292 Sonnabend im Lessing=Theater zum ersten Mal Männlichkeit war Karl Stieler als Leutnont
1270 2255 3042 2344 gespielt wurde, hat man nun das Gefühl, daß er Max, während Alwir Nerß und E¬ e
1272 2305 3077 2396 über die zarten, verschwimmenden Linien hinaus,[Schiff bewiesen, wie weit man es selbst im
1276 2352 3056 2442 die ihm sonst eigen sind, einmal beweisen wollte, Lessing=Theater trotz vorgeschrittener Talentlosigkeit
1283 2391 3052 2488 puß er auch sehr kräftig und brutal sein könne, bringen kann. Grete Hoffmann als
1273 2433 3052 2518 wenn es durchaus verlangt würde. Aber dazu liebesdurstige Katharina; mit“ den Ophelias
1273 2507 3076 2553 hat er seinem innersten Wesen im gewissen Sinne könen vermochte die unglaubwürdige Gestalt
1268 2547 3056 2637 Gewalt antun müssen, und er hat nur ein gequältes, nicht lebendig zu machen, Else Lehmann
1257 2564 3056 2684 mühsam konstruiertes Stück zustande gebracht. Zuquälte sich nutzlos mit einer überflüssigen alten
1270 2646 3073 2721 den klugen und tiefen Gedanken, die Schnitzler auch Tante ab und Emanuel Reicher vergriff##
1260 2692 3050 2788 diesmal in reicher Fülle spendet, will die äußerliche sich als Arzt bis in die verblüffendste Nüchternheit
1271 2741 3036 2825 Handlung, die wie aus einem bösartigen Hinter= hinein. Alles in allem war es also auch dar¬
1257 2784 3032 2882 ##treppeuroman herausgeschnitten erscheint, absolut stellerisch kein Abend, auf den das Lessing=Theater
1261 2819 2721 2920 nicht passen. Auf der Bühne, deren tönende Re= besonders stolz zu sein braucht.
2880 2865 3007 2919 Sch.
1266 2892 2162 2969 sonanz jeden unreinen Klang zehnfach ver¬
2355 2897 2739 2991 aulh Lhrt
1261 2944 2160 3010 stärkt wiedergibt, wirkt dies schreiende
1264 2974 2167 3059 Mißverhältnis peinlich und abstoßend.
1259 3023 2158 3110 Auf der Bühne reden die Dingend die Gescheh¬
1255 3066 2165 3157 nisse weit lauter, als das gesprochene Wort, und
1257 3138 2164 3189 dein Widerspruch zwischen dem Charakter eines
1255 3177 2171 3252 Menschen und seinem Tun läßt sich auf ihr durch
1246 3215 2169 3299 keine noch so beschönigende Umschreibung aus der:
1242 3271 2173 3339 Welt schaffen. Der Ruf des Lebens dringt
1254 3316 2167 3392 lockend auch an das Ohr der unglücklichen
1249 3381 2159 3444 Marie. Ihr alter, kranker Vater, der früher ein¬
1250 3419 2159 3507 mal Rittmeister bei den blauen Kürassieren war
1253 3463 2158 3540 und damals eine Schlacht durch seine Feigheit!
1252 3517 2152 3584 verloren machte, ist zugleich ihr Kerker¬
1246 3559 2150 3629 meister, der sie von allen Freuden des Lebens
1253 3622 2151 3687 absperrt. C imal nur hat Marie einen
1252 3658 2159 3732 Ball besuchen dürfen, und dort hat sie die ganze
1251 3704 2145 3785 Nacht mit einem Leutnant von den blauen
1243 3759 2143 3834 Kürassieren getanzt. Ihn liebt sie, aber
1239 3804 2147 3873 sie wagt nicht, zu ihm zu gehen und sich
1234 3834 2101 3922 ihm hinzugeben. Da wird es wieder Krieg —
1243 3900 2154 3976 das Stück spielt in den fünfziger Jahren des
1245 3957 2146 4040 vorigen Jahrhunderts — und die blauen Kürassiere
1240 3999 2151 4076 wollen die Schande, die sie dreißig Jahren
1250 4054 2142 4117 früher auf sich geladen haben, wieder gut
1247 4084 2150 4174 machen. Die Offiziere des Regiments haben
1253 4134 2142 4205 sich geschworen, daß niemand von ihnen lebend!
1242 4192 2143 4261 zurückkommen dürfe. Einer der Todgeweihten
