3248 4352
1616 137 2048 220 box 24/4
297 139 1444 251 19. Der Ruf des Lebens
1831 1123 2273 1213 Snen für Zeilungs-Ausschnitte
1677 1176 2177 1274 CORDIAPLATZ 4
1377 1188 1613 1284 Wenden!
1607 1253 1941 1321 Vertretungen:
1382 1301 2314 1380 #, Basel, Budapest, Chicago, Cleveland, Christiania,
1269 1355 2309 1432 ell, Kopenhagen, London, Madrid, Mailand, Minneapolis,
1216 1354 2316 1457 New-Vork, Paris, Rom, San Francisco, Stockholm, St. Peters¬
1624 1427 1920 1482 burg, Toronto.
1521 1462 2020 1540 (Qu ienangabe ohne Gewähr.)
1209 1511 2287 1632 Ausschnitt aus: Mährisches Tagblatt, Olmütz
1215 1615 1561 1727 vom: 25560
1340 1752 2238 1882 (Ein Anfall im Ostrauer Fheater.)
1255 1814 2216 1916 Aus Mähr.=Ostrau wird gemeldet: Wäh¬
1257 1869 2211 1977 rend der Aufführung von Schnitzlers#
1248 1917 2219 2021 spiel „Der Ruf des Lebens Kreiele sich auf
1294 1971 2206 2070 „Bühne des hiesigen Stadttheaters ein Un¬
1298 1993 2215 2123 Kder durch seine Begleitumstände überaus
1274 2157 2199 2232 tragisch berührt. Unmittelbar vor Beginn d#
1274 2212 2198 2281 Vorstellung wurde der Schauspielerin Frä,
1277 2249 2208 2319 lein Mary Frolda, die in dem Stüc
1271 2306 2208 2402 eine größere Rolle spielt, durch einen Theate
1269 2358 2193 2435 diener ein eben eingetrossenes Telegram
1270 2411 2200 2488 überreicht, in dem ihr der unerwartet eing
1263 2457 2204 2532 tretene Tad ihrer Mutter mitgeteilt wird. D
1275 2508 2199 2591 Trauernachricht wirkte derart erschütternd an
1262 2561 2204 2641 die Schauspielerin, daß sie bewußtlos zusan
1250 2592 2202 2672 menbrach. Man bemühte sich um Fräulei
1257 2654 2213 2719 Frolda, die sich nach einigen Minuten wied
1259 2716 2144 2790 erholte, worauf sie die Bühne betrat. Als
1258 2763 2134 2836 jedoch von der Szene abging, wurde
1263 2820 2223 2890 abermals von einem Ohnmachtsanfalle über
1259 2864 2205 2931 wältigt. Die Künstlerin brach zwischen der
1262 2919 2216 3006 Kulissen zusammen und stürzte so unglücklich
1262 2964 2214 3047 daß sie sich einen doppelten Bruch des linken
1249 3022 2213 3083 Armes zuzog. Trotz peinigender Schmerzen
1249 3079 2205 3148 erklärte sich Fräulein Frolda neuerdings be¬
1251 3113 2210 3187 reit, ihren Part auch im letzten Akte durchzu¬
1254 3164 2209 3246 führen, damit die Vorstellung keine Unter¬
1244 3218 2214 3305 brechung erleide. Die Künstlerin wurde nach
1242 3275 2220 3352 der Vorstellung ins Krankenhaus gebracht, wo
1247 3309 2218 3397 ihr ein Notverband angelegt wurde, worauf
1238 3366 2194 3451 sie sich zur Beerdigung ihrer Mutter begab.
1750 3436 2210 3524 —
3155 2329 3244 2415 □0
