3484 4256
1583 184 2048 309 box 24/3
284 201 1445 311 19. Der Ruf des Lebens
2277 804 2369 884 485
681 919 2383 980 ausspricht, stirbt eine andere, die ebenfalls dem Ruf des Lebens gefolgt war. Es
683 983 2383 1044 ist Mariens Base Katharina, die früh vom Tode Geküßte. Auch sie hatte ihr Ball¬
674 1051 2390 1120 abenteuer mit einem Offizier des gleichen Regiments, auch sie war in jener Nacht
676 1097 2380 1165 vor dem großen Sterben bei ihrem Liebsten, um Abschied von ihm zu nehmen.
672 1153 2386 1252 Aber es war ein anderer Abschied, ein Abschied in jauchzender Lust. „Meine Küsse
681 1220 2378 1285 brennen auf seiner Brust“ triumphiert sie, „kein Weib mehr küßt sie weg! Er war
682 1295 2385 1361 jung vor einer Stunde, uralt ist er mit einem Male. Ich bin jung, ich denke seiner
687 1341 2374 1401 nicht mehr. Und er reitet in den Tod.“ Was aus ihr spricht, ist die Lebenslust, die
688 1399 2376 1470 noch geschwind alle Freuden dieser Welt zusammenraffen möchte. Wir wissen von
677 1457 2385 1538 ihrer Mutter, daß ihre Tage gezählt sind. „Im Winter sind die Rosen auf ihren
681 1523 2384 1586 Wangen aufgeblüht, so wie bei ihren Schwestern. Da gibt es keine Hilfe. Mein
679 1569 2385 1645 seliger Mann, der fuhr auf der See herum und mußte doch sterben, und Brigitte
681 1649 2388 1705 und Anne rührten sich von meiner Seite nicht fort, waren gut und brav, atmeten
682 1703 2377 1764 die reine Luft unseres Tannenwaldes, und liegen nun doch beide draußen unterm
683 1760 2386 1818 Rasen.“ Auch Katharina weiß es, wie es mit ihr steht. „Mit zweiundzwanzig lieg'
679 1806 2390 1865 ich im Grab, heut' bin ich neunzehn. Ich will nicht bei der Mlutter bleiben diese
683 1867 2388 1940 drei Jahre. Wenn ich so still dahinlebe, wird mir bang. Nur die sich an viel zu
680 1948 2390 2005 erinnern haben, schlafen ruhig in der Erde. Die anderen flattern und klagen über
685 2005 2380 2061 der Erde umher. Oft schon bei Nacht hab' ich meine toten Schwestern gesehen.
677 2059 2379 2115 Ich will ruhig schlafen.“ Und so durchbuhlt sie ihre Nächte, von einem Liebhaber
686 2100 2381 2162 zum anderen flatternd, bis sie endlich sterbend heimkehrt. Noch in ihren Todes¬
690 2164 2388 2226 visionen weilt sie bei ihnen. „Es wartet einer auf mich ... Einer mit dunkelrotem
680 2227 2384 2296 Mund und zornigen Augen und einer leuchtenden Stirn... Und ein anderer hat
688 2280 2385 2350 mich im Wagen hergeleitet. Aber dem hab' ich auf der Landstraße gesagt: „Fort,
681 2341 2386 2397 ich hab' dich satt! Was willst du? Sieben Nächte bist du bei mir gewesen, ist das
686 2397 2383 2474 nicht genug?“ Und da küßte er mir die hand: „Danke, schönstes Fräulein, und
694 2455 2400 2529 sprang aus dem Wagen und lief über's Feld... Aber der mit den zornigen
694 2522 1259 2595 Augen reitet mir nach ...“
787 2568 2385 2631 Solcher Art sind die poetischen Schönheiten, von denen die Vorgänge um¬
686 2634 2388 2714 sponnen sind. Es sind mitunter grausige Schönheiten. Aber alle zeugen von einer
686 2702 2387 2771 kühnen Phantasie, auf allen ruht der Abglanz einer tieferen Lebensweisheit. Und
683 2766 2391 2818 was ich an dieser dramatischen Arbeit Schnitzlers besonders schätze, das ist, daß sie
695 2801 2384 2870 streng durchkomponiert ist. Nicht ein einziges Motiv wird angeschlagen, das nicht
692 2873 2387 2944 durchgeführt erscheint, nicht eine einzige Episode taucht auf, ohne eine innigere
691 2931 2386 3007 Beziehung zum Ganzen. Wollte man die Fäden des feinen Gewebes bloßlegen,
701 2987 2390 3069 müßte man jede Gestalt, jeden Vorgang mit umständlicher Behutsamkeit auswickeln,
688 3045 2403 3112 um schließlich zu erkennen, daß man so zu keinem gedeihlichen Ende kommt, weil
688 3103 2390 3186 hinter den Dingen noch tiefere Geheimnisse verborgen liegen, die sich dem analpti¬
703 3170 2390 3243 schen Verfahren entziehen. Wie fein verästelt mit der sichtbaren Handlung ist z. B.
688 3244 2400 3291 das Geschick des dem Tode geweihten Regiments, durch dessen Schuld, wie es heißt,
698 3289 2393 3351 vor dreißig Jahren eine Schlacht verloren ward, und mit welch meisterhafter Technik
699 3339 2390 3429 werden die Motive enthüllt, die zur Sühne der fast vergessenen Schuld führen.
689 3399 2393 3470 Still und feierlich marschiert das Regiment am Fenster vorüber. Sonst begleiten
689 3458 2395 3520 Hurrahrufe seinen Ausmarsch. Es muß ein Seltsames sein, daß die Leute nicht
696 3526 2402 3601 rufen wie früher. Und nun kommt die Kunde, wovon alle auf der Straße reden.
2187 3580 2281 3649 52
767 3590 1311 3672 Osterreichische Rundschau“, XXI. 6.
3093 4082 3243 4160 Sen Ahen e
