3436 4352
1552 211 2011 314 box 24/3
230 210 1393 316 19. Der Ruf des Lebens
1146 861 1529 956 Telephon 12.801l
1172 961 1342 1053 Da
607 1026 1295 1114 „ODSLIVER
432 1081 1529 1174 I. österr. behördl. konz. Unternehmen für Zeitungs-Ausschaltte
568 1147 1410 1241 Wien, I., Concordiaplatz 4.
764 1225 1195 1312 Vertretungen
432 1274 1528 1343 in Berlin, Budapest, Chicago, Christiania, Genf, Kopen¬
448 1327 1538 1388 hagen, London, Madrid, Mailand, Minneapolis, New-Vork,
474 1364 1488 1458 Paris, Rom, San Francisco. Stockholm, St. Petersburg.
770 1410 1202 1480 (Quellenangabe ehne Gewäls).
436 1460 814 1554 Ausschnitt aus:
689 1470 1616 1583 Wiener Hausfrauen Zeitung, Wien
3092 1509 3216 1606 S
381 1567 978 1666 vom: 19011.1909
1784 1595 3224 1673 vertröstet, wenn sie den Ruf des Lebens einmal reiner und tiefer er¬
671 1627 1390 1722 Kleine Theaterplandereien.
1797 1647 3231 1731 fassen sollte. Das Stück hat eine ungemein gute Darstellungg
1183 1678 1726 1777 Wien, 17. Dezember 1909.
1784 1694 3215 1780 gefunden, und das Publikum kargte trotz der vielen Unwahr¬
1793 1746 3229 1828 scheinlichkeiten nicht mit Beifall. Im Gegenteil, der Erfolg des Schau¬
426 1771 1750 1831 Das Deutsche Volkstheater hatte vorigen Samstag wieder einmal
1790 1778 3241 1873 spieles war ein unbestrittener, und außer Schnitzler haben die Künstler
318 1814 1748 1900 eine Sensations=Première! Artur Schnitzler stand auf dem Theater¬
1788 1848 3238 1918 Kramer, Homma, Kutschera, Weisse sowie die Damen Hannemann,
316 1857 1749 1944 zettel als Verfasser des Schauspieles „Der Ruf des Lebens“ und nur
1794 1903 2787 1987 Müller, Marberg hieran ihren reblichen Autell¬
315 1924 1759 1983 wenig Glücklichen war es vergönnt, sich einen Sitz ohne Bezahlung eines
304 1972 1755 2028 hohen Agios zu erobern. Das Publikum aber, das dieses Kind aus der
310 2004 1758 2085 Taufe hob, kam ganz auf seine Rechnung, denn Liebe und Mord, diese
308 2069 1752 2141 beiden größten Tragbalken des Masseninteresses, standen auf der Tages¬
305 2108 1772 2187 ordnung. Schnitzler verwebt die beiden Motive wie folgt: Das Regiment
306 2156 1765 2243 der blauen Kürassiere, das einstmals durch die Flucht vor dem Feinde
310 2211 1764 2279 sich mit Schande beladen, zieht in den Krieg, diesmal dem sicheren
318 2275 1764 2332 Tode entgegen. Um die damalige Tat zu fühnen, hat die ganze Mann¬
321 2309 1766 2384 schaft den Schwur geleistet, sich auf eine solche Schlachtstätte zu stellen,
310 2358 1767 2422 von der es keine Wiederkehr gibt. Mit zwei Leutnants dieses todge¬
307 2405 1775 2493 weihten Regiments haben in einer Faschingsnacht Marie und Katharina
311 2457 1775 2533 getanzt und beide haben hiebei ihr Herz verloren. Katharina hat sich
314 2505 1778 2572 ihre Liebe ganz hingegeben, Marie jedoch muß einen kranken, alten
320 2578 1775 2629 Vater pflegen, der die Tochter nicht aus dem Hause und den Angen läßt.
321 2611 1776 2675 Ihr Haß gegen den väterlichen Tyrannen lodert nun, da sie weiß, daß
318 2662 1767 2728 der Geliebte in den sicheren Tod zieht, mächtig empor, und da sich
316 2709 1781 2784 ihr der Vater, der als erster damals die Flucht des Regiments veranlaßt
320 2774 1776 2831 hat, in den Weg stellt, schüttet sie statt zehn Tropfen den ganzen Inhalt
315 2804 1772 2872 eines Schlafmittels ins Wasser. Er trinkt und stirbt. Dieses war der
329 2857 1779 2932 erste Todesstreich, doch der zweite folgt sogleich. An der Leiche des
322 2914 1768 2969 Vaters vorbei, eilt Marie, dem „Rufe des Lebens“ folgend, direkt in
324 2961 1775 3023 die Kaserne. Doch sie trifft den Geliebten nicht allein. Die Frau des
326 3017 1770 3072 Obersten ist bei ihm und, hinter einem Vorhang stehend, ist sie Zeuge
328 3054 1769 3115 einer Liebesszene, die erst durch den Eintritt des Ehemannes ein Ende
328 3097 1774 3168 findet, welcher die ungetreue Gattin auf der Stelle niederknallt. Dieses
321 3155 1760 3228 war der zweite Todesstreich, doch der dritte folgt sogleich. Der zurück¬
323 3215 1780 3277 gebliebene Offizier will nun die Pistole an die eigene Brust setzen, als
329 3257 1782 3319 Marie aus ihrem Versteck hervortritt. Und trotz der beiden Leichen hält
325 3305 1777 3387 sie nun den Geliebten in ihren Armen; der Ruf des Lebens hat alles
327 3348 1780 3415 andere übertönt. Am nächsten Tage allerdings ist auch der Offizier nicht
319 3412 1594 3471 mehr unter den Lebenden. Dieses war der dritte Todesstreich.
317 3443 1779 3511 Marie zieht Trauerkleider an und übersiedelt zu ihrer Tante, der Mutter
332 3501 1785 3576 jener Katharina, die nach ihrer ersten Liebe sich dem Rufe des Lebens
329 3559 1771 3631 ganz hingegeben und nun, schwindsüchtig geworden, ebenfalls heimkehrt,
1372 3590 1778 3669 Marie aber findet
336 3609 1238 3681 um ruhig zu sterben. Der vierte Todesstreich.
338 3644 1795 3719 in dem sonnigen Frieden dieser Gegend Genesung und ist reif für die
330 3693 1789 3792 milde Weisheit des Arztes, der sie noch auf einen Platz an der Sonne
