3436 4352
285 236 1433 345 19. Der Ruf des Lebens
299 1563 804 1669 Ausschnitt aus1
804 1594 1390 1709 sche Wehr, Troppau
604 1640 886 1730 -AROV197
509 1784 1346 1897 Sehaubühne und Kunst.
580 1886 1225 1989 Troppaner Stattheater.
445 1976 1487 2038 „Der Ruf des Lebens.“ Schauspiel in 3 Akten
354 2016 1487 2114 von Arthur Schnitzler. (Aufführung am 5. No¬
361 2070 1488 2143 vember 1914.) In dem sittlichen Ernst-unserer Tage
360 2120 1479 2188 erscheinen uns die Personen des Schnitzler'schen
370 2174 1478 2258 Stückes unwahr und verworren. Aufgeführt wurde
363 2209 1477 2299 „Der Ruf des Lebens“ an unserer Bühne sehr gut.
362 2261 1487 2346 Herr Direktor Schlismann=Brandt, der auch
367 2309 1486 2378 Spielleiter war, hat uns durch seine vollendete
369 2352 1494 2431 Leistung als „Der alte Moser“ aufs neue sein hohes
369 2399 1491 2491 Talent bewiesen. Frl. Leonore May hat ihre Rolle
370 2450 1496 2536 als Marie gut beherrscht und wir würden uns freuen
373 2497 1489 2593 sie bald in einer sympathischeren Rolle zu sehen.
379 2548 1500 2638 Frl. Marga Wilson war in der Rolle der Frau
370 2610 1506 2688 Oberstin vortrefflich, ebenso Frl. Holm als Katharina
368 2677 562 2757 Richter.
470 2678 1504 2770 Auch die anderen Darsteller waren sehr gut.
377 2742 1507 2830 Herr Jensen als Oberst, die Herren Mahr und
376 2786 1512 2880 von Lovric als Max und Albrecht, Herr Waß¬
379 2838 1520 2922 muth als Forstadjunkt, Herr Moser als Doktor
390 2869 1531 2972 Schindler. Das Zusammenspiel war vorzüglich und
379 2930 1516 3028 der umsichtigen Spiekleitung gebührt ein besonderes
390 2990 1508 3087 Lob. Es hat auch an reichem Beifall nicht gefehlt.
1600 233 2044 320 box 24/5
2238 855 3047 979 ie Schlesiache Presse. Tronrist
1825 916 2260 1023 Ausschnitt abs:
2042 996 2341 1102 11.9001974
1903 1096 2760 1182 Troppauer Stadttheater.
1900 1209 2847 1291 „Der Ruf des Lebens“. Schauspiel in ¬
1794 1270 2897 1336 ##t# sei Tank: nur drei Akten und noch mehr To¬
1971 1314 2894 1391 von Arthur Schuitzsenhre mich
1804 1366 2897 1443 daßegen, daß man Zeiten, wo täglich so viele
1803 1409 2894 1473 Schwerverwundete die Stadt durchziehen und uns
1792 1461 2899 1523 Seuchen drohen, solche Stücke vorführt. Auch den
1799 1504 2895 1578 Spielern sah man vielfach, obwohl sie durchaus
1791 1558 2902 1645 zmindestens gutes boten, an, daß sie es gezwungen
1798 1605 2899 1693 jund nicht aus dem Innersten heraus, taten. Groß¬
1801 1644 2903 1725 artig war Herr Direktor Dr. Schlismann¬
1802 1695 2896 1782 Brandt in seiner alle Kräfte erfordernden und
1798 1752 2906 1821 erschöpfende Rolle. Bei den übrigen Mitwirkenden
1803 1792 2907 1879 hatte mar die Empfindung, als müßten sie sich
1806 1850 2910 1929 an all en Graus erst allmählich gewöhnen; aber
1796 1895 2897 1971 vom zbeiten Aufzug an gab es stellenweise treff¬
1797 1946 2895 2020 liche Zeistungen. Am natürlichsten, wirklich wie im
1798 1996 2894 2057 Leben, spielte meisterhaft Frau Conrady die alte
1806 2043 2902 2109 Richter. Die Oberstin war durch Frl. Wilson be¬
1802 2105 2906 2189 stens vertreten. Die Künstlerin wurde dem hetä¬
1810 2130 2910 2204 tenhaften, alle Bande abstreifenden Wesen des un¬
1804 2189 2902 2270 seligen Weibes durchaus gerecht. Frl. May wurde
1811 2255 2906 2316 ihrer Aufgabe, welche die widers# ebendsten Anfor¬
1803 2296 2917 2364 derungen erhebt, in bester Weise gerecht und führte
1797 2336 2924 2431 sie bis zum Ende lobenswert durch. Frl. Holm, die
2624 2390 2831 2453 Stile 3.
1770 2471 2903 2549 zu solchen Dingen lieber nicht herangezogen werden
1774 2522 2929 2576 sollte, war zumal im letzten Auftritt lebenswahr.
1777 2572 2911 2641 Die Herren Mahr und v. Lovric hatten kein
1764 2613 2884 2693 leichtes Spiel; bei der heutigen Stimmung bes
1772 2668 2893 2736 rührten zumal manche Ausführungen des Letzteren
1778 2710 2909 2781 feindselige:. Gefühlen. Aber beide Herren fanden
1772 2758 2916 2830 den richtigen Don und verdienten sich gerechte An¬
1769 2806 2897 2905 erkennung. Herr Jensen nahm den Oberst wohl
1777 2868 2886 2944 am richtigsten als Verkörperung des unnahbaren
1773 2920 2900 2983 Pflichtgefühles und brachte sie überzeugend mit der
1777 2959 2902 3033 ganzen Selbstbeherrschung zum Ausdrucke, die selbst
1780 2998 2894 3091 beim Vorbeischreiten an der getöteten Gattin laum
1779 3057 2883 3135 sein leichtes Zittern merken läßt. Herr Moser gab
1777 3095 2896 3178 den Doktor ungezwungen und gut; nur die beiden¬
1779 3144 2889 3254 male, wo er Kathrinens nahes Ende voraussagt,
1782 3193 2490 3273 klangen gar zu geschäftsmäßig.
1867 3253 2885 3311 Den bedauernswerten Forstadjunkten dekla¬
1782 3292 2895 3375 mierte Herr Waßmut anfänglich zu sehr; später
1781 3341 2904 3438 fand auch er das rechte Wort und führte sein Teil¬
1777 3387 2088 3456 löblich durch.
1864 3440 2884 3523 Der Spielleitung möchte ich doch nahelegen,
1773 3497 2890 3565 die Uhr im ersten Aufzuge zu beseitigen; unwill¬
1776 3531 2884 3627 kürlich schaut man hin, wenn es heißt, es sei eben 7,
1779 3594 2897 3644 und es stört dann, wenn es nicht wahr ist. Die Vor¬
1773 3625 2676 3724 stellung war imgganzen wohl einstudiert.
