3484 4352
1506 200 2017 310 box 24/3
218 211 1524 306 19. Der Ruf des Lebens
492 521 897 630 Telephon 12.801.
141 682 653 784 BSEHVEN
141 763 889 857 z. Unternehmen für Zeitungs-Ausschnitte
142 829 766 926 . Concordiaplatz 4.
150 900 567 982 ertretungen
171 929 888 1022 " Chicago, Christiania, Genf, Kopen¬
142 967 898 1078 Bürid, Malland, Minneapolls, New-Vork,
139 1051 868 1129 Francisco, Stockholm, St. Petersburg.
150 1081 563 1158 Buellenangabe ehne Gewähr).
134 1133 880 1259 iener Montags Journal, W
137 1228 270 1331 000
809 1309 3288 1408 Tochter gießt einige Tropfen Gift mehr in die Schale Ruf des Lebens an das Ohr des Menschen. Lockt ihn
135 1343 634 1447 sche Irrwege.
2030 1394 3285 1450 zu dummen und manchmal auch zu verhängnisvollen
819 1391 1918 1473 und ist frei . .. dem Rufe des Lebens zu folgen.
145 1422 640 1517 Der Ruf des Lebens“.)
921 1444 3279 1494 Der Ruf des Lebens lockt auch denselben jungen Schritten. Aber dann war's doch niemals der Ruf des
149 1474 3286 1585 von Schnitzlers Talent halten Leutnant, um den die sündige Tochter den Vater er= Lebens, der das Unheil verursacht, sondern einfach das
162 1521 3300 1607 für sich: man muß ihn ernst mordet. Aber der widersteht dem Ruf, weil es der tückische Schicksal, das immer ein Feind des frohen
2040 1583 3295 1647 Lebensrufes war. Darum vor dem Ruf des Lebens
150 1590 2056 1664 ls zu den Strebern gehört, die rechte Ruf nicht ist, wahrscheinlich. Und da die rufende
154 1630 3295 1714 Tag den Tageserfolg anstreben, Sünderin von ihrem Mann erschossen ist, kommt der warnen? Wem der Ruf etwas anderes ins Ohr schreit
167 1662 3297 1764 gegangen. Freilich hat ihn der rechte Ruf. Von der Vatermörderin, die den jungen als die Schönheit und die helle Sonnenpracht des
192 1760 3287 1807 geführt, wo er jetzt herum= Menschen lockt. Und von der rauchenden Leiche weg Lebens, der hat den Ruf eben nicht verstanden. Er ist
1539 1772 3285 1856 . Hier stocke ich schon. einem falschen Rufe gefolgt, den man den Ruf des
164 1815 1517 1861 n dasselbe Gäßchen gelangt, um folgt er dem Ruf des Lebens.
153 1812 3291 1905 Weg zu suchen. Und weil ihn Ist das wirklich der Ruf des Lebens? Der Tod ist ans Schicksals, Ruf des Verhängnisses, Ruf des Todes nennen
162 1908 3292 1963 hat er die Not des Irrweges Ende des Lebens gesetzt, — gibt's wirklich ein Gemüt, mag, aber doch nie Ruf des Lebens. Der Ruf lockt immer
152 1959 3283 2017 Leibes Notdurft hat sein be= das angesichts des grinsenden Todes den Ruf des Lebens nur in sonnige Höhen, zu leuchtender Tat. Auch beim
164 1978 3286 2068 r ferngehalten, die Liebkosungen hört, oder besser, empfindet? Auch die Tigerin heult ein herrlichen Bergsteigen hat schon mancher den Hals ge¬
147 2025 3296 2111 bergroße Freundeszirkel geboten, wenig an der Leiche ihres Gatten, ehe der Hunger sie brochen, weil er immer nur in die sonnige Höhe sah
148 2082 3298 2170 er der Sohn eines berühmten zum Fraß des Leibes zwingt, — will der Arzt beweisen, und nicht auf den felsigen Boden. Soll darum die Höhe
147 2129 3285 2216 ich zu den Auserkorenen gehört. daß es für den Ruf des Lebens keinen Tod gibt? Wie weniger leuchtend sein, weniger strahlend die freie Sonne,
151 2212 3281 2267 t der koketten Schmachtlocke in jammervoll öde wäre dieses Leben, das keine Pause der weniger schön das strotzende Leben ...? Der Dichter,
162 2259 3288 2306 die Charakteristik des Dichters. Sammlung, keinen Augenblick der pietätvollen Emp=der uns solches beweisen wollte, müßte freilich ganz andere
1187 2269 3280 2345 Und wie tief muß der Dichter im Mittel bringen. Hat der nordische Recke mit seinen ab¬
158 2310 1206 2366 ernst nachzudenken, aber Iin findung kennt.
148 2321 3286 2411 himer wieder die Gedankenwelt eigenen Irrtum stecken, wenn er solche Thesen aufstellt . . . grundtiefen Gehirngespinsten immer wieder die Schön¬
143 2392 3289 2470 mgebung hinein. Des Lebens Das Leben ist doch menschlicher. Es würde dem ge= heit des Lebens zugestehen müssen, — da wird wohl so
132 2450 3289 2532 ie Wand malen und malt doch wissenlosen Wüstling von der Natur aus die Pause zu= bald kein Dichter erstehen, der uns die Schillersche
158 2509 3281 2563 Leinwand. Sein Leben als diktieren, die er in unsagbarer Unmenschlichkeit einfach Lebenslehre in düsterem Pessimismus umwandelt. Er
147 2567 2965 2622 as süße Mädl kennen lernte und ausstreichen möchte. Probier's doch einer, von einer müßte ein Goethe des Lebenselends sein.
2143 2582 3301 2659 Das Stück Schnitzlers zerfällt in sich selbst. Die
1909 2594 2058 2661 Hier
155 2599 1831 2658 in vollen Zügen schlürfte, als frischen Leiche weg ins Brautbett zu steigen
2040 2636 3283 2706 eigene Beweiskraft läßt den Dichter völlig im Stich und
150 2620 2049 2713 n einem traurigen Falle einen könnte der Arzt doch den Dichter lehren, wie falsch
2036 2689 3295 2767 sie macht auch die Zuhörer für den Augenblick irre. Dann
140 2698 1426 2774 eit des Lebens sieht, als wohl= dieser Ruf des Lebens ist.
920 2735 3286 2797 Falsch wie die Zwiespältigkeit der Seele, die kalt= sagt der eine, man hätte es nur mit einem Traumbild
143 2735 856 2825 der im üppigen Salon über den
141 2774 3287 2868 kt. Die alten Bäume rauschen blütig einen Mord am eigenen Vater begeht, um eine zu tun und der andere geht mit schonenden Worten um
139 2844 3284 2914 ebenan spielt die gesittete Frau Liebesnacht zu feiern, die nie wiederkehrt, und dann in die Wahrheit herum. Aber dazu ist Schnitzler doch zu
150 2884 3288 2973 te und des Dichters Phantasie spintisierender Verzweiflung ruhig das Leben weiterlebt, gut. Ihm muß man schon sagen, sein Stück sei herzlich
149 2939 3295 3012 ndüsterte Höhen. Er sieht ein das keinen Ruf mehr für die tote Seele hat. Diese schlecht, weil es sein starkes Talent vertragen kann. Er
175 2992 3286 3070 d hält's für das Wahre. Weiß philosophische Marie ist der weibliche Schnitzler. Redet wird weiter streben und endlich doch wieder auf den
149 3038 3290 3117 raum ist. Und dann klatschen sich einen Paroxismus ein, der ihr gar nicht eigen ist rechten Weg kommen. Vorläufig ist er auf dem Irr¬
3119 3071 3305 3179 u.
150 3106 2255 3172 ie Zeitungen schonend über die und legt einen schwarzen Schleier um das Leben, den wege ..
160 3144 2093 3226 berühmten Vaters und der die eigene Selbstsucht gar nie gesehen hat. Sie posiert
146 3208 2075 3283 edigt weiter seinen Irrweg. mit dem Todesgedanken, weil sie sich pumperlgesund
149 3266 2079 3332 s ertönt an unser aller Ohr. fühlt. Man könnte sie beinahe im Verdacht haben, daß
161 3313 2083 3379 zur Schandtat, den Wüstling sie alsbald in die Arme eines anderen eilen wird, um
167 3351 2077 3433 n Menschen erreicht er nicht . .. am nächsten Tage wieder vom Tode zu spintisieren, wie
1710 3406 2081 3473 so grauslichen
164 3414 1727 3477 die sündigen Menschen etwas Schnitzler nach der Aufführung eines
151 3452 2080 3534 uten, die langweilen sich ihr Schauspiels sich bei Champagner als großer Dichter
163 3516 1126 3587 gebung mit ihren Grundsätzen, fetern läßt.
917 3527 2090 3618 Das tut einem in der Seele weh. Besonders wenn
167 3557 857 3638 ht ganz mißverstanden, so will
845 3600 2081 3686 man in dem jungen Most den edlen Wein gären sah
152 3610 857 3686 rschütterndem Bilde vorführen.
149 3652 2078 3726 alten Moser lockt der Ruf des und auf einen guten Tropfen hoffte. Wie konnte sich
172 3711 2078 3774 5 Liebsten, zur rechten Stunde der flotte Erzähler von Anatols Liebesgeschichten, der
152 3737 2077 3826 ralische Arzt, den der Ruf des feine Beobachter von Leutnant Mukis Schicksal, der ehr¬
149 3806 2071 3873 der schiebt die sündigen Gelüste liche Kämpfer gegen Liebelei und gegen die Edelwildjagd
162 3850 2103 3943 Lebens in die Arme. Die in solche Ge###kenwildnis verirren? Laut jauchzt der
