3484 4352
941 181 1005 248 d
319 182 1467 288 19. Der Lebens
529 571 1499 690 vom: 12 0Kli Psheller-Zeitung, un—
608 653 1562 837 Theater und Kunst.
618 774 1643 883 Deutsches Volkstheater. SchnißlersAuf des
485 793 1633 960 We senmit mihen Tashen und scnichiche er.
497 848 1646 992 zwischen gewaltigem Fühlen und müdem Erkennen, das am
480 981 1639 1051 letzten Ende ergebnislos auch für die Erkenntnis des Lebens
490 1027 1640 1103 selbst bleibt. In seinem Besten hat dieses merkwürdige Stück
501 1071 1643 1161 etwas Unwirkliches an sich, trotz krasser äußerer Vorgänge,
488 1112 1645 1205 Kriegstrompeten, Revolverschüsse, Wahnsinn, Morde. Dieses Unz
490 1154 1635 1243 wirkliche müßte auch der Aufführung gewahrt bleiben, um das
487 1195 1643 1295 tiefere Symbolische festzuhalten. Auch in Kriegszeiten kommt es
486 1254 1634 1347 da nicht auf die militärischen Signale und andere Handgreiflich¬
483 1295 1638 1402 keiten an, welche die Bühne „beleben“, um das Poetische, also das
488 1353 1639 1436 allein Wichtige und Entscheidende, um so gewisser zu töten. Un¬
481 1391 1629 1485 wirklichkeit kann auch nicht durch Unmöglichkeit im Darstelleri¬
474 1447 1625 1538 schen ersetzt werden. Ihre Aufgabe vollkommen erfaßt und ihr
481 1492 1637 1588 genügt haben eigentlich nur Fräulein v. Wagner (Marie)
472 1534 1629 1610 und Herr Onno (Max). Herrn Kramer (Oberst) hat man
467 1579 1617 1684 auch in Charakterrollen schon viel besser gesehen, die Herren
470 1615 1624 1709 Lackner (Moser) und Kutschera (Arzt) gaben nicht ganz
471 1668 1611 1767 ihre Rolle, sondern ein recht gutes Surrogat. Fleißig, aber
469 1731 1616 1813 nicht am Platze ist Fräulein Steinsieck (Irene), ganz un¬
459 1788 1625 1870 zulänglich diesmal Fräulein Bukovics (Katherine). Eine
452 1825 1612 1912 Ophelia mit Soubrettentönen, die überirdisch wirken sollen,
454 1867 1625 1957 wenn sie mit ganz hoher Stimme gebracht werden — nein, das
454 1906 665 1973 geht nicht.
1426 1941 1561 1993 D. B.
574 1958 790 2018 0.#
523 2137 1684 2251 Ausschnitt WWiener Montags Journal, Wien
1204 2223 1422 2294 K1.19½
529 2256 679 2315 vom:
508 2418 1553 2501 Theater, Kunst und Literatur.
508 2498 1615 2591 (Deuisches Volkstheater.) Arthur SchnitzerSchau¬
418 2565 1617 2623 spiel „Der Wille zum Leben“ paßt mit seiner psycho¬
425 2606 1630 2676 logisch=mystischen Seelenstimmung nicht zu den brutal realisti¬
422 2661 1617 2732 schen Geschehnissen unserer großen Tage. Der Ernst der
422 2713 1610 2770 Dichtung und ihr sittlicher Gehalt verschaffen ihr den Ach¬
419 2757 1619 2827 tungserfolg, den das Stück auch diesmal wieder hatte. Die
414 2803 1619 2861 Darstellung war sehr gut, insbesondere Fr. von Wagner
429 2860 1621 2919 setzte ihre leidenschaftlich=innige Naivität ins beste Licht. Die
416 2904 1627 2974 Künstlerin rückt jetzt sichtlich dem Verständnis der Direktion
411 2945 1608 3016 und des Publikums näher und scheint bereits ein „Liebling“
421 3010 1611 3063 geworden zu sein. Ansonst wirkten die Damen Thaller,
419 3044 1628 3113 Steinsiek, Bulovics und die Herren Kutschera,
418 3104 1618 3160 Kramer, Klitsch, Edthofer und Lackner verdienst¬
426 3141 1302 3212 lich mit. Das Stück wurde viel beklatscht.
847 3180 1643 3280 Bien.] Zum erstenmal hatte das Haus
1565 172 2080 265 box 24/5
2041 351 3185 451 vom: 12 o Miener Allgemeine Zeitung, Wien
2024 478 3189 604 Theater. Kunst und Literatur.
2708 568 3145 641 Wien. 12. Oktober.
2144 594 3177 686 [Deutsches Volkstheater.] Im zeitgerechten
2034 657 3180 738 Bestreben, Stücke zu bringen, in denen Uniformen vor¬
2042 717 3171 766 kommen und der Krieg sich thematisch bemerkbar macht,
2044 754 3178 811 bietet das Deutsche Volkstheater jetzt eine Neuinszenierung
2037 794 3186 848 von Schnitzlers: „Der Ruf des Lebens.“ Ein Schau¬
2037 836 3188 909 spiel, in dem hinter Todesverachtung, Heldenhaftigkeit und
2050 883 3180 944 Kriegspathos, taktvoll äber immerhin, Fragezeichen gesetzt
2043 935 3179 986 werden und die Ideologie der Pflicht, taktvoll aber immer¬
2046 963 3181 1020 hin, nicht unwidersprochen bleibt. Also wie man sieht, ein
2044 1008 3191 1081 Stück, nur äußerlich zur Stimmung dieser Tage passend, in
2039 1057 3182 1123 denen der Ruf vom Leben weg laut und anhaltend über den
2035 1106 3187 1157 Erdteil llingt. Das leicht gekünstelte, mit Zurückhaltung
2035 1144 3186 1198 bedeutsame Drama ist in diesen Blättern seinerzeit sorgfältig
2039 1202 3194 1247 gewürdigt worden. Es zeigt in schöner Deutlichkeit alle
2049 1229 3182 1279 Merkmale Schnitzlerscher Feinheit und Schwäche: eine viel¬
2050 1270 3191 1328 fach bestrebte, locker ausschwärmende Gedanklichkeit (um dem
2053 1305 3196 1383 rohen Theaier hinrejchend Raum und Weg freizugeben;
2051 1375 3185 1431 ein ins Breite fehlschlagendes Bemühen, ins Tiefe zu
2043 1398 3187 1451 motivieren; eine bis zur Unwahrscheinlichkeit noble Sprache;
2051 1446 3199 1510 ein Versuch, Strenges mit Zartem zu paaren, als deisen
2039 1487 3181 1562 züchterisches Ergebnis, leider, doch kein reinrassiges Drame
2043 1533 3191 1593 zu Tage kam! Frau v. Wagner spielte das melancholisch¬
2049 1591 3194 1629 inbrünstige Mädchen, Fräulein v. Bukovics die süß¬
2048 1619 3185 1673 leichtsinnige Todgeweihte, Herr Kramer den unbegreiflich
2046 1669 3197 1728 heroisch=witzigen Oberst, Herr Kutschera den priesterlich
2043 1714 3180 1764 frisierten Arzt, Herr Lackner den peinlichen „alten Moser“
2048 1747 3206 1816 Fräulein Steinsieck die sündhafte Obristin. Den Leutnant
2047 1787 3209 1865 Max, dem der Ruf des Lebens ganz besonders schrill uns
2051 1829 3196 1895 sogar mehrstimmig in die Ohren gellt, stellte Herr Onno
2054 1880 3199 1952 dar. Mit jenem Fanatismus in allen Lebenslagen, der von
2041 1927 3211 1995 seinem Bühnendasein nun einmal unzertrennlich scheint.
2318 1991 2807 2059 EnENennlgude onfe Uewahr.)
2074 2052 3066 2161 Ausschnitt aus: Sohn- u Montags-Courier,
2415 2126 2712 2234 TZUKT 19½
2064 2190 2245 2236 vom:
2210 2271 2960 2377 Theater und Kunst.
2109 2352 3138 2445 Deutsches Volkstheater. Arthur Schnitzlexs dreiaktiges
2035 2391 3150 2508 Schauspiel „Der Ruf des Lebens“ hat näch langer Zeit
2030 2442 2819 2524 wieder aufgeführt einen vollen Erfolg
2819 2473 3144 2532 davongetragen.
2034 2478 3142 2551 Dieses Stück voll Gedankentiefe und feingeschliffener Sen¬
2036 2523 3008 2610 tenzen hat seinerzeit verschiedentliche Urteile über
3031 2559 3124 2620 sich
2029 2559 3126 2659 ergehen lassen müssen. Die nunmehrige Aufführung des¬
2025 2606 3166 2699 selben bewies voll seine Lebensfähigkei. Ganz außeror¬
2029 2643 3127 2715 dentlich gut gespielt von den Herren Kramer, der das
2029 2680 3122 2758 Werk sehr gut inszenierte Lackner, Klitsch, Edthofer und
2029 2718 3125 2812 Kutschera, den Damen Thaller, Wagner, Steinsieck und
2014 2746 3119 2859 Bukovics ward dem Werke und der Aufführung der ver¬
2022 2791 2851 2871 diente volle Beifall des Publikum sgespendet.
2029 2878 2483 2975 Ausschnitt aus:
2174 2933 2995 3043 12 UKTUDEHITSTlorgen Wien
2034 3005 2213 3056 vom:
2323 3090 2967 3160 Deutsches Volkstheater.
2163 3121 3212 3206 Schnitzlers „Der Ruf des Lebens“ bestand vorgestern
2055 3196 3213 3249 glänzenliche Feuertaure. Des Dichters eherne Ge¬
2081 3221 3221 3276 schütze wurden ins Treffen geführt, unsere Seele stand im
2081 3267 3223 3317 dichtesten Feuerregen und darüber hinaus donnerte eine
2066 3309 3214 3374 Stimme und übertönte alles in uns: Der Ruf des Lebens,
2074 3348 3138 3399 „Nach uns ist nichts, selbst unser Mö=, stirbt mit uns“
2075 3389 3212 3442 Von den Darstellern verdienen vor all  Frau v.. Wagner
2823 3417 3212 3474 Lackner hat ent¬
2073 3418 2778 3480 und Herr Kramer volles Lob. (
2813 3470 3222 3513 einmal eine Schlacht
2077 3461 2815 3512 schieden Pech: sein alter Moser hat sa,
2065 3511 3220 3553 verpatzt, gestern „verlor“ er seine Rolle, denn statt des alten
2064 3539 3219 3597 Moser spielte er den alten Grutz. Auch Herrn Kutschera
2075 3575 3239 3643 ist ein nicht unerheblicher Irrtum unterlausen: er bekam seine
2066 3621 3227 3674 Einberusung als Arzt und rückte als Feldvikar aus, was
2093 3650 3227 3712 ei dem Arztemangel von bösen Folgen hätte werden könngn#
2103 3690 3233 3763 Füulein Steinsieck gab die Frau des Obersten ober¬
2155 3736 3218 3785 ich operetkenhaft, wodurch sie sich um die ganze ##arakte¬
2092 3753 3216 3836 ristktihter Rolle brachte. Ein vollbesetztes Haus=bankte dem
2103 3797 3232 3866 Dichte der uns dieses Stück gab, und dankte dem Theater,
2094 3827 3225 3930 das es us zurückgab und dankie auch der lapferen Truppe,
2088 3870 2648 3952 De ihm eieen Sieg erkämpfte.
3022 3890 3190 3950 Ch. L,
