3484 4352
1578 279 2033 369 box 24/1
279 297 1428 422 19. Der Ruf des Lebens
2153 1464 2727 1545 Mitleilungen über rege Best
925 1468 2139 1546 wie in Düßeldorf darauf ausgegangen sei, ihnen widerrechtlich.
2155 1511 2703 1577 heimischen Industriezweigen,
937 1518 2141 1583 200 M. Honorar zu wenig zukommen zu lassen. — Der Gerichts¬
2162 1563 2717 1616 anlassung boten. Aber auch
939 1555 2137 1624 hof erachtete den Angeklagten der Beleidigung in zwei Fäcken für
2161 1593 2712 1646 seine Kräft und wurde völlie
929 1600 2141 1654 schuldig, verurteilte ihn aber nur zu 90 M. Geldsträfé, da die
2156 1635 2723 1689 känischen Eisenmarkt Bericht
939 1652 2137 1695 Vewesäufnahme eine Reihe von Umständen ergeben habe, die den
2149 1671 2712 1725 ziemlich unerfreulich und we¬
942 1679 2130 1735 Anzekläßten zu der Meinung bringen konnten, der Kläger habe die
2148 1711 2723 1767 verlautete, daß aus Englau
936 1716 2142 1786 Absicht gehabt, einen Teil der Gage in die Tasche zu steckel und
2158 1751 2715 1810 Dentschland zu recht gebrütt
938 1757 1686 1812 ihn sowie Herrni Biberli zu überpotteilen.
2147 1787 2716 1848 durch welche Käüse eine wei¬
1016 1781 2139 1850 — Unzüchtige Schriften. Der während der ganzen Woche vor
2152 1832 2712 1885 zu manchen Bedenken Anlaßk
928 1839 2134 1891 der 7. Strafkasimer des Landyerschts I verhandelte Prozeß gegen
2151 1876 2714 1926 marlt befülchtet wird. Das d
940 1872 2141 1933 den Buchhändler Max Marcus wegen Verbreitung Unzüchtiger
2158 1903 2718 1968 lautende Petersburger Nachrik
932 1902 2146 1963 Schriften und Bilder ist gestern zu Ende gekommen. Das Urtell
2162 1949 2707 2004 maaßregeln“, die der Ausle¬
925 1951 2137 2023 lautete auf 6 Monäte Gesängnis und 1000 M. Geld¬
2159 1981 2703 2047 weiten Spielrium ließ, nich
940 1988 2138 2041 sträfe event. noch 100 Tage Gefängnis. Der Gerichtshof ver¬
2150 2022 2714 2071 das Geschüft zu beleben, drs
940 2030 2134 2089 hängte gleichzeitig die Untersuchungshaft übel den Anklagien wegen
2160 2066 2719 2115 zu werden: man ging schließt
937 2077 2134 2127 Fluchtverbachts mit der Maßgabe, daß, die Haft gegen Stellung
2162 2109 2714 2164 als Petersburg wider Erwaz
938 2110 2133 2162 einer Kaution von 15000 M. wiedenufgehoben werden würde.
2165 2138 2705 2199 Woche ging ruhig zu Ende,
945 2149 2137 2199 Der Angeklagte erklärte, daß er ###= B#schaft nicht leisten, sondern
2160 2180 2692 2237 flüssig und der Satz für
930 2197 2131 2256 seine Strafe antreten wolle, dn er d#schst am Leben bleihen werde.
2153 2215 2702 2283 Donnerstag um ¼%, währ
2161 2249 2690 2307 erhältlich war. Bankaktiel
1416 2269 1679 2350 Theater.
2163 2302 2690 2353 hafter angeboten waren i
2148 2333 2703 2398 holten sich wieder, um jedochs
1019 2311 2136 2399 * Im Lessing=Theater gelangte gesternt. Der Rüf des
2164 2376 2698 2429 neue leichte Rückgänge zu
942 2372 2142 2427 Lebens“ Schauspiel in drei Akten von Artur Schnitzler,
2164 2420 2699 2471 aktien ist die Bevörzugung i
941 2426 2130 2469 zur Erstaufführung und wurde, trotzdem die ganze Berlin W.=
2153 2461 2715 2514 auf den Erwerb neuer &#
935 2455 2133 2510 Freundschäft des Autors erschienen war, nach dem letzten Akte
2150 2489 2713 2546 um etwa 5½% während der
932 2493 2135 2541 entschieden abgelehnt. Auch nach den beiden anderen Akten
2148 2530 2686 2595 als fest seien noch genannt
939 2534 2134 2589 kämpfte heftiges Zischen mit dem von Claque und Freundeshand
2164 2566 2691 2630 stahl; Laurahütté und Do¬
945 2578 2143 2626 künstlich gemachten Applaus. Schnitzler, dessen Begabung sehr
2162 2606 2687 2666 eher etwas niedriger. Am
940 2616 2137 2662 stark überschätzt wurde und der mit Vorliebe in „erotischen
2141 2643 2683 2709 sich amterikanische Papierg
932 2648 2129 2703 Stoffen arbeitet“, hat in seinem neuesten Werke dasselbe Pro¬
2164 2687 2667 2741 auf steigenbe Einnahmen
926 2682 2140 2737 biemn behandelt wie Sudermann in seinem Schauspiel: Es lebe
2153 2724 2680 2771 den meisten Tagen in still
939 2734 2136 2788 das Leben! Das Leben ist nach Schnitzler das höchste aller
2163 2770 2675 2820 Schluß der Woche auf Pari
944 2769 2138 2816 Güter; deshalb folgt Marie dem Rufe des Lebens und darum
2166 2798 2683 2879 delt, heimische Anleihen gut
936 2806 2136 2859 wird auch den blauen Kürassieren das Sterben so schwer.
950 2842 2138 2895 Denn die Offiziere — die Handlung spielt in Wien um die
2231 2854 2642 2930 Neue Boden=A.=G.
943 2889 2152 2940 Mitte des vergangenen Jahrhunderts — haben, um eine alte
2166 2903 2690 2970 laufene Geschäftsjahrauf denz
945 2928 2143 2976 Schmach ihres Kürassierregimentes mit ihrem Blute zu til¬
2160 2953 2675 3015 Die Gesellschaft war in b.
934 2966 2149 3016 gen, den Eid geschworen, in der nächsten Schlacht alle bis
2162 2989 2665 3047 größeren Teil mit gutem
935 2998 2132 3059 auf den letzten Reiter in den Tod zu gehen. Um diesen Ent¬
2161 3034 2682 3102 Konto entnehmen wir folg
942 3038 2137 3097 schluß dreht sich die ganze Handlung, die in drei unsäglich
2159 3066 2654 3125 36 412 839 M. hat sich
948 3080 2141 3127 langweiligen Akten auseinandergezerrt ist und sich aus lauter
2157 3097 2651 3158 2071 044 M. vermindert.
950 3115 2149 3176 Unwahrscheinlichkeiten zusammensetzt. Judem enthält das Stück
2163 3149 2599 3203 Zugang 2219704 M.
946 3153 2140 3211 nicht eine einzige sympathische Persönlichkeit: die beiden Mäd¬
2160 3175 2634 3239 Hypotheken=Forderungen
935 3194 2144 3249 chen, die durch ihre Zärtlichkeiten zwei Kürassieroffizieren die
2163 3222 2697 3281 Anlagen in Konsortialbetei
935 3243 2138 3290 letzten Stunden versüßen, sowie die ehebrecherische Gatrin des
2164 3263 2667 3312 Hypotheken=Interesses hat
940 3271 2146 3327 Obersten, sind nymyhomanisch veranlagt, und das Offizierkorps,
2165 3291 2682 3360 im Gesamtwerte von 4305
944 3314 2146 3383 scheint, wenigstens nach den drei uns vorgeführten Exem¬
2160 3345 2695 3398 wie 13 Hausgrundstücke an
933 3347 2136 3424 plaren zu schließen, nur aus Lumpen und Schuften zu be¬
2163 3389 2672 3438 Nutzen verkaufen könnte.
936 3397 2147 3453 siehen, die sicher nicht in den gewissen Tod gehen würden.
2162 3415 2678 3473 einem Betrage von 2 904 50
944 3434 2144 3486 Wir kommen auf dieses künstlerisch total mißlungene und
2142 3459 2665 3516 Das Effekten=Konto steht
935 3474 2144 3545 moralisch direkt anwidernde Drama noch eingehend zurück.
2155 3492 2657 3559 um 368 525 M. niebriger
1916 3511 2113 3566 J. St-g.
939 3526 1029 3601 42
2159 3524 2695 3589 zeichnet das Aktienkapital
1012 3562 2132 3621 Apollo=Theater. Zum letzten Male in einer Familien¬
2168 3575 2677 3630 493 032 M., die Schuldverf
946 3604 2143 3653 vorstellung, welche heute Nachmittag, 3 Uhr, zu bedeutend
2171 3620 2677 3660 verschreibungen=Agio (unve¬
940 3649 2153 3706 amnäßigten Kreisen stattfindet, treten die Attraktionen des großen
2013 3655 2683 3725 ###n An rückständigen Dividende
2483 3693 2678 3745 —aat.
