3436 4352
179 211 1963 297 19. Der Ruf des Lebens box 24/3
495 1049 1207 1146 Wien, I., Condorurer.
692 1125 1126 1196 Vertretungen
369 1170 1449 1240 in Berlin, Budapest, Chicago, Christiania, Genf, Kopen¬
368 1222 1462 1303 hagen, London, Madrid, Mailand, Minneapolis, New-Vork,
407 1261 1425 1335 Paris, Rom, San Francisco, Stockholm, St. Petersburg.
706 1304 1125 1365 (Quellenangabe ohne Gewähr).
360 1351 1534 1465 Ausschnitt augggsische Zeitung, Sernin
356 1448 855 1534 vom: 21 12./900
421 1555 1555 1595 Eine Schnitzter=Aufführung. Wien, 16. Dezember. (Eig.
313 1577 1569 1625 1 Mitt.) Arthur Schnitzlers „Ruf des Lebens“ — ein Schauspiel,
334 1682 1546 1722 das vor einigen Jahren in Berlin nicht viel Glück gehabt — wurde
328 1714 1531 1766 am 11. Dezember im Deutschen Volkstheater mit gutem Erfolg und
338 1753 1540 1813 wohlwollender kritischer Nachrede aufgenommen. Verhindert, dieser
334 1795 1539 1843 Wiener Ur=Aufführung beizuwohnen, hat Ihr Referent sich gestern
335 1830 1535 1868 die dritte Wiederholung des Schauspiels angesehen und sich abermals
337 1867 1533 1927 die oft im stillen gehegte Frage vorgelegt, ob die Kritiker, zum
337 1909 1537 1954 mindesten probeweise, nicht spätere Aufführungen statt der
343 1939 1539 1986 stürmischen ersten mitmachen sollten. „Premieren“, deren wider¬
333 1990 1531 2044 liches Treiben ein großer Theaterkennener, der jüngere Dumas, in
331 2021 1541 2086 seinen Entr'actes scharf als alter Praktikus beschrieb, mit allem?
340 2063 1539 2117 häßlichen Drum und Dran scheinheiliger Nebenbuhler und Neider,
341 2097 1532 2158 ehrlicher Feinde, überschwenglicher Freunde usw., lassen häufig die
342 2135 1549 2213 Hauptsache, das sind unbefangene Zuhörer, vollkommen vor der
332 2169 1526 2221 Tür; so dichtgedrängt ist das Haus besetzt mit Berufskritikern und
333 2216 1530 2278 den Leuten, die überall dabei gewesen sein müssen, der Lohnklatscher
330 2250 1530 2302 und gedungenen oder freiwilligen Zischer ganz zu geschweigen. Die
332 2292 1531 2351 Stimmung des ausverkauften Hauses beim „Ruf des Lebens“ war
334 2334 1533 2395 am dritten Abend vollkommen der Empfindung ihres Referenten gemäß
327 2375 1523 2421 lau, zuwartend. Schnitzler hat im Vorjahr mit einer köstlichen Neu¬
329 2410 1537 2473 belebung seiner „Liebelei“ und der übermütigen Komtesse Mizi im
339 2450 1526 2496 Deutschen Volkstheater einen so bedeutenden verdienten Sieg davon¬
338 2493 1530 2535 getragen, daß man dem so redlich schaffenden Dichter die Wahrheit
327 2523 1519 2586 nicht zu verschleiern braucht. „Der „Ruf des Lebens“ hat gute
332 2569 1524 2627 Einzelheiten; der erste Akt ist die tüchtige Leistung eines begabten
328 2604 1529 2667 Charakteristikers; die Fabel — die freiwillige Todesweihe eines
328 2642 1522 2702 ganzen Regiments zur Sühne einer vor 30 Jahren durch die Feigheit
321 2681 1530 2737 eines Rittmeisters verschuldeten Niederlage — ist ebenso absurd, wie
320 2726 1536 2766 seinerzeit im „Freiwild“ das vertrauliche Auerbieten der geguerischen
328 2763 1529 2815 Duellzeugen an den widerspenstigen Geforderten, sie würden die
328 2795 1522 2848 Pistolen gar nicht laden. Entweder — oder! Militärkomödien muß
323 2836 1526 2885 man ja nicht schreiben. Wenn aber, dann darf die Willkür nicht
311 2877 1534 2931 zum Widersinn werden. Welches Offizierkorps der Welt könnte so
314 2914 1541 2962 pflichtvergessen sein, sich unter allen Umständen zum Selbstmord aller
313 2953 1538 3005 aus falscher Bravour zu verdammen, statt es von vornherein auf
312 2988 1524 3049 das Gewinnen der Schlacht anzulegen? Wäre ein solcher von
315 3020 1526 3092 Schnitzler ernsthaft vorausgesetzter Schwur des Obristen
316 3058 410 3115 mit
445 3059 1101 3135 seinem ganzen Offizierskorps
1119 3070 1243 3137 nicht
1253 3069 1531 3128 die ärgste
318 3107 1527 3168 Pflichtvergessenheit gegen den Fahneneid? Ich ereifere
317 3152 1529 3194 mich unnütz: der schlichte Sinn des Theatergänger des dritten
308 3191 1529 3244 Abends war, von jedem Snobismus ungetrübt, rarlos diesem
322 3228 1520 3275 Hauptmotiv gegenüber. Auch die grellen Vorgänge im Kasernen¬
314 3260 1524 3330 zimmer des von der Obristin und der vatermörderischen Rittmeisters¬
317 3306 1511 3355 tochter zugleich umworbenen Leutnants verblüfften. Weshalb einem
320 3342 1528 3400 Könner wie Schnitzler verhehlen, daß er sich mit dem „Ruf des
318 3381 1541 3454 Lebens“ verhauen hat und zwar als ein tüchtiger Künstler gleich ganz
315 3416 1525 3467 tüchtig verhauen hat? Daß in dem verfehltesten Werk Schnitzlers
322 3464 1527 3518 zwischendurch Auregendes, Feines, in seiner Art Einziges vorkommen
312 3497 1519 3547 muß, bedarf keiner besonderen Hervorhebung. Desto mehr die Dar¬
309 3539 1519 3580 stellerin der Vatermorderin: Frl. Hannemann hat ihre Aufgabe
318 3579 1512 3627 mindestens ebenso rühmlich bewältigt, wie im vorigen Spieljahr die
309 3610 1525 3665 Hauptrolle in der „Liebelei". Sie gefiel mir sogar noch besser,
307 3660 1519 3706 weil sie diesmal den leifesten Anklang der Wiener Mundart ver¬
311 3693 1529 3764 meiden konnte. Ob und wie lange „Der Ruf des Lebens“ in Wien
301 3729 1121 3786 nachhallen wird, muß die Zeit lehren. —m.
1918 1230 2864 1302 lastet, daß es an der Spree, bei dem Zusammen¬
1923 1277 2798 1340 stoße mit dem Berliner Publikum sofort sank.
1963 1313 2877 1380 Ueber Wedekinds „Musik", die selisamste
1913 1340 2879 1421 Mischung von Kraft und Ohnmacht, von schnei¬
1915 1410 2878 1465 dender Klarheit und schwankender Verwirrung,
1917 1437 2884 1506 über die feelischen Gedankenblöcke, die da hinge¬
1912 1497 2881 1548 schleudert sind und auf einmal wie klotzige Hin¬
1917 1539 2869 1596 dernisse dem Dramatischen den Weg versperren,
1912 1578 2888 1639 über dies Werk, das wie ein Krater in einem
1918 1629 2874 1678 Zuchthausakte explodiert, um dann manchmal dem
1922 1674 2876 1720 Dichter selbst in Rauch und Stank den Atem zu
1922 1707 2885 1784 benehmen — über dies Erhaben=Lächerliche, über
1922 1756 2873 1812 diese dem eigenen Dichter durchgegangene Poesie
1917 1803 2880 1861 wäre vieles zu sagen. Aber doch erst, wenn es
1917 1853 2880 1905 von Schauspielern uns vorgeführt wird. In
1918 1886 2876 1952 Wien haben darin ein gleichgültiger Dilettant
1907 1932 2883 2009 und eine unmögliche Dilettantin gastiert; sie hei¬
1907 1975 2553 2056 ßen Frank und Tilli Wedekind.
2491 2009 2859 2092 Ludwig Bauer
2169 2027 2255 2090 9
2231 2061 2647 2151 BAL
1980 2087 2681 2233 Theater und Musik
1975 2215 2850 2309 Mulikfeste auf der Ausstellung
2180 2272 2614 2351 München 1910
1949 2304 2877 2396 * Die Vorarbeiten für die großen musikalischen
1910 2374 2870 2429 Veranstaltungen im Rahmen der nächstjährigen
1910 2414 2880 2475 Ausstellung sind nun soweit gediehen, daß ein
1908 2452 2886 2518 Ueberblick geboten werden kann. Durch den Um¬
1915 2483 2878 2549 hau der Prinz=Ludwig=Halle, nach Plänen von
1923 2540 2883 2592 Professor Theodor Fischer, wird eine Musik¬
1920 2575 2880 2617 festhalle größten Stiles geschaffen. Das
1919 2615 2880 2667 Amphitheater faßt über 3200 Sitzplätze, das Po¬
1908 2649 2880 2713 diem mit einem großen Orgelwerk bietet 1000 ans¬
1902 2692 2880 2755 ührenden Musikern und Sängern Raum. Die
1920 2734 2878 2789 neue Festhalle wird anläßlich der Eröffnung der
1920 2771 2874 2817 Ausstellung durch ein Festkonzert eingeweiht
1914 2811 2872 2869 werden, dem Mitte Mai eine dreitägige Robert¬
1918 2849 2876 2907 Schumann=Frier folgen wird. Geplant sind
1911 2890 2871 2943 Choraufführungen, ein Orchesterkonzert und zwei
1920 2924 2865 2978 Kammermusik, und Liedermatineen. Ende Juni
1921 2961 2877 3015 folgen die bereits angekündigten Fest=Konzerte der
1912 3005 2870 3069 Richard=Strauß=Woche mit den Wiener
1923 3046 2868 3093 Philharmonikern im Zusammenhang mit
1913 3082 2873 3128 den Festvorstellungen im Prinz=Regenten¬
1913 3116 2869 3169 Theater unter Leitung der Generalmusikdirek¬
1920 3163 2865 3212 toren Felix Mottl, Ernst v. Schuch und
1913 3200 2882 3245 Richard Strauß Im August soll sich der
1910 3238 2873 3295 Beethoven =Brahms =Bruckner= Zy¬
1918 3274 2872 3327 Ilus des Konzert=Vereins unter Ferdinand
1918 3314 2901 3373 Löwe angliedern, dessen Daten sich wie im Vor¬1
