3436 4352
1571 236 2036 341 box 24/3
900 247 949 318 d
263 244 1417 350 19. Der Ruf es Lebens
718 723 1777 790 — 2e Lagesbblen and 1.—.— — ——
1833 831 3027 916 schlichte und ruhige Güte, die an seinen und manchmal so¬
163 830 1820 920 Desertion und Flucht Es ist bezeichnend für die schwächliche, unwürdige Abhän¬
1834 906 3042 964 gar an Sonnenthals Weiring erinnerte, Weisse
160 897 1823 965 nichts wissen. Plötzlichgigkeit von Berlin, in der sich Wien gegenwärtig in thea¬
164 956 1822 1017 nster der parterre ge-tralischen Dingen befindet, daß wir drei Jahre lang war¬
1835 958 3041 1012 als Oberst war entsprechend knapp und gemessen, — nur
1832 1011 3042 1060 Homma war für den grillig=boshaften Neunundsiebziger
162 1014 1824 1069 nhof hinausgeht: der #ten mußten, bis „Der Ruf des Lebens“ nach Wien drang,
154 1058 1828 1109 irgwöhnend, steht im hier gehört wurde und lautes Echo weckte. Was Berlin
1833 1056 3046 1110 zu jung und zu freundlich, und fürs Publikum etwas zu
169 1107 1815 1166 kurz vorher auf eine sagt und entscheidet, ist heilig. Keinem unserer Direktoren
1846 1110 3039 1155 leise, und auch Edthofer, der bei Shaw unlängst so
176 1151 1822 1210 hat: „Ich darf ank ist die Kühnheit geläufig, vom Urteil des Berliner Pre¬
1839 1150 3039 1220 unvergleichlich war, enttäuschte etwas, weil er zu flüsternd
169 1200 1828 1259 Trotzig und höhnend mierenpublikums kühl lächelnd abzusehen, selbständig nach¬
1847 1208 3034 1272 und zu zurückhaltend war. Der Erfolg des Dramas war
160 1242 612 1308 l was starrst du mich
622 1254 1815 1318 zuprifen und, was er als gut befindet, unbekümmert um
1838 1249 3052 1306 laut und ohne jeden Widerspruch, am stürmischesten nach
162 1294 609 1360 k's? Schade, daß deine
635 1301 1829 1352 auswärtigen Mißerfolg, aufzuführen. So dürfte zum an¬
1839 1302 3052 1371 dem effektreichen zweiten Akt, nach dem sich Schnitzler zehn¬
162 1343 609 1412 laben als deine Lügen.
631 1352 1829 1405 deren Beispiel das beste Drama Max Halbes „Das tau¬
1836 1359 3039 1438 mal vor seinen treuen Freunden und Verehrern vernei¬
154 1396 614 1477 e.) Irene fällt tot zu
626 1396 1828 1454 sendjährige Reich“ sein; weil es aber in Berlin nicht zwei
1839 1401 2109 1470 gen konnte.
178 1443 615 1515 „Nun an mich. Herr
628 1447 1836 1501 Aufführungen überstehen konnte, ist es für Wien gar nicht
2371 1429 2507 1534 *
633 1498 1837 1546 geschrieben, obwohl hier in unabgerissener Reihe „Die
168 1528 622 1606 kant. — Nur bitte ich
626 1544 1848 1613 Jugend“, die „Lebenswende“, „Der Strom“, „Das Haus¬
154 1585 617 1659 dmöglicherweise mor¬
626 1596 1834 1652 Rosenhagen“ und anderes gespielt wurden; ebenso wagt
168 1637 619 1706 eckt wird, und, da ich
627 1647 1829 1709 sich kein Wiener Theater an Halbes „Zweites Gesicht“
163 1685 618 1752 rscheinlich nichts mehr
625 1698 1846 1742 an seine „Insel der Seligen“ oder an seine „Blauen:
161 1737 607 1809 hmen. Es wird Ihnen
631 1740 1841 1808 Berge“ Oh, mangelnde Initiative . .. Der jüngste Ver¬
176 1784 603 1849 das Lügen gewohnt.“
624 1792 1844 1851 lagskatalog von Schnitzlers Verleger S. Fischer zeigt,
167 1836 619 1912 nschlicher gewesen, es
625 1839 1840 1911 wie blind das Lesepublikum die Meinung der Berliner
632 1895 1843 1939 Premierenweisen nachbetet. Während die Auflagenzahl der
175 1919 619 2018 .Aber das laa nicht
633 1939 1842 2012 meisten anderen Dramen des Dichters drei, vier, fünf,
621 1986 1841 2045 sieben, neun beträgt, hat es „Der Ruf des Lebens“ nur
158 2010 612 2100 kein zurück und greift
635 2042 1839 2088 auf zwei Auflagen gebracht. Vielleicht wird sich das än¬
203 2082 621 2148 In diesem Augen¬
631 2086 1843 2164 dern nach dem schönen Erfolg, den das Drama voriges
630 2136 1846 2217 Jahr in Prag, und nach dem noch schöneren, den es jetzt
170 2132 621 2201 ung hervor, totenblaß
627 2189 1130 2251 in Wien erfochten hat.
171 2187 610 2249 Worten stellt Max ihr,
2746 2203 3040 2300 Telephon 12.8
164 2232 626 2300 ch töten muß, ehe die
691 2207 1843 2297 Das abweisende Benehmen der Berliner und der
187 2292 612 2351 bleibt: „Ich bin ge¬
623 2284 1846 2343 Leser ist aber nicht ganz grundlos. Es schöpft seine Be¬
170 2341 617 2401 neinen Arm, hüllt sie
635 2333 1841 2408 rechtigung, wahrscheinlich unbewußt, daraus, daß „Der Ruf
2243 2286 2864 2439 „OBSERVER“
165 2380 614 2449 antel und eilt mit ihr
631 2385 1845 2437 des Lebens“ nicht ein straff und normal gebautes Drama
164 2431 612 2497 sich versperrend. „Die
639 2430 1847 2503 ist, sondern in zwei fast völlig voneinander unabhängige
2031 2430 3132 2514 l. österr. behördl. konz. Unternehmen für Zeitungs-Aueschaltte
629 2485 1835 2545 Einakter und einen angehängten Epilog zerfällt. Der erste
174 2480 619 2555 ie liegt auf dem Fuß¬
2155 2494 2997 2592 Wien, I., Concordiaplatz 4.
169 2523 614 2613 ille... Ferne Trom¬
635 2534 1843 2597 Einakter, etwa „Der Ruf des Lebens“ zu betiteln, ist die
2357 2572 2800 2647 Vertretungen
634 2577 1844 2638 Geschichte des jungen Mädchens, das sich von dem kranken
2031 2610 3107 2682 in Berlin, Budapest, Chicago, Christiania, Genf, Kopen¬
169 2612 614 2697 Leben gefunden, dessen
628 2640 1839 2697 alten Vater peinigen läßt, bis es seine ungestümen Wünsche
2024 2678 3116 2743 nagen, London, Madrid, Mailand, Minneapolis, New-Vork.
630 2680 1849 2745 dazu treiben, den Vater durch Gift zu töten und hinaus in
159 2686 618 2748 ge Wochen später nicht
2060 2715 3066 2779 Paris, Rom, San Francisco, Stockholm, St. Petersburg.
174 2725 617 2806 Nacht erfahren, was
627 2735 1840 2801 die Nacht zu stürmen. Niemand empfände einen Mangel,
2360 2751 2791 2820 (Quellenangsbe ozse Gewähr).
620 2775 1837 2838 wenn der Vorhang nach diesem Einakterakt endgültig fiele.
163 2780 608 2843 gen und Nächten ge¬
2034 2797 2414 2877 Ausschnitt aus:
175 2835 620 2894 wie Frauen betrügen,
636 2839 1838 2895 Streicht man im zweiten Akt die vierte Szene, in der
174 2878 613 2944 n, habe gesehen, wie
635 2879 1837 2948 Marie ins Leutnantzimmer stürmt, und die zehnte, in der
2091 2870 2282 2963 SOE1 19
2027 2931 2168 3002 vom:
2268 2857 2956 3003 Wiener Salonblatt
180 2927 612 3011 töten. Und was ia
623 2931 1835 2996 sich Marie und Max verbinden, so ist ein neuer, ganz abge¬
177 2971 554 3042 eigenen Schicksal
627 2981 1833 3040 schlossener Einakter da, der etwa „Vorabend“ heißen
2279 2978 2874 3083 Die Theaterwoche.
167 3021 619 3098 keit und meine eigene
631 3026 1830 3086 könnte. Lauter neue Menschen treten auf, eine ganz andere
166 3072 331 3141 fand?
627 3078 1834 3134 Welt öffnet sich. In der Kaserne, am Abend vor dem
346 3078 624 3141 ... Es muß
2018 3061 3254 3153 = Der Ruf des Lebens=, Schauspiel in drei Aufzügen von
170 3124 620 3185 esen, wie kein mensch¬
634 3115 1830 3185 Auszug in den Krieg. Der Leutnant wird mit seinem
1901 3123 3249 3222 Artur Schnitzler, wird (im Deutschen Volkstheater bald
187 3173 620 3240 wie keines, — bin
634 3173 1830 3236 Unteroffizier vertraulicher als sonst, er erörtert mit einem
1904 3175 3253 3247 verhallen und das mit Recht. Denn es ist eine peinliche, wenig
175 3220 579 3291 Schmerzen ersehnt, —
635 3226 1827 3282 Kameraden die naheliegenden Probleme von Tod und
1901 3226 3253 3306 originelle, dafür aber mit dem ältesten Rüstzeuge der Bühnenmache
190 3271 610 3340 die man sich genom¬
625 3273 1831 3333 Leben, Bedeutung des Vaterlandsbegriffes, von Zweck oder
1914 3277 3246 3354 und alter plattgeredeter Philosophie gearbeitete Dichtung. Viel besser
188 3322 624 3384 habe das Leben ge¬
624 3323 1826 3379 Sinnlosigkeit des Krieges und dergleichen mehr Dann
1905 3335 3246 3398 als ihre Rollen: die Herren Weisse, Homma, Kutschera, Kramer
189 3371 619 3436 seiner Seligkeit, in
632 3368 1828 3431 kommt des Obersten Frau, zuletzt der Oberst und mit ihm
1911 3373 3246 3451 und Klitsch und die Damen Hannemann, Müller und Thaller. Gar
176 3417 619 3486 entgegen.“ So spricht
638 3422 1834 3478 die Abrechnung. Mit Maxens Selbstmord, während sein
1911 3411 3257 3494 nicht am Platze Herr Edthofer diesmal, und wie meistenteils Frl.
164 3468 617 3545 gnisvollen Abenteuer¬
628 3470 1829 3523 Regiment mit fliegenden Fahnen und unter klingendem
1922 3494 2102 3563 Pellar.
176 3520 617 3584 natürlichen Tod
629 3520 1837 3580 Spiel ins Feld zieht, könnte dieser zweite Einakter
182 3570 624 3636 Nordtat gerettet hat.
628 3567 1836 3631 schließen, wie Hartlebens „Rosenmontag“. Wieder würde
1832 3591 1919 3683 2
627 3621 1831 3681 niemand irgendein Defizit #ühlen. Durch Mariens Ge¬
202 3612 624 3670 auch die schreckliche
628 3666 1836 3726 stalt werden die zwei Einakter lose verknüpft. Und weil
196 3670 618 3732 „Gemordet hatt' ich
622 3711 1922 3773 damit weder der Theaterabend, noch das übliche dreiattige K
192 3715 615 3784 tmir leben — nicht
637 3756 1903 3824 Schema erfüllt wäre, folgt ein dritter Akt, der nur ein s9
192 3765 579 3825 fleht' ich ihn an. —
633 3809 1843 3862 dialogischer Epilog in lyrisch gehobener Rede ist, aber weder
197 3815 615 3879 t ins Dasein hinaus
634 3859 1836 3922 frühere Fäden weiterspinnt, noch neue knüpft. Instinktiv
193 3861 619 3929 er ist gegangen, sich
1847 3893 1914 3961 C
640 3906 1830 3967 merken das manche Zuschauer und werden widerhaarig.
179 3910 627 3968 die ihm so wenig be¬
1839 3939 1927 3998 2.
639 3951 1835 4017 Ader dieser unbehebbare Baufehler des Dramas — es
181 3958 624 4028 e Kraft gehabt, sich zu
629 4007 1835 4068 war viel davon die Rede, daß Schnitzler für die Wiener
182 4008 623 4074 heimgekehrt und hat
635 4052 1841 4114 und die ihr vorangehende Prager Versuchsaufführung das
207 4054 623 4127 teinen Doppelselbst¬
1842 4091 1911 4167 L
634 4101 1834 4169 Stück ganz umgearbeitet habe; die Aufführung zeigte,
206 4107 616 4172 blauen Kürassieren
1443 4157 1513 4198 und
1250 4150 1325 4223 B
921 4153 1050 4205 Minde!
