3484 4256
1471 246 1975 336 box 24/3
208 245 1364 359 19 Der Ruf des Lebens
1215 1680 1594 1765 Telephon 12.801.
609 1816 711 1898 a
728 1769 1352 1918 „OBSERVER“
515 1896 1602 1961 # österr. behördl. konz. Unternehmen für Zeitungs-Aussehnitte
633 1971 1475 2056 Wien, I., Concordiaplatz 4.
839 2034 1269 2111 Vertretungen
505 2076 1598 2158 in Berlin, Budapest, Chicago, Christiania Genf, Kopen¬
512 2140 1598 2190 hagen, London. Madrid, Mailand, Minneapolis, New-Vork,
547 2181 1554 2221 Paris, Rom, San Francisco, Stockholm, St. Petersburg.
835 2223 1249 2282 (Quellenangabe ohne Gewshr).
890 2182 1740 2334 Mlustärte K-onon-Zeisusk, Wi
497 2273 879 2351 Ausschnitt aus:
501 2354 891 2440 vom: 2. 12.1909
631 2474 1527 2598 Theater und Kunst.
590 2579 1562 2649 (Premièren von gestern.) Im Deutsch
501 2616 1659 2713 [Volkstheater fand gestern Schnitzlers Echäh.
1346 2683 1673 2754 hlendes
501 2685 1243 2777 spiel „Der Ruf des Leben
493 2738 1637 2827 Stück, das uns eine Galerie dem Tode geweihter per¬¬
500 2798 1638 2874 sonen vorführk — dank der vorzüglichen Darstellung
505 2859 1626 2930 (der Damen Hannemann, Müller und Mar¬
499 2884 1648 2979 bergsowie der Herren Homma, Edthofer,
487 2946 1654 3020 Kukschera, Weisse und Kramer) starken Erfolgz
485 2994 1660 3096 — Im Theater in der Josefstadt übte Heinrich Schroß
2789 375 2905 461 *
2284 405 2786 521 ro.-
2714 475 3091 565 Telephon 12.801.
2839 582 2909 650 4
2265 575 2835 723 JBSERVER
2191 710 3087 783 ördl. konz. Unternehmen für Zeitungs-Ausschnitte
2120 758 2978 853 Wien, I., Concordiaplatz 4.
2337 832 2768 912 Vertretungen
2039 887 3086 952 n Berlin, Budapest, Chicago, Christiania, Genf, Kopen¬
2002 937 3090 1002 hagen, London, Madrid, Mailand, Minneapolis, New-Vork,
2050 976 3055 1052 Paris, Rom, San Francisco, Stockholm, St. Petersburg.
2345 1021 2775 1073 (Quellenangabe ohne Gewähr).
2007 1074 2379 1158 Ausschnitt aus:
2509 1102 3107 1204 sches Volksblatt. Wi
2383 1115 2483 1210 00
2012 1181 2145 1245 vom:
2189 1171 2568 1280 (9##1000
2026 1293 3121 1370 Theater, Kunst und Literatur.
2104 1371 3135 1447 Deutsches Volkstheater. Der gestrigen Novität,
2015 1435 3135 1481 dem dreiaktigen Schauspiele „Der Ruf des Lebens“ von
2027 1472 3147 1521 Artur Schnitzler, wurde vom Publikum ein lärmender
2028 1517 3145 1584 Erfolg vere#ann aber nicht darüber täuschen, daß
2014 1562 3160 1621 es ein recht schwaches, Stück ist, das der früher so pro¬
2024 1605 3154 1654 duktive Autor nachslängerer Pause wieder von sich gegeben
2025 1650 3140 1696 hat. Und um dem Publikum wieder einmal etwas sagen zu
2014 1693 3150 1744 können, hat Herr Schnitzler außerdem noch eine
2023 1739 3142 1790 so gründliche Um empelung seiner bisherigen Individualität
2007 1780 3138 1830 vorgenommen, daß er kaum wieder zu erkennen war. Seine
2012 1821 3148 1874 Freunde — und sie haben sich alle eingefunden — konnten
2021 1860 3161 1925 aber dadurch nicht aus der Fassung gebracht werden. Wenn das
2017 1914 3057 1967 Stück anonym aufgeführt worden wäre, hätten sie
2023 1957 3164 2022 wahrscheinlich in Grund und Boden gezischt; weil sie aber
2012 2005 3058 2069 den Autor kannten, rauschte eine Flut von Beifall auf
2011 2038 3149 2094 Bühne nieder, wie wir ihn in solcher Reichlichkeit schon
2014 2087 3143 2151 lange nicht zu konstatieren Gelegenheit hatten. Schnitzler,
2010 2126 3145 2186 einer der Allermodernsten, arbeitet diesmal mit Mitteln, die
2004 2176 3148 2238 so alt und abgebraucht sind, daß sie, wenn sie ein anderer
2024 2233 3144 2275 anwenden würde, wahrscheinlich als verstaubtes dramatisches
2029 2265 3137 2316 Rüstzeug einer längst vergangenen Zeit verlacht werden würden.
2023 2306 3131 2353 Mit dem Titel „Der Ruf des Lebens“ steht die Handlung
2025 2354 3148 2409 in dem allergraffesten Gegensatze. Jeder der drei Akte endet
2025 2397 3149 2458 mit dem sich auf offener Szene ereignenden Tode eines der
2017 2437 3143 2497 Hauptdarsteller, außerdem hören wir von einem Selbst¬
2017 2484 3137 2525 worde und zu allem Ueberfluß wird auch noch ein ganzes
2018 2522 3145 2575 Kürassierregiment in den Tod geschickt, weil es dem Autor
2025 2571 3144 2636 so gefällt. Den Ruf des Lebens nennt Schnitzler den Durst
2022 2625 3142 2689 nach dem Genusse, der insbesondere den befällt, der durch
2018 2656 3144 2717 die Verhältnisse zur Enthaltsamkeit gezwungen wird
2013 2701 3125 2757 Ein junges Mädchen (Fräulein Hannemann) bringt
2011 2742 3135 2798 seine Jahre damit hin, einen alten Vater (Herr¬
2022 2786 3152 2855 Homma) zu pflegen, der der Tochter jede
2022 2834 3145 2902 freie Stunde, jedes harmlose Vergnügen neidet
2022 2878 3130 2929 Der Alte ist einst Rittmeister gewesen und nahm dann der
2016 2908 3142 2985 Abschied. Er trägt die Schuld, daß sein Regiment, die
2015 2965 3147 3017 blauen Kürassiere, in einer entscheidenden Schlacht schmählick
2011 3009 3144 3074 geflohen ist. Der Ruf des Lebens hat ihn damals zun
2022 3053 3139 3108 Feigling gemacht. Das heiße Blut treibt das Mädchen for¬
2022 3092 3137 3151 aus der Krankenstube, aber der Alte versperrt die Türe
2013 3135 3126 3197 die in die Freiheit führt. Da gießt ihm die Tochter in das
2012 3186 3107 3234 Glas Wasser, das er verlangt, das ganze Fläschchen dei
2026 3242 3006 3283 Schlaf bringenden Tropfen, die der Arzt verordne
2016 3273 2973 3325 so daß er tot hinsinkt. Nun eilt sie fort in die Kaf
2019 3315 2977 3371 dem jungen Offizier, der sie in einer einzigen dur
2016 3359 2972 3412 Nacht lieben gelernt hat. Der junge Leutnan
2012 3401 2988 3455 Kramer) gehört dem „blauen“ Regimentea
2012 3448 3011 3504 cinstens seine Fahne schändete und das jetzt, da es
2008 3489 3048 3536 auf den Kriegsschauplatz abgeht — das Stück spielt um
2021 3531 2668 3594 Mitte des vorigen Jahrhundertes
2672 3533 3033 3597 — beschlossen hat,
2018 3572 3072 3628 einem verlorenen Posten zu kämpfen, um das bemake
2010 3619 3148 3676 Ehrenschild wieder rein zu waschen. Das heißt, man weiß
2008 3647 3141 3717 ggar nicht so genau, ob es eine solche Schuld wirklich gegeben
2007 3706 3130 3760 hat, die Regimentsgeschichte führt darüber nichts Genaues
2020 3745 3139 3810 an. Der Oberst (Herr Weisse) will es haben, daß
2010 3789 3138 3851 er und seine Leute dem Tode geweiht werden. Er ist von
2009 3851 3140 3896 der Untreue seiner Frau (Fräulein Marberg) über¬
2014 3881 3142 3943 zeugt, ohne zu wissen, wer ihr Geliebter ist. In der Nacht
2011 3924 3144 3971 vor dem Abmarsche entdeckt er ihn in dem Leutnant, von
2013 3966 3147 4016 dem schon die Rede war. Die Frau Oberst hat sich zu dem
2011 4016 3143 4070 jungen Offizier geschlichen, um ihn zu bereden, seine Pflicht
2007 4052 3134 4106 zu vergessen, und die beiden werden durch den durch das
2017 4090 3131 4157 Fenster eindringenden Kommandeur überrascht. Die ehe¬
2011 4137 2716 4180 brecherische Frau streckt ein
2738 4136 3138 4198 Pistolenschuß des
