3484 4320
354 359 1063 476 Wiener Theater
1383 2448 1593 2517 d’Ora1 Wien
375 2494 878 2577 Arthur Schnitzler
409 2561 1656 2656 Arthur Schnitzlers Schaulpiel =Ruf des Lebense ist
315 2655 1674 2727 aus Fragochemateriaerbaut. Tragilche Einzelschicklale,
314 2711 1663 2807 nur lole durch die Handlung verbunden, Rtehen vor
319 2768 1669 2830 unleren Augen. Die Vorgänge folgen an zweiter
330 2829 1668 2898 Stelle, die ldee, die in ihnen zum Ausdruck kommt,
320 2878 1682 2955 bildet den eigentlichen Inhalt des Dramas. Es ist keine
334 2962 1677 3019 Haupthandlung vorhanden, londern ein Hauptgedanke
322 2995 1676 3091 und alle Perlonen, die auftreten, lind Nebenperlonen:
328 3060 1671 3134 die wirklichen Helden lind die abltrakten Begriffe von
334 3114 1683 3202 Tod und Leben. — Da ilt ein Mädchen, dellen Jugend
325 3195 1673 3250 in der Pflege des kränklichen, nebenbei auch bos¬
331 3225 1684 3317 haften und lozial wertlolen, Vaters verkümmert. Moral
333 3288 1680 3370 und Tradition wollten es lo. Sie ermordet den Vater
331 3370 1685 3433 und findet ihren Weg in Freie, in die Arme des Ge¬
332 3410 1683 3498 liebten. — Eine andere, lungenkrank und frühem Tode
346 3470 1676 3562 geweiht, durchbricht die Schranken, mit denen Eitern¬
335 3518 1676 3611 liebe und Vernunft ihr Dalein iungaben, Rürzt lich in
339 3596 1682 3669 den Genuß, vergeudet in wenigen Freudentagen das
337 3647 1686 3732 ängltlich gesparte Kapital an Lebenskraft, das noch für
340 3712 1678 3786 Jahre einer glücklolen Exiltenz gereicht hätte. — Der
341 3763 1693 3842 Oberit eines Reiterregiments, ein Mann, der leine ltarken
340 3813 1691 3896 Liebes- und Haßinitinkte von der Konvention in Felleln
346 3891 1693 3958 Ichlagen ließ, der lange Zeit den Betrug leines Weibes
345 3947 1695 4038 an ihm nicht lehen durfte, nicht ahnden wollte, er
348 3974 1697 4079 wagt es, mit einemmale der vollen Wahrheit ins
347 4069 1703 4173 Antliß zu lehen und tötet die Frau. Die jähe Wandlung
1615 307 2966 410 bewirkt das Wort vom Tode. Irgendwo ist es zuerlt
1624 397 2956 471 gefallen. Das Regient der blauen Küralliere lolle, eine
1626 434 2959 514 alte Schuuld zu fühnen, bevor es in die Schlacht zicht,
1622 495 2965 587 lich dem Tode weihen. Der Oberlt mag es ausgelprochen
1618 582 2965 632 haben, dellen Leben von Mißtrauen und Eiferlucht unter¬
1633 608 2960 682 wühlt und zerfreilen ist. Mit der Intenlität einer Seuche
1625 683 2967 757 hat die ldee um lich gegriffen. Schon ist der Schwur
1631 732 2964 807 geleiltet, der keinem dieler jungen, kraftvollen Menichen,
1631 796 2963 863 die unter der Fahne des Regiments ausziehen, die Rück¬
1631 842 2963 927 kehr erlaubt. Und lo Reht plötzlich im Leben des All¬
1641 902 2976 992 tages das Gelpenit der Vergänglichkeit. Die Angehörigen
1642 973 2972 1050 des Regiments und alle, die für einen von dielen fühlen,
1645 1017 2979 1102 lehen ihm ins Auge. Der Anblick wirkt entgegengeletzt
1637 1091 2974 1175 jenem des Medulenhauptes; er belebt, das Starre be¬
1640 1140 2975 1228 ginnt lich zu regen, aus der Verlteinerung der Sitte her¬
1646 1195 2980 1273 vor bricht frilches Leben, Jener eilige Hauch, der lekunden¬
1637 1255 2980 1359 lang über die Schicklale der Menichen hinwegging, hat
1649 1313 2994 1387 alle Felleln der Empfindung gelprengt, alle künltlichen
1649 1386 2986 1453 Hemmungen zerbrochen. Zum Umwerter aller Lebens¬
1650 1431 2994 1514 werte wird der Tod; es Ichweigen die Stimmen von
1650 1486 2996 1572 Pflicht, Herkomnnen und Gewohnheit, aber die Sehnlucht
1639 1560 2987 1621 nach dem Glück, die bisher ein leiles Flültern blieb,
1645 1606 2999 1681 Ichwillt an zu einem gewaltigen Schrei: das ilt der Ruf
1650 1678 2995 1754 des Lebems; hier nur ein Echo, das erlt der Ruf des
1655 1721 2990 1818 Todes weckte. — Die ldee ilt zweifellos schön und tief.
1657 1785 2992 1863 Aber lie kommnt nur glaubhaft, nicht zwingend zum Aus¬
1648 1851 2995 1928 druck. Das Rtarke) Verltehen und der dichterilche Takt
1660 1894 2997 1977 Arthur Schnitzlers erlauben ihm, das Große zu behundeln,
1651 1956 2998 2034 und es bleibt groß unter leinen Händen; aber ein Zuviel
1665 2025 3000 2092 an Takt scheint ihm das felte Zugreifen der ldee gegen¬
1667 2075 3001 2171 über zu verwehren. Als ob er vor dielem Stoffe teil¬
1674 2147 3011 2221 weile auf lein künitlerilches Herrenrecht, ihn nach Belieben
2760 3907 2995 3990 ines 1 100
1730 3979 2424 4085 Frank Wedekind: Tartüffe
1731 4060 2094 4138 Schaulpiel von Moliere
2922 4128 3031 4200 221
