3484 4256
904 296 2046 388 des Lebens box 24/3
271 300 901 413 19. Der Ruf
574 660 1790 752 dass er in einer übermütigen Stunde das Schicksal
1867 675 3077 739 Er fühlt sich als den, der allein imstande ist, das Erbe
1866 733 3072 802 des cinst grossen, kriegerischen, jetzt aber hinfälligen und
574 740 1787 797 dieser nach seiner Laune gelenkt hat und muss nun er¬
1860 786 3084 837 immer noch von seiner Schuld geplagten grössten aller
573 779 1786 835 kennen, dass er, welcher der Held zu sein glaubte, der
1877 825 3073 894 Judenkönige anzutreten. Er glaubt an sich und ##n König¬
563 841 1788 901 Narr, der Diemer des Geschickes gewesen ist " Das ein¬
1869 880 3085 952 tum, ob er auch drüber zum Aufrührer, zum Gesellen des
571 878 1786 932 aktige Puppenlustspiel „Der tapfere Cassian ist ein derbes
1869 927 3078 997 hasserfüllten Joah, zum Frevler an seiner Gelieblen Abisag
564 930 1797 992 Stück mit grellbunten Farben, das uns zeigl, wie dem
1877 982 3084 1032 von Sunem, der Pfiegerin Davids, zum Verfluchten, zum
570 985 1785 1041 schmachtenden Flôtenbläser, indes er an einem Degen¬
1873 1026 3088 1089 Narren wird. Er glaubt an sich auch noch, als e unter.
566 1026 1779 1085 stoss stirbt, sein Liebchen mit dem renomierenden Kriegs¬
1879 1069 3086 1139 den Schwertstreichen der Leibwache Salomos fäht. Wohl ist
569 1090 1782 1145 heiden in die bunte Welt entflieht. Alle Minen lasst Schnitz¬
1875 1138 3080 1192 David dem kühnen, tapferen Sohne gewogen wie einst Absa¬
563 1131 1776 1187 ler in der einaktigen Burleske „Zum grossen Würstel
1876 1176 3092 1231 lom, um den er noch immer trauert. Doch die Wage neigt
574 1180 1788 1234 springen. keiner, der Sinn für sprudelnden Humor hat,
1883 1242 3091 1285 sich zu Gunsten Salomos., der hier reichlich schleicherhaft
571 1225 1795 1296 wird diesen Einakter unbefriedigt aus den fländen jegen.
1884 1278 3083 1335 erscheint, trotz seiner stark betonten Kiugheit und Frie¬
661 1278 1788 1330 leinrich von Schullern, dessen Name man¬
1873 1328 3084 1382 densliebe. Dass David sich bei der Wahl des Nachfolgers
575 1319 1791 1403 chem Leser von seinen beiden Romanen Aerzte 1.02, und
1883 1366 3087 1419 hinter Jchovah zurückzieht, scheint mir die schwüchste
577 1372 1801 1432 Katholiken (1904) bekannt sein wird hat unter seinen
1890 1419 3086 1484 Stelle des Dramas zu sein, so sehr auch der gegebene Stoff
564 1425 1791 1490 Schriften erst ein Schauspiel (Die Trichine, 1900) aufzu¬
1884 1474 3094 1546 es nahelegte, ju dazu drängte. Stodte hätte, da er doch
578 1478 1796 1532 weisen. Neuerdings hat er drei Einakter: „Tante Julehens
1885 1519 3092 1586 sonst frei über das Geschehn verfügte, meines Erachtens
577 1524 1798 1585 Diamanten“, „Die Sirene“ und „Satisfaktion“ unter dem¬
1879 1567 3090 1638 die Entscheidung ganz allein in Davids Brust verlegen, hätte
568 1577 1791 1637 Obertitel Genusemenschen (München und Leipzig.
1875 1614 3096 1671 sie offen und sichtbar, nicht hinter einem mystischen
574 1631 1800 1681 Georg Müller, 1906, zusammengefasst. Fr zrichnel uns drei
578 1678 1791 1752 Spielarten der bezeichneten Gattung: den Lebemann, mit
1882 1670 3101 1716 Vorhang fallen lassen müssen. Dadurch väre die Tragik,
1891 1716 3101 1774 das Bewegend-Menschliche noch gesteigert, für Adonia die
570 1722 1797 1784 dem es aus ist, sobald die Geldbörse sich leert und die
1897 1764 3102 1823 Wahl bedentsamer und verantwortungsvoller und or allem
580 1778 1802 1824 Manneskraft zu schwinden beginnt, den armen Teufel, der
1879 1825 3093 1878 das Hinaufschreiten der Zeit, so wie Hebbel es gern seinen
579 1810 1799 1885 um Alkohol und Liebe Weib und Kind verkommen lässt und
1887 1860 3088 1923 Dramen zum Hintergrunde zu geben pflegte vom kriegeri¬
579 1884 1795 1924 während der Ernüchterung zum Mörder wird, den Duell¬
1884 1934 3098 1980 schenl, im Blute watenden David zum weisheitsvollen, vom
570 1932 1792 1981 und Frauenjäger, der sein Leben endet, sobaid man ihm
1878 1961 3091 2015 Frieden träumenden Salomo weit eindrucksvoller geworden.
583 1963 1784 2029 nicht einmal Genugtnung abverlangt. Kunstwert und Le¬
1866 2008 3105 2067 Freilich hätte daun auch Salomo weit mehr als es Stodte
569 2015 1792 2093 bensgehalt sind so gering in dem Ganzen, dass ich eine ein¬
1868 2060 3099 2126 gelungen ist. zu Adonia hinaufgehoben, ja in letzten Grunde
567 2063 1595 2129 gehendere Besprechung nicht von Nôten halte.
1890 2113 3116 2174 ober ihn hinwegsehehen ##erden mücten Dann wärg ein
670 2119 1805 2180 Theodor Ponwe läest in seiner Trasödin von
1881 2151 3099 2227 grosses Drama aus dem Stücke geworden, das socnur
575 2157 1785 2218 Vinzenz Pettmilch“ (München und Leipzig, Georg Müller,
1895 2213 3100 2267 eine psychologische Studie über einen Narren ist. Denn
567 2208 1799 2272 in geschiekter Weise die Händel zwischen Patriziern und
1888 2253 3098 2312 die Gestalt des Adonia verzehrt alles. Wie Salomo „nach¬
580 2256 1801 2312 Bürgersleuten zu Frankfurt-Sachsenhausen aus den Jahren
1894 2313 3104 2363 denklich“, doch nicht im Innersten bewegt, sehen wir ihn
578 2313 1805 2367 1612—1614 vor unseren Augen lebendig werden. Wir schauen
1898 2352 3105 2412 fallen, „in sich verglüht, wie eine Fackel, die sich seibst
583 2366 1793 2416 den markanten Gestalten auf beiden Seiten klar in die
1898 2404 3094 2462 verbrannte“. — Auch uns erscheint es königlich und wahr¬
587 2414 1791 2462 Augen, wir schen das Gewimmei des gemeinen Volkes leib¬
1887 2449 3099 2514 haft gross, an sich und an das Göttliche in eigner Brust zu
581 2459 1807 2520 haftig. Das Schwächste dran ist, was doch das Bedeutendste
1871 2493 3102 2571 glauben. Freilich, wer so schwach ist, wie Stodtes Adonia,
572 2524 1804 2569 sein soflte: Vinzenz Fettmilch, der Kuchenbäcker und Wort¬
1875 2555 3105 2606 so wenig seinen Glauben durch Taten beweist, so blind.
571 2551 1806 2623 führer der aufsässigen Bürgersleute. Einmal: die Sache,
1884 2609 3100 2669 ist, so dem Tode in den Rechen rennt, der ist ein Narr, ein“
579 2603 1788 2677 die er vertritt, trägt ihn nicht hoch genug. Diese Stadt¬
1900 2647 3104 2723 Schwärmer, dessen König glaube auf unsicheren Füssen
575 2645 1799 2706 zänkereien sind zu lokaler, zu unbedeutender Art, als dass
578 2716 1799 2770 sie einem Tragödienhelden zum Boden dienen könnten. Ju,
1895 2707 2680 2771 steht, nicht aber ein tragischer Held.
588 2749 1806 2821 wenn ein ganzes Volk hinter ihm stände, wie hinter den
579 2807 1798 2861 Gracchen! Zum andern ist das Motiv vom rechtsbegehren¬
571 2855 1808 2913 den, ebenso schnell von Vertrauen und Gunst auf den
1875 2856 3101 2924 Aus der Sagenwelt eines untergehenden Volkes
576 2913 1799 2967 Gipfel getragenen, wie von Missgunst und Hass in den Ab¬
2189 2919 2821 3002 (Keltische Sagen)
580 2963 1807 3017 grund gestürzten Volksführer schon so oft und in so ausge¬
2261 2983 2737 3054 Von Hans Benzmann.
585 2997 1794 3057 zeichneter Weise bearbeitet worden, dass nur ganz ausser¬
2341 3037 2653 3113 (Fortsetzung.)
575 3061 1803 3117 gewöhnliche Kraft es neu gestalten kann. Und noch eins
1954 3084 3097 3157 Neuerdings sind zwei Werke erschienen, die sich mit
575 3099 1799 3148 muss ich einwenden. Das Strafgericht, die Reichsacht er¬
1888 3148 3095 3216 der keltischen Sagenpoesie beschäftigen und uns Einblicke
582 3148 1811 3216 scheint wie ein Blitz aus heiterem Himmel, und nicht als
1882 3195 3092 3265 gewähren in das Wesen der keltischen Kultur und der
582 3204 1813 3259 ein notwendiges Gerichtetwerden umn eigner Schuld willen,
1887 3254 3087 3312 merkwürdigen von heroischen und mystischen Vorstellan¬
580 3245 1810 3298 das langsam, drohend, unabwendbar heraufsteigt und nach
1890 3303 3097 3349 gen beherrschten Seele dieses Volkes. Die beiden Bücher
580 3314 1809 3360 dem Schlag befreiend wirkt. Beides eben vermisst man; die
1891 3345 3101 3412 ergänzen einander. Wie ich schon ausführte, haben sich
592 3343 1801 3404 tiefe Erschütterung und nachher die grosse Befreiung. Der
1882 3396 3093 3451 nur spärliche Ueberreste der keltischen Poesie erhalten,
591 3394 1809 3447 Grund dafür liegt in den angedeuteten Mängeln der Haupt¬
1893 3454 3099 3505 d. h. schriftlich. Die alten Sagen und Poesien leben aber
580 3440 1810 3503 gestalt. Wenn ich Theodor Poppe einen Rat geben sollte
1889 3502 3099 3554 noch heute im Volke, ja sie beschäftigen die Bewohner
589 3491 1804 3558 für sein nächstes Werk, dann wäre es der, alle verfügbare
1879 3559 3099 3608 jener öden Moore, Hügelländer und Gestade der schottischen
589 3548 1797 3609 Kraft auf die Hauptgestalt zu konzentrieren und nicht wie¬
1889 3602 3105 3649 Küste, Irrlands und der Hebriden) viel intensiver als etwa
587 3594 1811 3652 der so viel an den Hintergrund zu verschwenden. Es ist
1886 3642 3105 3696 die Sagen unseres Landes unsere heutigen Bauern und
590 3646 1808 3723 immer noch besser, dieser bleibt ein wenig zu blass, als dass
1894 3687 3099 3744 Fischer. Wie ich noch weiter ausführen werde, leben die
581 3696 1035 3777 jene drunter leidet.
1893 3735 3102 3789 Nachkommen der keltischen Urrasse geradezu in den allen
672 3721 1807 3799 Hermann Stodte hat mit seinem biblischen fünf¬
1889 3805 3110 3854 heroischen und mystischen Vorstellungen, sie alle sind
590 3790 1800 3843 aktigen Drama „Königsglaube (Vita, Deutsches Verlags¬
1884 3838 3093 3906 Dichter. Unbewusst beherrscht die Poesie alle Herzen.
592 3837 1805 3887 haus, Berlin) stofflich einen sehr guten Griff gelan. — Im
1875 3890 3110 3957 Nur aufgezeichnet ist wenig davon. Diese Poesien, die wie
585 3905 1802 3976 Mittelpunkte des Dramas steht Adonia, der Sohn Davids.
