3436 4320
817 169 904 243 d
212 172 1361 281 19. Der Ruf Lebens
1108 1174 1477 1258 Telephon 1280.
1178 1270 1336 1355 P#
568 1302 1277 1391 „ODSERVEN
396 1373 1475 1442 I. österr. behördl. konz. Unternehmen für Zeitungs-Ausschnitte
580 1438 1325 1518 Wien, I., Concordiaplatz 4.
799 1501 1117 1569 Vertretungen
408 1554 1476 1608 in Berlin, Budapest, Chicago, Christiania, Genf, Kopenhagen,
409 1598 1492 1657 London, Madrid, Mailand, Minneapolis, New-York, Paris, Rom,
568 1636 1333 1690 San Francisco, Stockholm, St. Petersburg.
751 1676 1166 1741 (Quellenangabe ohne Gewähr.)
405 1735 847 1821 Ausschnitt aus
1289 1758 1499 1848 Zeitung
863 1760 1097 1850 w Perker
411 1829 591 1905 vom:
675 1920 1414 2003 Weniger Erfreuliches ist von unseren!
654 1972 1373 2035 Berliner Theatern zu berichten. Sie fri¬
653 2023 1379 2084 sten ihr Dasein mehr schlecht als recht aus
643 2068 1375 2119 ilten Beständen, und illustrieren die ewige
649 2113 1378 2166 Wahrheit: „Nichts Neues unter der Son¬
643 2148 1372 2208 ne“ das heißt unter ihrem Theaterhim¬
629 2180 1375 2256 mel. Nur die Direktion des „Lessing¬
627 2224 1368 2295 Theater“ übte wieder einmal ihr „Auto¬
634 2277 1385 2341 renrecht“ an Axthur Schnitzler, dem sie
634 2313 1376 2368 nun einmal das größte Versamn schenkt
626 2361 1385 2412 und dem sie sich dankbar verpflichtet fühlt.
1379 2366 1495 2460 18
621 2400 1370 2450 Das Publikum aber girierte diese Ver¬
626 2435 1383 2498 pflichtung nicht und bereitete dem neuen
626 2474 1386 2525 Drama „Der Ruf des Lebens“ eine ganz
631 2519 1394 2585 eklatante Ablehnung. Nohlverdient. Denn
911 2549 946 2584 1
621 2558 1388 2622 das Stück ist jämmerlich schlecht. Mit
619 2603 1401 2655 Colportageromaneffekten sucht es tragische
631 2645 1393 2696 Wirkungen zu erzielen, die einfach ko¬
637 2682 1399 2749 misch sind. Giftmord, Ehebruch, Mord,
626 2730 1384 2773 Selbstmord, Lusttod, Verrath, Dumm¬
634 2767 1399 2822 heit bilden den anmuthigen „Reigen“ des
623 2807 1397 2874 Stückes. Geistvolle Apercus, nachdenkliche
634 2859 1386 2913 Betrachtungen, diese unterstrichen, jene
623 2901 1381 2957 breit ausgesponnen, sind darüber ausge¬
632 2940 1397 2994 streut. Man hört sie gern, nie aber geben
631 2983 1387 3036 sie rohem Stoff edle Form. Hübscher
633 3027 1385 3074 Schmuck ist es, lose Blüthen, und pran¬
628 3057 1380 3120 gendes Laub, mit denen man Festgefügtes
622 3108 1384 3152 kränzen kann. Aber einen ragenden Bau
630 3147 1384 3190 kann man daraus nicht machen. Loses,
628 3189 1382 3240 leichtes Gerank verweht, zum dramati¬
635 3212 1394 3284 schen Bau gehört Quadergestein! Arthur
640 3263 1396 3327 Schnitzler spintisiert zu viel, er hat die
625 3306 1391 3370 gesunde Kraft zu schönem Schaffen ver¬
635 3365 1399 3418 loren. Ich habe seit einiger Zeit wenig
627 3396 1388 3453 Hoffnung, daß er der Bühne noch viel
632 3443 1384 3496 geben wird, denn er will „einsame Wege“
637 3484 1397 3541 wandeln und das muß man können, nicht
638 3520 885 3584 blos wollen.
986 3544 1371 3640 Ulrich Frank.
1503 173 1970 268 box 24/1
2880 1637 3280 1718 Sophokles in einer
1761 1645 2880 1729 Berliner Kunst- und Theaterrundschau.
2874 1687 3312 1758 Vollmöller zur Darste
2474 1717 3310 1796 Berlin, im April. einmal vor; eines de
1843 1762 3297 1835 Die beiden Monate Februar und März brachten mit werke aller Zeiten, eing
1759 1825 3297 1871 Ausnahme des Gastspieles des Moskauer künstterischen die nicht viel größer
1766 1867 3261 1925 Theaters kein theatralisches Ereignis, bei dem sich ein diesem räumlich auf
1770 1909 3296 1964 längeres Verweilen lohmte. Die hervorragenden Leistungen wegten sich die übern
1770 1945 3294 2007 der genannten russischen Schauspielertruppe können die Tragödie, nicht einma
1755 1995 3300 2050 Wiener jtzt selbst beurteilen und was während der letzten geschieden, so daß as
1770 2037 3293 2089 neun Wochen an Neuheiten in den Berliner Theatern schon ihre weit aushi
1759 2079 3308 2148 herauskam, ist bereits fast alles wieder in den Orkus der Pathos der gedankensch
1759 2124 3289 2189 Vergessenheit zurückgesunken. Vor allem Artur Schnitzlers. Was die Regie tun
1765 2164 3292 2230 dilettantisches Machwerk „Der Ruf des Lebens“, das im des antiken Theaters
1771 2221 3295 2273 Lessing=Theater seine Erstaufführung erlebte und den voll= zwar getan, aber sie n
1770 2255 3257 2314 ständigen Geistesbankrott seines Schöpfers unbarmherzig Stimmungsmacherei
1777 2304 3254 2354 aufdeckte. Nicht einmal der ganze Freundesklüngel von vorhang weg und 1
1775 2339 3309 2400 Berlin W. vermochte die Niederlage Schnitzlers zu ver= kürzes Verfinstern des
1772 2383 3304 2432 hindern. Man konnte in dieser Hinsicht wieder einmal ganz schwarzen Gardine, fei
1764 2431 3307 2485 interessante Beobachtungen über die Solidarität und das feuer lodern, gebrauch
1760 2469 3255 2547 Zusammenarbeiten der Wiener und Ber= galische Beleuchtung
1758 2516 3224 2568 liner jüdischen Theater= und Preßclique an= hinter den Kulissen
1772 2560 3228 2622 stellen. So führte beispielsweise das hiesige Schiller= empfundene und er
1772 2607 3286 2661 Theater 0. an demselben Abend, wo das Stück in Wien aber saß ein Publik
1773 2653 3270 2703 seine Premiere erlebte, das fünfaktige Schauspiel „Der Hellas mit seinen
2893 2680 3298 2738 deutet als eine verbl
1771 2692 2882 2740 Vogel im Käfig“ aus der Feder des Redakteurs der
1760 2734 3252 2799 Wiener „Arbeiter=Zeitung“ Stephan Großmann, gleich= Quälerei mit der
2888 2772 3267 2836 spielte da eigentlich
1776 2759 2884 2841 falls zum erstenmal für Berlin auf. Der Autor ist als
2893 2813 3293 2880 wänder gehüllten Sch
1771 2822 2890 2880 Bühnenschriftsteller für Berlin ein hemo novus, und wenn
2890 2863 3303 2932 Herzen bringen wollt
1773 2871 2878 2927 man bedenkt, wie schwer es sonst einem unbekannten
1768 2908 3259 2958 Dramatiker fällt, ein Erstlingswerk auch nur bei einem Herren im Zusch
1763 2945 3251 3014 Theater anzubringen, so wird man die Verwunderung dar= heuchelten? Angesic
1773 2998 2888 3058 über nicht unterdrücken können, daß es Herrn Großmann
2893 2991 3280 3056 kaum, sich mit der #
1763 3037 3299 3083 gelang, sein nicht besonders hervorragendes Stück in Berlin schäftigen, welche der
2890 3079 3303 3143 der „Antigone“ anges
1770 3085 2375 3152 und Wien aufführen zu lassen.
2890 3128 3298 3187 fehlt, läßt sich ohnehin
1859 3127 2876 3184 Ein Experiment, von dem man im voraus wußte, daß
2896 3177 3290 3228 setzung an die seiner
1772 3170 2887 3223 es mißlingen werde, machte Direktor Barnowski, indem er
1785 3210 3308 3285 in seinem Kleinen Theater die „A#tigone“ von dichum und anderer h
