3436 4352
249 128 1406 226 19. Der Ruf des Lebens
1567 127 2022 221 box 24/2
728 444 1290 702 *
2424 714 2522 794 271
820 811 1652 888 interessiert sind“. Seine bedeutsame Abhandlung
1672 827 2520 889 im vorigen Jahre erschienenen „Eisland¬
814 875 1662 930 ist zuerst im „Österreichischen Verwaltungs¬
1676 879 2522 934 blüten“, eine Anthologie aus der neu¬
1687 920 2531 979 isländischen Lyrik, sind von der gesamten is¬
818 918 1670 975 archiv“ erschienen und liegt nun auch im
819 962 1662 1011 Separatabdruck vor. Professor Halban weist in
1673 959 2532 1021 ländischen Kritik als dauernde, grundlegende
1680 1009 2522 1071 Arbeiten auf diesem Gebiete anerkannt worden.
818 1013 1672 1061 treffender Weise nach, daß der Gymnasiast
1682 1062 2535 1110 Aber auch sein hauptsächlich auf Grund is¬
816 1054 1664 1112 gerade für das Rechtsstudium verhältnismäßig
1684 1092 2536 1153 ländischer Quellen gearbeitetes geographisch¬
819 1097 1664 1151 am wenigsten vorgebildet wird und schlägt
1680 1142 2524 1200 ethnographisches Werk „Island, das Land
817 1146 1658 1198 daher vor, den angehenden Juristen vorerst im
1683 1181 2524 1235 und seine Bewohner“ erfreut sich, obgleich seit
809 1187 1657 1239 ersten Semester durch Vorlesungen über Enzyklo¬
1689 1232 2537 1282 seinem Erscheinen vor mehr als 20 Jahren in
818 1231 1661 1286 pädie der Rechts= und Staatswissenschaften,
1687 1282 2530 1328 manchen Partien jetzt veraltet, auf Island
817 1274 1673 1335 über Rechtsphilosophie und über allgemeine
1690 1311 2536 1366 selbst noch immer der größten Wertschätzung
814 1321 1667 1371 Gesellschaftslehre gewissermaßen für das eigent¬
1680 1363 2528 1420 und ist seinerzeit von den berufensten deutschen
817 1363 1662 1418 liche Studium vorzubereiten. hierauf wären die
1690 1408 2532 1458 Fachautoritäten — wir nennen nur Konrad
819 1409 1665 1463 rechtshistorischen Disziplinen in drei Semestern
815 1460 1667 1507 vorzutragen, wobei auf die vergleichende Rechts¬
1682 1449 2533 1507 Maurer und Richard heinzel — und neuestens
1689 1495 2535 1546 wieder von Professor Kahle und dem Wiener
819 1495 1660 1552 wissenschaft ein besonderer Nachdruck gelegt
1684 1534 2528 1598 Dr. Erich Zugmayer nach ihrer Bereisung der
817 1535 1656 1599 werden sollte. Das fünfte und sechste Semester
815 1578 1654 1631 sollten dem staatswissenschaftlichen Studium und
1675 1578 2535 1639 Insel als eine vorzügliche, äußerst verläßliche
811 1624 1657 1686 die zwei letzten den judiziellen Fächern ge¬
1680 1624 2533 1678 Arbeit bezeichnet worden. Vor kurzem erhielt
1679 1668 2532 1722 Poestion von Island eine in ungemein schmeichel¬
819 1666 1660 1725 widmet sein. Die Anregungen des Professors
1677 1715 2525 1761 haften Ausdrücken abgefaßte Adresse, worin ihm
813 1713 1659 1768 v. halban laufen darauf hinaus, dem künf¬
1675 1760 2519 1806 der Dank des isländischen Volkes für seine eben¬
819 1755 1664 1814 tigen Juristen eine besonders gute theoretische
820 1805 1659 1850 Grundlage zu geben und die Erwerbung der
1674 1806 2526 1863 so unermüdliche wie erfolgreiche literarische Tätig¬
818 1844 1663 1897 eigentlichen Gesetzeskenntnis mehr der Praxis
1679 1855 2519 1905 keit im Interesse Islands ausgedrückt und zugleich
805 1887 1089 1946 zu überlassen.
1670 1890 2533 1948 die Bitte vorgetragen wurde, als Ehrengast
894 1944 935 1981 —
1022 1922 1658 1982 Poestion. Regierungsrat J. C.
1673 1938 2524 1987 des Landes und des Volkes die Insel zu be¬
809 1977 1655 2033 Poestion, dessen nordische Grammatiken eine
1675 1977 2516 2028 suchen. Regierungsrat Poestion hat, nachdem
805 2021 1653 2081 weite Verbreitung — sogar in Schweden und
1681 2027 2520 2078 ihm der Ministerpräsident in dankenswerter
1681 2069 2525 2134 Weise die Reise nach Island ermöglichte,
819 2067 1658 2123 Norwegen selbst — gefunden haben, war der erste,
805 2112 1660 2160 der für uns sozusagen den Schleier von der ganzen
1674 2114 2515 2159 die Einladung der Isländer angenommen und
1666 2153 2532 2210 wird im kommenden Sommer endlich das Land
819 2161 1655 2211 neuisländischen Literatur seit der Reformation
816 2203 1660 2256 gehoben und ihre reichen Schätze der übrigen
1665 2194 2524 2251 betreten, mit dem er sich so vielfach beschäftigt
1676 2247 2529 2285 hat. Er gedenkt dort mehrere Monate zu ver¬
809 2244 1657 2294 Welt erschlossen hat, Sein großes literar¬
815 2287 1663 2346 historisches Werk „Isländische Dichter der Neu¬
1673 2288 2527 2333 weilen, sprachliche, ethnographische und geo¬
812 2328 1654 2382 zeit in Charakteristiken und übersetzten Proben
1683 2334 2527 2381 graphische Studien zu betreiben und die alten,
820 2375 1657 2427 ihrer Dichtung“, seine Schrift über das is¬
1681 2376 2522 2426 geschichtlich oder kultur= und literarhistorisch
816 2420 2257 2466 ländische Drama und Theaterwesen und seine berühmten Stätten zu besuchen.
2354 2420 2475 2483 nk —
1484 2557 1816 2656 Feuilleton.
1676 2674 2511 2727 seine Reflexion hinüherweht. Wo es ihm ge¬
803 2666 1666 2756 Artur Schnitzlers Schauspiel: „Der Ruf
1670 2730 2519 2783 lungen ist, das Wirklichkeitsbild mit der auf¬
798 2734 1654 2806 des Lebens“ im Berliner Lessing=Theater.
1675 2770 2507 2817 lösenden, halbironischen Stimmung der Re¬
892 2798 1655 2869 Den „Ruf des Lebens“ hat Artur Schnitzler
1670 2817 2516 2873 signation ganz zur Einheit zu verschmelzen,
814 2866 1654 2916 in manchen seiner früheren Werke besser ver¬
1679 2860 2527 2915 etwa wie einem Maler, der Landschaften und
802 2899 1653 2946 standen, als in seinem neuen Schauspiel, dem er
1669 2902 2528 2953 Gestalten ganz in Luft einhüllt, da hat er sein
808 2941 1653 2989 das vielsagende Wort an die Stirne geschrieben
1676 2947 2518 3004 Bestes geschaffen. Das Schauspiel „Liebelei“ mit
805 2988 1662 3049 und das dieser Tage mit lärmendem, aber nicht
1667 2994 2520 3048 dem wahrhaft empfundenen Epiloge des welt¬
819 3039 1653 3082 unbestrittenem Erfolge im Lessing=Theater ge¬
1672 3039 2525 3087 müden Musikanten, den das Leben aus der
806 3074 1661 3128 geben wurde. Schnitzler ist sonst tatsächlich der
1668 3080 2517 3135 konventionellen Sittlichkeit herausgedrängt hat,
817 3121 1654 3179 Lebendigsten einer; er pflegt festen Boden unter
1677 3124 2522 3183 ist das typische Beispiel für solches Gelingen.
809 3166 1660 3217 den Füßen zu haben und ihn nicht zu verlieren.
1681 3169 2521 3217 Diesmal fällt dem Dichter der Himmel, den er
818 3208 1659 3253 Teilt er schon mit den anderen bedeutenden
1672 3209 2531 3267 über das Ganze wölben möchte, aus dem Ge¬
819 3255 1662 3309 Dramatikern des heutigen Wien die Neigung,
1668 3251 2532 3317 dicht heraus. Die atmosphärische Stimmung ist
815 3295 1658 3351 skeptisch wehmütig über die Welt hinwegzusehen,
1676 3301 2520 3353 nicht echt, man merkt die Pinselstriche in der
815 3336 1652 3386 so faßt er doch das Gegenständliche sehr ener¬
1676 3344 2519 3390 Luft und so scheint auch das Leben darunter
810 3383 1663 3458 gisch an, so daß ein Wirklichkeitshauch auch in
1668 3385 1934 3448 nur „gemalt“
2034 3886 2091 3984 □0
