3436 4352
1560 307 2051 400 box 24/5
905 333 1071 398 des
275 329 1564 437 19. Der RufLebens
1580 1133 1689 1222 #
729 1381 1416 1469 endi#rss paurschss Zutrunos-AusaCM
742 1445 1576 1538 Berlin SO 16 Rungestrasse 22-24
764 1586 1550 1708 Berliner Tageblat
1212 1702 1318 1775 sgabe
910 1767 1285 1842 Ausschnltt aus der Run
1335 1761 1566 1888 AU
2060 1930 2128 2011 S
1854 1995 3075 2057 dem Maler (Mordturm und Waldsee) und das Herumbauen kleiner
1856 2052 3063 2107 Szenen um ein Wort, das frühe Vorbereiten künftiger. Auch
703 1999 1732 2115 Heerschau über das Heute.
1864 2080 3069 2140 Peppler als Ritter Raoul, Franken als eindrucksvoll Blinder,
906 2103 1502 2192 Königsberger Theaterbrief.
1854 2146 3066 2187 Kepich und Langhoff als männliche, Baldor und Holß als weib¬
785 2114 859 2192 7
1854 2171 3057 2225 liche Opfer des Blaubart (eine kleine Holzschnitzerei die zweite),
640 2158 1824 2229 Die Musterung des gegenwärtigen Dramas, die das Schauspiel¬
1859 2210 3057 2263 wußten die „Haaresbreite“, die Position zwischen Göttlichkeit und
607 2223 1823 2280 haus in einem „Monat der Lebenden“ bot, stellte schon in der Struktur
1861 2257 3046 2308 Panoptikum, zu halten. — Nach Apels Bürgersatire „Liebe“
611 2268 1823 2322 der Altersklassen ihrer Teilnehmer größte Mannigfaltigkeit als
1866 2305 3065 2363 ging es zu dem, was Gegenwart in der Gegenwart hießt zu
608 2298 1822 2368 kennzeichnend heraus. Es gab dort, wenn das zu sagen erlaubt
1864 2335 3068 2398 Kaisers „Frauenopfer“. Es zeigte sich, daß es große Anreger
608 2347 1832 2395 ist ein Gestern. Morgen und Heute der Gegenwart. Unter dem
1852 2384 3068 2442 gibt und Dichter, die sie auswerten. Kaiser war immer unter der
608 2396 1828 2449 seltenen Ernst Richard Rosenheims und seines bisherigen
1857 2436 3076 2479 ersten Art, aber er schien uns das im „Frauenopfer“ zu einseitig
620 2429 1826 2493 Mitarbeiters, Dr. v. Gordons, Führung hat sich hier im
1857 2468 3060 2522 zu sein, wohl deshalb, weil seine Regie das Mathematische heraus¬
614 2471 1831 2532 Provinzschauspielhaus das herausgebildet, wonach der Schrei der
1860 2516 3061 2570 hob, statt das Gerüst im Gegenteil mit Fleisch zu umkleiden. Die
615 2516 1831 2592 Bühnen der Gegenwart, wie oft vergeblich, zielt: das Ensemble,
1860 2548 3071 2620 Methode des Gastes, Blanche Dergans, im „Reigen“ entzückend
609 2566 1390 2635 der Vielklang, der dennoch Dreiklang ist.
1865 2606 2711 2665 unmethodisch, erschien uns ebenfalls als falsch.
675 2582 1832 2667 Unter den Heutigen den Sechzigjährigen zu feiern, gab man als
2654 2636 3026 2696 Martin Borrmann.
618 2650 1831 2704 erste Probe den „Ruf des Lebens“ von Schnitzler, unter
617 2687 1852 2750 O. Wallecks Regie. In diesem Stück ist die Weise des Weisen s8
1831 2685 1902 2764 140
614 2732 1841 2800 ernst, daß sie kaum noch von „Schnitzler“ ist — bis auf die Dialoge,
604 2766 1841 2820 in denen er lebt, in Worten, die Legende und Wahrheit vermischen,
606 2820 1839 2878 weil sie um die Einheit von beiden wissen, und in der oft geübten
607 2852 1849 2918 Tugend (siehe Bernhardi!), auch „Feinde“ gerecht, sogar furchtbar
615 2897 1852 2970 groß zu gestalten. Hans Peppler gab den Oberst, Ruth Baldor und
612 2934 1851 3005 Grete Holtz die Mädchen, die Glühende und die mit blassem Ernst
607 2981 1839 3040 Ueberlagerte, Gildemeister den zweiten Feind. — Der Rheinländer
607 3021 1843 3083 ist, auf der Milligrammwage gewogen, schwerblütiger als der
619 3065 1840 3130 Wiener. Im „Monat der Lebenden“, wo Schmidtbonn und
613 3103 1848 3154 Schnitzler zum Vergleiche standen, war es umgekehrt. Man spielte
614 3169 1850 3210 an einem der ersten schönen Tage in Ostpreußen „Die Schau¬
620 3186 1844 3247 spieler" Schmidtbonns, die in die halbe „Gegenwart“
611 3247 1847 3285 leiteten mit der Predigt, sie zu genießen. Die Darstellerinnen waren
622 3268 1862 3331 die gleichen wie bei dem Wiener, nur ebenfalls vertauscht (Grete
612 3303 1859 3390 Holtz und Ruth Baldor), gut gab Gildemeister den Löwen aus Schloß
621 3352 1846 3426 und Salon, versagte uns aber den greisen Liebhaber. Das Stück
618 3393 1852 3463 hatten Dr. v. Gordon und Buchholtz, der künstlerische Beirat der
621 3441 1859 3501 Bühne, mit Licht und Luft von Andernach übergossen: vielleicht, um
614 3481 1860 3553 bei dieser vorletzten ihrer Premieren schon die deutsche Westecke an¬
621 3519 1856 3601 zudeuten, nach der sie uns, leider, entschlüpfen. Sie verabschiedeten
626 3567 1859 3638 sich in Eulenbergs „Ritter Blaubart“, einem Stoff, den Huys¬
623 3595 1862 3668 man. in seinem Roman „La-bas“ weit krasser gestaltet hat, ohne
624 3648 1867 3709 Aufsehen zu erregen wie der Dramatiker. Eulenbergs jugendliches
626 3692 1866 3747 Werk, das voll von träumerischen und pessimistischen Herrlichkeiten
630 3731 1866 3791 ist. geht bei Schilderung des Grausigen um Haaresbreite
626 3772 1853 3829 am Lächrlichen vorüber (Offenbach nutzte den Stoff als
625 3811 1859 3886 Operette), aber die Haaresbreite war, auf jeden Fall in
633 3850 1863 3909 der Verkörperung der Schauspielhausbühne, vorhanden. Ein
637 3905 1856 3965 neuer Punkt, der an Gordons hiesige Nicolo=Inszenierung
635 3945 1858 4011 winnerte: ferner hier wie damals das aktive Zusammengehen mit
