3484 4256
883 225 929 286 (
1184 220 1233 288 1
263 220 1419 311 19. Der RufLelens
1179 1165 1566 1261 Telephon 12.801.
1187 1272 1339 1363 De.
573 1319 1294 1413 — „ODSLIVEN
508 1380 1559 1470 Esterr. behördl. konz. Unternehmen für Zeitungs-Ausschnitte
602 1457 1442 1551 Wien, I., Concordiaplatz 4.
792 1533 1228 1607 Vertretungen
465 1571 1555 1643 in Berlin, Budapest, Chicago, Christiania, Genf, Kopen¬
471 1639 1553 1698 hagen, London, Madrid, Mailand, Minneapolis, New-Vork.
508 1678 1516 1743 Paris, Rom, San Francisco, Stockholm. St. Petersburg.
805 1718 1058 1780 (Qucfuangabe #
1508 1712 1644 1810 Wit
867 1719 1511 1820 ose volks Zeitung,
460 1770 756 1868 Ausschnitt
1041 1799 1525 1897 (Kleine Ausgabe)
726 1808 966 1907 U1.1909
461 1883 608 1936 vom:
589 1958 1467 2083 Theater und Kunst.
577 2071 1521 2136 Deutsches Volkstheater. („Der Ruf des
519 2120 1523 2189 Lebens“, Schauspiel in drei Aufzügen von Artur
521 2164 1525 2223 Schnitzler.) — Man hat gestern Artur Schnitzler sehr
516 2224 1517 2268 gefeiester wurde mit Beifall überschüttet, unzähligemale
527 2258 1516 2316 mußte er dem Rüse auf die Bühne folgen — aber es war
517 2295 1519 2350 nicht der Ruf des Leheus, das etwa seinem neuen Stücke
518 2338 1519 2412 beschieden wäre. „Es kann einen Dramatiker sicherlich
527 2380 1527 2441 locken, die Gewalt des Lebens, die unüberwindliche
530 2428 1527 2488 Kraft der Lebenssehnsucht bildnerisch in den Bühnen¬
523 2469 1522 2531 rahmen spannen zu wollen. Der Instinkt zum Leben ist
528 2513 1535 2574 wohl der stärkste im Meuschen und wirst sicherlich rück¬
529 2562 1532 2618 sichtslos alle Hindernisse zur Seite. Aber über eine gewisse
522 2601 1536 2657 Grenze, die durch inveterierte Gesühle festgelegt ist, geht
524 2640 1530 2713 selbst dieser Ruf des Lebens nicht hinaus. Und diese
527 2686 1543 2745 Grenze überschreitet Schnitzlers Schauspiel „Der Ruf
524 2731 1531 2788 des Lebens“. Die Künstler des Deutschen Volks¬
536 2774 1543 2840 theaters sind dem Dichter nichts schuldig geblieben.
537 2817 1539 2883 Käthe Hannemann bot ein ergreifendes
532 2864 1535 2916 Bild verstörter Jugend. Sie war von wundervoller Echt¬
541 2913 1543 2975 heit in dem müden Ton der Dulderin und der Extase des
543 2946 1535 3017 „Süßen Mädels“. ... Neben ihr Direktor Weisse, der
531 3006 1540 3051 den Oberst East überlegen, mit einer zornigen Ironie
536 3037 1540 3114 und Höhe gab. Paula Müller spielt namentlich die
544 3076 1537 3140 Sterbeszene mit Tönen, die wie aus fernen Welten herüber¬
547 3141 1548 3198 klingen, Herr Kutschera den Raisonneur des Stückes
539 3176 1547 3223 mit warmer Eindringlichkeit. Bleiben noch mit allen Ehren
547 3234 1548 3285 Frau Thaller und Fräulein Marberg, Homma,
548 3270 1549 3326 Kramer und Klitsch zu nennen, die dem peinlichen
548 3299 1551 3371 Stück zu einem äußeren Erfolg verhalfen. Aber ein langes
550 3343 1521 3421 Leben wird der Ruf des Lebens wohl doch nicht haben.
1573 218 2029 305 box 24/3
2652 588 3033 686 Telephon 12.801.
2681 697 2884 778 Dit u
2120 736 2757 822 „OSSCRVER
1934 803 3022 908 4 österr. behördl. konz. Unternehmen für Zeitungs-Ausschaltte
2076 872 2899 967 Wien, I., Concordiaplatz 4.
2263 945 2692 1025 Vertretungen
1930 994 3017 1073 in Berlin, Budapest, Chicago, Christiania, Genf, Kopen¬
1932 1051 3020 1117 fagen, London, Madrid, Mailand, Minneapolis, New-York,
1968 1099 2999 1168 Paris, Rom, San Francisco, Stockholm, St. Petersburg.
2264 1132 2683 1195 (Quollenangabe ohue Gewähr).
1927 1169 2292 1266 Ausschnitt aus
2300 1183 3111 1301 sterr. Velke Zeitung, Wier
2066 1246 2351 1327 12 12.1909
1924 1275 2072 1347 vom:
2006 1377 2924 1505 Theater und Kunst.
2035 1492 2978 1557 Deutsches Volkstheater. („Der Ruf des
1980 1541 2981 1593 Lebens“, Schauspiel in drei Aufzügen von Artur
1983 1578 2976 1632 Schnitzler.) — Man hat gestern Artur Schnitzler sehr
1848 1595 1954 1698 9
2103 1624 2976 1688 nede mit Beifall überschüttet, unzähligemale
1964 1680 2980 1725 fmußte er dem Rufe auf die Bühne folgen — aber es war
1966 1709 2978 1788 mnicht der Ruf des Lebens, das etwa seinem neuen Stücke
1974 1751 2978 1811 beschieden wäre. . .. Es kann einen Dramatiker sicherlich
1964 1804 2978 1860 locken, die Gewalt des Lebens, die unüberwindliche
1978 1861 2978 1901 Kraft der Lebenssehnsucht bildnerisch in den Bühnen¬
1980 1890 2984 1948 rahmen spannen zu wollen. Der Instinkt zum Leben ist
1975 1932 2979 1989 wohl der stärkste im Menschen und wirft sicherlich rück¬
1977 1971 2980 2039 sichtslos alle Hindernisse zur Seite. Aber über eine gewisse
1984 2018 2987 2072 Grenze, die durch inveterierte Gefühle festgelegt ist, geht
1982 2060 2985 2119 selbst dieser Ruf des Lebens nicht hinaus. Und diese
1989 2083 3016 2165 Grenze überschreitet Schnitzlers Schauspiel „Der Ruf##
1987 2144 2986 2203 des Lebens“ in einer alles ethische und ästhetische
1980 2189 3000 2266 Empfinden herausfordernden Weise. So schrill, so bar
1981 2232 2987 2283 jeder melodischen Harmonie und jedes menschlichen Lautes
1983 2276 2986 2337 klingt der wahre Ruf des Lebens nicht. Von so
1986 2319 2976 2375 orgiastischer Trunkenheit erfüllt ist das wahre,
1979 2362 2982 2436 das normale Leben nicht und darauf kommt
1979 2404 2980 2470 es wohl an. Von unmöglichen Voraussetzungen
1985 2451 2988 2518 ausgehend, gelangt Schnitzler durch eine Kette falscher
1990 2493 2989 2561 Folgerungen zu einem Schluß, der in schiefen Bildern und
1982 2542 2990 2596 seichten Philosophemen sich ergeht. Um ein halbwegs denk¬
1982 2595 2995 2643 bares Milien für die qualvollen Vorgänge zu schaffen,
1983 2628 2983 2682 wird diese ganze romanhafte Geschichte in die Mitte des
1991 2677 2982 2739 vorigen Jahrhunderts verpflanzt. Wie aus einer neu¬
1987 2719 2980 2777 romantischen Ballade klingt die Mär von den blauen
1989 2760 2986 2815 Kürassieren, die um eine Schuld feiger Flucht zu sühnen,
1989 2804 2983 2852 die ihre Vorfahren vor 30 Jahren auf sich geladen,
1992 2862 2989 2903 beschließen, in dem soeben ausgebrochenen Krieg bis zum
1996 2891 2989 2943 letzten Mann zu kämpfen und zu fallen. Was aber wie
1986 2929 2991 2986 der Eidschwur der Totenkopfhusaren in den deutschen
1992 2989 2997 3043 Freiheitskriegen anhebt, verläuft wie eine blutrünstige
2384 3010 2993 3079 Stil des „Glöckners von
1992 3025 2382 3085 Schauerballade im
2402 3060 3001 3116 Aus der deutschen Ballade
1999 3064 2281 3129 Notre Dame“
1999 3103 3002 3165 von Ehre und Treue wird eine literarisch
1998 3154 3003 3212 aufgedonnerte Boulevardkomödie mit allen Greueln und
2002 3204 2999 3249 Foltern der d’Enneryschen Folterkammer, aufgeputzt mit
2003 3240 2997 3302 der widerlich=süßlichen Sentimentalität eines Coppée. Es
1997 3277 3000 3331 ist ein Schauspiel in drei Sterbeakten. Und was für
2004 3324 2994 3383 qualvolles, knalleffektliches Sterben. Im ersten Akt gibt
2001 3379 3005 3436 die Tochter dem kranken Vater (man bittet den Hinweis
2004 3411 2996 3472 auf Goethes Gretchen zu vermeiden!) einen so ausgiebigen
1997 3448 2991 3511 Schlaftrunk, daß er tot zusammenbricht. An der noch
1997 3511 2997 3568 warmen Leiche vorüber eilt sie zum Stelldichein mit ihrem
1992 3548 3004 3601 blauen“ Lentnant. Der hat es aber mit der jungen Frau
2006 3595 2998 3643 des alten Obersten gehalten, die ihn zu letzter Stunde
2006 3636 2995 3684 noch besucht. Der Oberst überrascht das Paar und knallt die
2002 3660 3007 3714 Frau nieder. An der Leiche der früheren Geliebten vorüber
2012 3725 2997 3771 eilt der Leutnant mit dem liebesgierigen Mädchen in die
2006 3757 2992 3805 Liebesnacht hinaus und dort tollt diese Base in heißer
2002 3799 3006 3859 Liebeslust und erst nach einem Jahre kehrt sie verwüstet
2004 3849 3001 3900 nach Hause, um zu sterben. Nein, und trotz dem Beifall
2004 3879 3002 3940 von starken Freundeshänden, nochmals nein: Der Ruf
2005 3924 3001 3989 des Lebens ist nicht bloß der Ruf nach der Brautkammer,
1998 3989 3002 4045 wie es das neue Schauspiel des Herrn Schnitzler hart
2003 4012 3009 4075 und brutal zeichnet. Zum Schluß freilich wird alles
2000 4056 3007 4135 umgedeutet: Was sich seinen-Trieben folgend noch kurz
