3436 4384
271 240 1452 352 19. Der Ruf des Lebens
1592 251 2057 350 box 24/2
295 1283 2279 1384 der Einheit ihrer Inteiligenz, mit der Wärme der Schreiber des Maiire André, blutiung, un¬
290 1320 2285 1402 äbrer menschlichen Empfindung am weitesten in verdorben und in die Gattin seines Chefs ver¬ #
285 1373 2261 1448 den Ke ihrer Aufgaben vorgedrungen. Herr liebt. Jacqueline benützt das, um den Knaben
293 1406 488 1475 Marr,
513 1406 1291 1484 der greise geheimnisvolle Meister des
1271 1436 2258 1491 an sich zu locken und so den Verdacht von ihrem
2254 1406 3380 1512 sein, datz Mäniols Bükiteit nacht Die Lusg=Df Schmel
285 1455 1287 1526 Todesri. 3, bot eine Gestalt, unvergeßlich durch
1270 1487 2242 1540 wahren Liebhaber abzulenken. Mit diesem Spiel,
2246 1473 3388 1562 leitung für ein Konzert war, in dem BeethovenStehme
299 1505 1274 1577 ähre rea##stische Schärfe und ihres phantastische
2245 1519 3231 1564 (op. 132) und Brahms' F=Dur=Quintett ge¬
1280 1524 2252 1583 das eine raffinierte Frau mit der Liebe einer
3206 1543 3382 1608 findet b
295 1543 1277 1606 Größe. Ein in tiefem Leid nicht versteintes,
2246 1559 3233 1628 spielt wurden. Doch es wäre überflüssig, bei
1272 1562 2247 1626 jungen Seele treibt, klingt ein tragischer Unterton
3208 1572 3392 1642 institut
301 1584 1288 1660 sondern weich und mild gewordenes Muttergemüt
2244 1602 3227 1667 dem ungünstigen Eindruck der Novität noch
1271 1601 2258 1676 an, und nur das günstige Ende — Jacqueline
3259 1623 3378 1679 Im
290 1635 1280 1700 ließ Else Lehmann aus der episodischen Figur
2249 1641 3398 1727 länger zu verweilen, zumal wir uns schon morgen
1283 1654 2247 1716 verliebt sich schließlich in den treu ergebenen
287 1683 1281 1752 einer Matrone hervorleuchten. Rudolf Rittner
2243 1692 3374 1745 freuen, von einem anderen, viel schöneren Er¬ spiels
1272 1701 2255 1770 Fortunio — macht dieses gransame Spiel zur
281 1717 1279 1793 war als der Forstmann, der in der Natur zum
2250 1727 3392 1803 eignis berichten zu können: der Aufführung von bearbei
1278 1749 2238 1808 Komödie. Die gestrige Aufführung freilich er¬
276 1766 1282 1832 Denker und Spinnierer geworden ist, ein Bursche
3214 1785 3378 1848 7 Uhr.
2244 1776 3223 1845 Beethovens Neunter durch den Konzert¬
1274 1776 2241 1845 stickte all die feinen, wehmütigen Nuancen des
284 1812 1278 1877 von schwerblütigem Temperament. Der Maler
2250 1818 3228 1889 verein, Singverein und Mitglieder des
3245 1829 3380 1885 Im
1278 1825 2241 1884 Dichters und es blieb ein derber Schwank, in
285 1856 1279 1924 Karl Walser, als Spezialist vormärzlicher Kunst,
3212 1857 3378 1923 sche G
2235 1849 3221 1932 Männergesangvereins. Es war unverkennbar,
1265 1873 2241 1933 dem Fräulein Therese Herzfeld (Fortunio)
291 1893 1285 1961 hatte Dekorationen von stilvoller Schönheit ge¬
3203 1904 3394 1976 über
2238 1911 3221 1969 daß das erhabene Werk durch die häufigen
1284 1917 2251 1996 einen Humor verkörperte, der den Intentionen
3218 1946 3385 2000 vereins
296 1945 1283 2022 schaffen. Hinreißend war ein zart idealisiertes
2222 1937 3228 2017 Wiederholungen den sämtlichen Mitwirkenden,
1270 1956 1692 2031 Mussets ferne lag.
3210 1978 3367 2040 dieser
281 1978 1051 2066 Landschaftsmotiv vom Wienerwald.
2223 1990 3217 2061 nicht zuletzt Herrn Löwe, so vertraut geworden
3212 2020 3375 2077 Herr P
1303 2013 2260 2092 rw Konzerte. Ein neues Klavierquintett von
2250 2023 3218 2101 ist, daß sie es heute viel freier und sicherer vor¬
869 2031 1248 2120 Dr. Julius Elias.
3216 2065 3387 2123 Ramha#
1268 2076 3218 2148 Richard Mandl (unter Mitwirkung von zutragen imstande waren. als jemals zuvor.
3208 2104 3368 2154 Paak;
1263 2108 3227 2201 Alfred Grünfeld gespielt), bildete die Ein¬ Die Begeisterung für die Sache hat deshalb nicht
385 2121 1270 2197 Deutsches Volkstheater. Viktor Leons
1270 2157 2162 2223 leitung des letzten Kammermusikabends
2138 2167 2256 2220 des
2236 2161 3215 2241 abgenommen, sie ist vielmehr noch größer ge¬
3211 2030 3373 2234 15
281 2185 1275 2244 Gebildete Menschen“ haben ihre Zugkraft auch
1270 2197 2245 2261 [Rosé=Quartetts. Aus dem Programm war
2237 2208 3220 2279 worden, und dürfte insbesondere auch dadurch
3218 2212 3378 2269 ein Va#
276 2226 1274 2291 bei der gestrigen fast vollständigen Neubesetzung
1279 2248 2250 2305 nicht ersichtlich, ob es eine ältere oder neuere
3209 2254 3384 2311 Thienel
2245 2260 3216 2314 gewachsen sein, daß das einst fremdartige Werk
276 2269 1278 2335 wieder außerordentlich bewährt. Allen voran
1273 2291 2256 2358 Komposition Mandls war, es hieß lediglich:
3216 2295 3376 2356 Scherze
2248 2295 3220 2362 jetzt auch beim Publikum auf ein ganz anderes.
282 2304 1283 2371 stand natürlich Herr Tyrolt als der un¬
3211 2337 3390 2406 Herr 5#
1279 2327 2243 2395 „Manuskript, erste Aufführung.“ Wir haben
2250 2341 3222 2408 Verständnis stößt als früher. Der Konzert¬
280 2357 1274 2415 fgebildete, aber yerzensgute Fabrikant, der es
1271 2369 2250 2436 leider den Eindruck gewonnen, daß nicht nur
2240 2384 3219 2442 verein und sein unermüdlicher Dirigent können
3253 2387 3373 2446 Die
277 2399 1278 2456 weiter gebracht hat, als sein studierter err
1278 2422 2246 2484 das Quintett vor der Drucklegung gründlich um¬
2235 2413 3215 2489 auf diesen Erfolg stolz sein. Wir haben nichts
273 2435 1283 2502 Bruder. Eine Wiener Gestalt, die, wie sie Tyrolt
1276 2455 2243 2526 gearbeitet werden, sondern daß vor allem der
2243 2454 3210 2536 als Lob zu spenden aus Anlaß dieser glänzen¬
273 2475 1271 2545 gibt, in den kleinsten Zügen wirken muß. Herr
1263 2496 2242 2571 Komponist gänzlich umstudieren müsse. Im
2237 2520 3220 2581 den Aufführung, und übertragen es auch gern
280 2520 1285 2593 Homma gab den Musiklehrer, Herr Birron
1270 2549 2241 2619 sietigen Aufbau einer wenn auch noch so be¬
2233 2554 3212 2614 auf das mitwirkende, im Ensemble vorzüglich
268 2554 1278 2634 den Bildhauer: brave, tüchtige Leistungen. Ebenso
1267 2592 2250 2657 scheidenen Erfindung, in der Bildung größerer
2246 2608 3222 2673 geschulte Solistenquartett: Frau Bellwidt
270 2620 1272 2687 siene der Damen des Schwesterntrios in das sich
1272 2629 2239 2699 thematischer Einheiten, verrät Mandl eine wenig
2232 2631 3208 2709 (ein wohlklingender, hoher Sopran), Herrn
271 2650 1276 2724 die Fräuleins Hannemann, Müller und
3178 2655 3254 2732 5
1264 2695 2247 2745 geübte und sehr ungleich arbeitende Hand. Man
2242 2688 3209 2758 Heß (Tenor, in den Solostellen unnötigerweise
273 2703 1264 2776 Sommerteilten. Das volle Haus war beifalls¬
3210 2707 3288 2757 dre
1255 2709 1779 2786 glaubt, eine mühsam
1759 2714 2248 2797 künstliche Aneinander¬
2245 2737 3205 2788 zu stark), und die beiden bewährten Ver¬
3204 2722 3354 2814 stand“
278 2753 1173 2820 lustig und in empfänglichster Stimmung.
1265 2766 2248 2832 reihung kleiner Stücke vor sich zu haben, die
2235 2770 3218 2835 treter des Kunstgesanges Frau v. Kraus¬
3252 2793 3374 2853 Geo
319 2784 1272 2858 aw Intimes Theater. Aus einem vergessenen
1261 2801 2244 2877 miteinander in keinem inneren Zusammenhang
2230 2831 3159 2892 [Osborne und Herrn Dr. Felix Kraus.
3203 2832 3349 2891 akter
274 2824 1276 2905 Fach französischer Literatur hat gestern das
1274 2855 2242 2925 stehen. Die verschiedenen Stimmen des Quin¬
3192 2864 3336 2939 gast“.
288 2888 1267 2945 Intime Theater ein dreiaktiges Lustspiel Alfred
2321 2880 2894 2954 * Aus den Wiener Theatern.
1270 2896 2241 2957 tetts sind so unvorteilhaft gesetzt, daß sie ein¬
3206 2901 3370 2963 mit Er
286 2941 1276 2997 de Mussets „Le chandelier“ hervorgeholt
2280 2925 3209 2999 Im Burgtheater gelangt morgen Montag
1260 2928 2250 3003 ander beinahe im Wege sind, und die inneren
3199 2936 3371 3013 ein Sc
279 2965 1277 3038 und unter dem Titel „Der Elefant“ in einer
2235 2956 3179 3031 Ferdinand Raimunds Zaubermärchen „De
3203 2984 3356 3041 stellt,
1265 2989 2236 3046 Lücken des Satzes nur notdürftig durch das
282 3014 1273 3078 Uebertragung von Paul Stefan aufgeführt.
2239 3019 3210 3077 Verschwender“ zur Aufführung. Die letzte
3203 3025 3355 3082 halten
1268 3033 2247 3083 alles beherrschende Klavier zu einem Ganzen
2243 3055 3203 3130 Aufführung dieses Stückes fand am 28. Dezember
3201 3051 3373 3123 Wien z
289 3052 1275 3125 Das Publikum hat sich mit diesem Experiment
1267 3057 2242 3133 zusammengehalten werden. Das Publikum war
2233 3091 2469 3151 1902 statt.
2459 3095 3207 3148 — Dienstag den 27. d. geht Adolf
3192 3103 3363 3161 Lustspic
275 3108 1280 3175 durch gleichgültigen Beifall abgefunden. Schuld
1267 3110 2231 3179 nachsichtig genug, die Komposition mit verhält¬
2228 3134 3207 3206 L'Arronges Lustspiel „Doktor Klaus“
3199 3138 3370 3202 Schaust
283 3146 1273 3215 daran war allein die Aufführung, die, an allen
1258 3158 2240 3224 nismäßig starkem Beifall zu begrüßen, der wohl
2229 3172 2469 3236 in Szene.
3202 3188 3367 3250 Gro
278 3191 1280 3252 subtilen Pointen des Dichters achtlos vorüber¬
1259 3195 2242 3267 in erster Linie den ausführenden Künstlern ge¬
2283 3212 3205 3285 Im Operntheater kommt morgen Mon¬
3246 3231 3356 3284 Im
280 3226 2238 3315 behend, die äußere Komik der Handlung ins golten haben mag. Für die Zukunft können wir
2237 3254 3205 3317 tag „Die Königin von Saba“ mit den
3201 3250 3365 3328 aufführ
278 3282 3350 3378 Burteske verzerrte. „Der Elefant“ ist Fortunio, aber den Wunsch nicht unterdrücken, das Rosé¬ Domen Bland. Seheäk und Forst sowie den Herren beiden
