3484 4352
1445 193 2019 314 box 24/3
240 218 1415 321 19. Der Ruf des Lebens
2105 1210 3194 1297 Blick befremdet freilich das offenkundige Unbehagen vor
1046 1246 2127 1306 1904 erreichte Rose Bernd im Lessingtheater die höchste
2115 1289 3196 1360 Shakespeares Dramatik; denn er gilt uns doch als
1046 1289 2120 1358 Darstellungsziffer. — Die Erneuerung der deutschen
2103 1331 3090 1419 größter Bühnenmensch der germanischen Rasse.
186 1254 860 1437 Feuilleton.)
1039 1352 2120 1416 Literatur in den achtziger Jahren brach die alte Pro¬
2190 1365 3200 1458 Aber dem tieferen Eindringen in die Psychologie
1051 1385 2121 1457 tagonistenstellung Wiens in der deutschen Bühnenwelt.
795 1385 1022 1484 Petur
2117 1435 3191 1496 des Publikumgeschmacks entwirrt sich auch dieses Räisel.
1050 1446 2113 1510 Ludwig Speidel schrieb damals: „Wenn wir den Geist der
2103 1483 3200 1559 Der Wiener verlangt eine deutlich ausgesprochene Moral.
160 1466 1001 1566 tergeschmack Wien=Berlin.
1039 1495 2124 1561 Zeit richtig verstehen, so mehren sich die Zeichen, daß der
2119 1530 3193 1608 Er will ganz genau wissen, was der Dichter meint.
1040 1542 2125 1602 dramatische Genius von Wien Abschied nehmen und
437 1551 563 1620 Von
2120 1598 3201 1648 Der Raisonneur ist sein erklärter Liebling. Und sein
759 1564 950 1678 7 00
1053 1592 1973 1686 einer großen Stadt im Norden zustreben will.“
242 1601 781 1707 Dr. Hans Wankoch.
2112 1637 3201 1702 Beifall übergellt sich seiber, wenn die Szene zum Tribunal
1133 1627 2123 1713 Die Bühnenkunst des Naturalismus, die Dramen¬
841 1647 905 1722 7
2114 1670 3207 1756 wird, und der Dichter — wie einst Karl der Große in
1041 1681 2118 1757 kunst des Impressionismus fand im Berliner Publikum
166 1682 1044 1772 haben in der kurzen Zeitsranne von fünf
2117 1754 3210 1809 der Klosterschule — die guten von den bösen Jungen
1046 1753 2120 1810 ihr natürliches Mäzenatentum. Für die dramatische
161 1756 1047 1829 ei jauchzende Theatererfolge erlebt, die, wenn
2115 1786 3204 1869 sondert. Die Weltweisheit und Lebensanschauung, die
1044 1796 2122 1860 Offenbarung letzter seelischer Feinheiten fehlte den
156 1813 1042 1866 großen Dichtungen, so doch Stücken von künst¬
2119 1837 3208 1909 nicht künstlerisch gestaltet, sondern grob deutlich aus¬
1044 1851 2121 1922 Wienern das erfassende Verstehen. Das pessimistische
159 1857 1052 1926 Wert zufielen. Beide wurden schon in früheren
2115 1882 3196 1958 gesprochen wird: die Tendenz findet hier den sichersten
1041 1914 2118 1972 Grau=in=Grau=Verrecken stieß ihren sarbfrohen Sinn ab.
152 1907 1049 1990 den in Berlin aufgeführt, denn Berlin ist —
2112 1940 3213 2004 Applaus. Die breite Behaglichkeit dieses Volkes will
1048 1948 2122 2029 Man gibt sich hier den Erschütterungen des Sterbens
164 1955 1043 2032 sinnt — das Mekka der deutschen Bühnendirek¬
2116 1989 3213 2057 sich nicht erst aus Gestalten und Handlung das Weltbild
1055 1994 2125 2066 auf der Szene willig hin. Aber der Tod muß prunkhaft
166 2013 1048 2091 ihnen ihre Weisheit offenbart. Vielleicht nicht
2194 2036 3200 2113 Dichters mühevoll aufbauen; es liebt's, wenn ihm
1045 2050 2123 2118 drapiert sein, um die Leiche muß eine purpurrote Makart¬
164 2065 1049 2130 e. Diese beiden Dramen wurden an der Spree
2193 2083 3214 2141 Meinung in handlichen Formeln vorgetragen wird.
1052 2101 2133 2169 sche Blutlache leuchten. In keiner anderen Stadt hätte
171 2113 1049 2184 f und Publikum abgelehnt. Und stammten doch
2127 2139 3212 2208 Aber im naturalistischen Drama fehlte jede starke Be¬
1047 2140 2133 2213 dieser Theatraliker der Palette zum Zeitereignis werden
157 2163 1047 2231 ern, die dort zulande Liebkind sind, während
2121 2194 3218 2262 tonung subjektiver Sittlichkeit. Es galt diesen Künstlern
1053 2203 2124 2263 können, in keiner zweiten Stadt der Wolter=Schrei eine
171 2216 1045 2290 s nur nebenher, gleichsam zur Beruhigung des
2121 2257 3206 2303 als höchster Triumph, ohne Parteinahme die Menschen
1044 2253 2133 2322 so starke Resonanz gefunden, Das malerische Breite, das
152 2255 1056 2345 n Gewissens, zu Worte kommen. Diesmal
2112 2288 3213 2376 darzustellen. Schulbeispielmäßigen Ausdruck hat diese
1049 2284 2130 2385 sinnliche Bunte ist die künstlerische Lust der Wiener. Im
147 2318 1044 2393 en Beifall und Zischen aus entgegengesetzten
2125 2344 3210 2413 Kunstlehre in einem kleinen Stücke Artur Schnitzlers
1059 2357 2125 2418 Grunde ist diese Stadt die Theaterstadt geblieben, als
158 2371 1048 2432 ngen als sonst. Die Wiener jubelten Schnitzlers
2118 2386 3218 2460 Lebendige Stunden gefunden. Eine Mutter ist gestorben
1041 2401 2126 2469 die man sie einstmals pries. Aber die Dichtungen der
183 2423 1049 2491 Lebens und Wedekinds Musik zu. und
2126 2441 3214 2514 — freiwillig, weil ihr jahrelanges Leiden die künstlerische
1039 2456 2128 2517 letztvergangenen Epoche waren keine Theaterstücke. Die
160 2459 1054 2536 Bewegungen der Theaterereignisse in Noxd#no
2124 2485 3221 2572 Schaffenskraft ihres Sohnes unterband. Nun stehen ihr
1058 2508 2140 2570 belangloseste Schiller=Aufführung findet bei uns noch
167 2508 1064 2585 wenig verfolgt, wird schon nach kurzer, Frist
2135 2546 3220 2616 Freund, der ein Leben lang in Treue bei ihr aushielt,
1051 2557 2129 2631 ein volles Haus, dem die Wangen vor Begeisterung
166 2568 1048 2642 llung eines diametral anders gearteten Theater¬
2133 2593 3229 2678 und der Sohn, an den sie ihr ganzes Dasein verschwendete,
1053 2606 2127 2674 glühen. Goethes subtilere Werke, seine tiefgründigere
177 2609 1063 2692 in beiden Städten gelangen. Shaws Der
2131 2631 3227 2715 einander gegenüber. In wunderbar verhaltener Em¬
1053 2658 2127 2710 Geistigkeit verlockt keine willige Gefolgschaft. Der Wiener
163 2663 1063 2735 Scheideweg, Wieds 2X2 = 5 schwangen sich in
2131 2692 3223 2769 pörung seines Schmerzes ruft dieser Mann dem Dichter
1055 2709 2125 2770 Bühnengeschmack ist nicht fingerbreit von jener Stelle
177 2718 1056 2789 is zu dreistelligen Aufführungsziffern empor
2126 2721 3226 2814 zu: „Was ist denn deine ganze Schreiberei, und wenn
1052 2758 2141 2827 gerückt, an der er lag, als das „Tagebuch eines alten
155 2769 1051 2853 ochte in Wien kaum ein dutzendmal den Kassen¬
2127 2812 3215 2865 du das größte Genie bist, was ist sie denn gegen sp
1055 2809 2129 2872 Wieners“ von sonst unbekannter Hand geschrieben wurde.
157 2823 1054 2886 zu befriedigen. Das Publikum der reichs¬
2125 2851 3232 2925 eine Stunde, so eine lebendige Stunde, in der deine ##
1051 2861 2128 2939 Julius Leisching hat es vor einigen Jahren heraus¬
146 2864 1055 2930 Hauptstadt ermöglicht Otto Brahm sein wunder¬
2127 2895 3212 2968 Mutter hier auf dem Lehnstuhl gesessen ist und zu unß
1054 2912 2128 2977 gegeben. Hier s.ammt Schillers Kunst dieselbe Freude
164 2924 1064 2984 utsches Festhalten an der Kunst Gerhart Haupt¬
2127 2944 3216 3015 geredet hat, oder auch geschwiegen — aber da ist sie
1053 2972 2131 3042 zu, waltet die gleiche zwangvoll abgerungene Hingabe
171 2970 1065 3038 Sein Werk gehört zum embarras des richesses
2133 2994 3222 3073 gewesen — da! und sie hat gelebt, gelebt!“ Und wie in
1060 3018 2141 3080 an Goethes Dichtung, wie sie das Wiener Durchschnitts¬
162 3034 1062 3096 nschen Spielplanes, keine Woche vergeht, ohne
169 3087 3220 3154 kine Hauptmannsche Dichtung aufführte, und publikum von heute immer noch empfindet. Den ersten erwachendem Zusichselberkommen aus bösen Zweifeln er¬
