3484 4352
1578 155 2036 249 box 24/3
272 173 1417 283 19. Der Ruf des Lebens
1253 947 2476 1018 In des Lentnants Bude angelangt, heißt es, sich rasch verstecken, denn
1138 1009 2478 1065 zuerst kommt die Frau des grimmigen Herrn Obersten zu ihrem Max, um
1132 1044 2484 1122 ihn zu belehren, wie man es anstellen muß, um ehrenvoll dem Tapferkeits¬
1132 1109 2486 1153 koller des Herrn Kommandanten zu entgehn. Ihr metaphysischer Leutnant
1140 1153 2487 1199 aber wehrt sich gegen solche Zumutung. Krach, die Scheiben brechen, der
1144 1199 2479 1253 Vorhang flattert und durchs Feuster steigt der Herr Oberst persönlich, um
1128 1272 2487 1316 nach kurzem Schimpfen mit lautem Bums die holde Gattin mansetot zu
1131 1300 2483 1356 machen. Den Subalternen dabei höflich ersuchend, den kleinen Mord einst¬
1130 1350 2495 1399 weilen bis morgen früh auf sich zu nehmen. Die arme Marie kann endlich,
1139 1397 2474 1455 über die zweite Leiche steigend, ihren Max in einen andern Salon der Leut¬
1142 1453 2494 1516 nantswohnung reißen, um dort mit ihm bis zum Abmarsch den Ruf des
1137 1500 1561 1559 Lebens zu exekutieren.
1256 1547 2476 1616 Gab's also in den beiden ersten Akten genugsam theatralischen Spek¬
1129 1598 1903 1665 takel, so kommt im dritten Akt die Idylle.
1253 1659 2480 1703 Der merkwürdige Arzt, die gute alte Tante, ein abgewiesener, ab¬
1137 1695 2484 1751 grundfader Freier Mariens, diese selbst und zuletzt die nette, kleine Katharfna,
1129 1748 2478 1795 die wochenlang verschollen war und jetzt plötzlich, eine neue Ophelia, mit
1141 1790 2483 1854 frisch gebügeltem Ballkleidchen, aber zerrissenen Schuhen —- ist sie doch, dem Ruf
1146 1842 2491 1895 folgend, die Straße des Lebens fleißig abgelaufen — nach Hause kommt, um
1130 1892 2492 1941 die dritte Leiche abzugeben. Sonst geht alles friedlich und sanft ausklingend
1139 1944 1670 2006 im modernen Schlusse unter.
1258 1987 2479 2053 Wer schuld daran ist, daß dieses schon 1906 in Berlin durchge¬
1136 2052 2481 2113 fallene Stück jetzt den Wienern serviert wird, weiß ich nicht. Jedenfalls
1140 2095 2480 2148 nicht ein Freund Schnitzlers. Oder war es bloß eine Spekulation, die rä¬
1128 2139 2484 2216 sonierte: Schnitzlers Kreationen, jenseits des „Reigen“, sind pikante und
1142 2195 2487 2273 es muß doch auf die Wiener Weiber wirken, wenn gleich zwei Frauen in
1139 2241 1935 2310 einer Nacht zu einem Lentnant kommen!
1142 2347 2484 2389 ist sie gezeichnet. Daß sie gegen ihren widerwärtigen Vater nur Pflicht,
1139 2387 2486 2450 schweigende Fflicht tut, finden wir begreiflich, aber was wissen wir von ihr
1142 2449 2475 2514 sonst? Nichts, als daß sie brünstig ist bis zum siebzehnten Grade. Daß
1141 2494 2477 2564 man aus Liebe mordet, kann gewaltig und schön sein — den Riegel auf zum
1129 2549 2488 2608 Tor des Lebens, wer den Weg verstellt, muß weichen —, aber diese aus allen
1130 2596 2492 2656 Poren spritzende Geilheit, neben dem Leichnam der Nebenbuhlerin betätigt, ist
1139 2646 1477 2714 einfach widerlich.
1252 2686 2477 2753 Wir denken nicht mehr mittelalterlich genug, um zu dulden, daß uns das
1137 2741 2484 2800 stärkste Gefühl im Menschen neben Hunger und Durst als Sünde deklariert
1129 2793 2484 2859 werde. Schnitzler hat auch die Notwendigkeit des raschen Handelns der Marie
1140 2841 2490 2898 genugsam aufgezeigt und offenbar geglaubt, was künstlerisch motiviert sei,
1138 2892 2488 2946 müsse auch ästhetisch befriedigend wirken. Leider versagt aber gerade diese
1140 2946 1941 3006 Argumentation durch die Roheit der Mache.
1251 2987 2481 3046 Besser ist Katharina weggekommen. Ihren Lüsten hängt Sch. ein
1141 3044 2485 3094 Mäntelchen um. Krank ist sie und nur kurz noch soll ihr Erdenwallen sein,
1131 3087 2479 3140 drum rasch ein Teil erfaßt von dem, was hier das „Leben“ heißt. Im letzten
1131 3140 2491 3196 Akt habe ich sie nicht verstanden. Vom Baume der Erkenntuis hat sie die Frucht
1137 3196 2491 3251 geholt, mit tändelndem Kinderwort aber, voll Keuschheit und süßem Nicht¬
1140 3240 2480 3308 verstehn, begleitet sie den Wiedereinzug bei der harrenden Mutter. Schloh¬
1126 3291 2500 3374 weiß und rein das Kleid, der Schuh aber zerrissen, welch mystisch=tief Mirakel!
1757 3400 1893 3461 30
