3436 4352
1260 342 1833 425 TIIE CAEFGF EHE
1217 515 1920 589 TAP CUMIEDT VIIENTE
1230 655 1914 723 COMEDY THEATRE—The Actors'
1272 697 1920 749 Theatre present Arthur Schnitz¬
1276 739 1920 800 ler’s The Call of Life“ English
1528 777 1912 825 Dorothy Donnelly
1270 784 1526 835 version by
1268 813 1824 878 directed by Dudley Digges.
1463 865 1684 919 THE CAST
1619 875 1910 945 Egon Brecher
1267 898 1392 967 Noser
1289 912 1907 976 farie his däughter Eva La Galllenne
1258 958 1714 1004 Edward Rainer, a forester
1546 965 1900 1016 Douglas R. Dumbrille
1260 997 1904 1040 Doctor Schindler Thomas Chalmers
1260 1020 1895 1075 Mrs. Toni Richter, Moser’s sister-in-law,
1706 1049 1896 1096 Allee John
1254 1063 1668 1125 Catherine, her daughter.
1566 1081 1901 1137 Katherine Alexander
1258 1113 1775 1164 Max, a lieutonant of tne Blue
1565 1130 1905 1185 Derek Glyune
1305 1152 1511 1184 Cuirassiere
1271 1159 1897 1200 Sebastian, a sergeant... Leéte Stone
1651 1193 1894 1227 Hermann Lieb
1261 1198 1499 1235 The Colonel
1257 1204 1896 1253 Albert, a lieutenant Stanley Kalkhuret
1265 1243 1767 1289 Ireie, the wife of the Colonel.
1693 1258 1900 1304 osalind Fuller
1391 1315 1769 1372 By ALAN DALE.
1262 1356 1904 1422 TITHE Blue Cuirassiers never
1332 1403 1913 1464 came back. Last night’s
1271 1459 1917 1512 audlence at the Comedy Thea¬
1265 1507 1911 1561 tre must surely have determined
1267 1552 1911 1604 to emulate the example of the
1263 1594 1907 1651 aforesald Blue Culrassiers. They
1268 1643 1927 1701 had to sit through a portentious
1264 1687 1918 1753 sample of Schnitzlerism in the
1271 1734 1822 1800 shape of The Call of Life.“
1301 1777 1910 1841 They had to endure for one
1273 1826 1914 1879 tremendous first act that lasted
1262 1876 1910 1920 one solid hour the symboliams
1269 1907 1911 1968 that are 80 often used in oult“
1263 1942 1911 2014 plays. You knowthe sort I
1267 1984 1916 2046 mean. Nobody ever really an¬
1273 2020 1924 2079 swers à question. Everybody
1276 2058 1922 2110 seems to be playing at cross-pur¬
1265 2096 1907 2152 poses, and you are obliged to
1270 2132 1916 2194 wonder what it is all about.
1274 2174 1921 2229 Frinstance, if somebody asks:
1789 2212 1833 2241 „
1277 2211 1923 2268 How do you feel today? the
1269 2256 1914 2303 reply is, “Oh, the birds are twit¬
1274 2288 1914 2363 tering and the heavens are
1269 2323 1920 2376 blue. Or to such a query as
1276 2375 1318 2406 #
1296 2361 1921 2418 What time is it?“ the answer
1275 2397 1910 2456 would be The pink flowers blos¬
1276 2444 1665 2499 som in the Spring.“
1312 2466 1915 2525 That is regarded as singularly
1270 2507 1914 2571 beautiful, and dreamy, and poetic,
1267 2554 1920 2603 and its lack of sense is forgiven.
1278 2588 1926 2641 In fact, if you don't like it, it 18
1279 2627 1930 2685 because you have no soul. You
1261 2666 1929 2722 are material. Nearly all'the first
1274 2702 1930 2753 act of The Call of Life“ was
1276 2738 1824 2788 that style of entertainment.
1316 2768 1930 2831 The lachrymose Marie and the
1280 2828 1932 2863 invalided Moser sit and talk. The
1277 2853 1924 2900 Blue Culrassiers never came
1281 2888 1932 2944 back. They dinned that into our
1272 2924 1928 2979 ears. After the first intermission
1274 2964 1923 3015 I longed to be a Blue Cuirassier.
1275 3003 1906 3056 Why wasn't Ia blue Cuirassier?
1301 3039 1928 3083 Marie loved a Blue Cuirassier,
1276 3078 1928 3134 and was awfully biue herself.
1278 3118 1925 3169 Oh, how blue was Marie, and
1271 3151 1931 3201 how tedius! But a dreen For¬
1284 3189 1933 3240 ester loved Marie, and begged
1278 3239 1944 3281 her to go away with him. She
1285 3262 1939 3333 had Moser to lock after. She
1284 3312 1934 3364 couldn't go. Ard'she lovedthe
1281 3340 1936 3399 other. Then ### dröpped some
1280 3394 1934 3431 merciful drops into öld Moser’s
1280 3417 1940 3474 medieiné (they should have been
1285 3467 1952 3516 used in à prologue; there wasn't
1288 3492 1939 3543 a prologue, but there should have
1282 3533 1938 3582 been, and instantly he fell to the
1276 3570 1941 3616 floor, as tiresome old actors love
1288 3610 1948 3655 to fall, gurgling and prostrated,
1291 3646 1933 3693 and then—Marie put on her bon¬
1289 3684 1951 3731 net and shawl, and went post¬
1281 3731 1944 3770 haste to the officers’ quarters
1283 3760 1936 3814 where her Blue Cuirassier held
1288 3802 1430 3856 forth.
1309 3814 1932 3883 After that we were Schnitzlered
1285 3871 1934 3933 into violet melodrama, with a
1276 3912 1932 3968 soupcon of militaristie symbol¬
1287 3950 1934 4002 ism. Marie hid in a closet, and
1287 3988 1949 4042 there she heard the Colonel’s
1288 4028 1945 4085 wife appear to her Blue Cuiras¬
1283 4062 1934 4114 sler, and tell him how much she
1284 4101 1945 4156 Joved him. And subsequently the
1284 4147 1952 4196 Colonel pops into the quarters
1289 4180 1942 4237 and shoots wifie dead on the
1966 318 2559 403 Leads New Cast
2473 482 2505 537 0
1936 1555 2631 1603 EVA LA GALLIENNE, who ap¬
1953 1586 2617 1647 pears in Arthur Schnitzler's
1964 1620 2614 1671 drama, The Call of Life,
1969 1668 2620 1725 which opened last night at thel
1964 1707 2337 1765 Comedy Theatre.
1939 1782 2597 1847 spot. Marie thereupon creeps
1941 1837 2608 1887 from her hiding place, and as the
1939 1874 2604 1932 curtain falls she is there with
1952 1910 2608 1970 her Blue Cuiraseler and the
1947 1947 2606 2019 corpse, or prostrate body, of Mrs.
1952 2001 2128 2051 Colonel.
1982 2015 2600 2086 It was all told in dark blue
1939 2072 2600 2127 atmosphere, with frighhteningls
1944 2107 2595 2152 long pauses. The pauses were
1942 2145 2595 2192 simply unbearable. They all
1952 2169 2604 2232 seemed to think that time meant
1947 2220 2612 2279 nothing at all. They super¬
1955 2260 2613 2313 paused, they paused, they extras
1947 2293 2614 2358 paused, and it grew deadeningly
1950 2348 2602 2392 tedious. It seemed an odd play
1942 2375 2602 2426 for the Aetor. Theatre to pre¬
1943 2413 2605 2466 sent. The Actors’ Theatre must
1948 2449 2608 2499 be hard up, indeed, for it takes
1949 2485 2600 2546 more than à label to make an in¬
1956 2526 2608 2586 teresting play. In this case the
1959 2560 2579 2619 Schnitzler“ label was too thin.
1992 2602 2618 2657 Eva Le Gallienne played Marié
1950 2643 2609 2695 mournfully and super-soulfülly,
1954 2678 2606 2729 but Katherine Alexander, whö
1953 2717 2616 2767 had a slight ible, was qüite de¬
1962 2750 2622 2804 lightful and as human as Schnitz¬
1950 2790 2614 2847 ler would permit. Spring didn't
1955 2832 2601 2889 tease her blood as it did Marié's,
1955 2861 2610 2917 but she murinuredFarewell,
1946 2901 2605 2957 flowers! Thei past Is past!“
1958 2934 2601 2996 Derek Glynne was the Blue
1955 2974 2618 3025 Culrassier, whom they all seemed
1960 3012 2605 3067 to dote on, and Alice John, in
1959 3058 2609 3110 the garbs of 1840—that was the
1968 3090 2617 3140 vintage—was an old dame in a
1958 3124 2492 3172 shawl and a poke bonnet.
2001 3146 2622 3210 But the Blue Qulrassiers never
1958 3204 2616 3250 came back. I beg to announde
1960 3243 2616 3284 that as far as this play in con¬
1959 3279 2632 3329 cerned, I fully intend to be a
1966 3315 2298 3370 Blue Cuirassier.
2283 3346 2441 3416 S
