3484 4352
283 167 1442 292 19. Der Ruf des Lebens
208 900 469 992 d von Berlin.
207 1023 966 1099 st von der Nutzleere, des Lebens Mannig¬
190 1090 973 1141 El ist der Reiz der Gegenwart ... Jene
204 1130 959 1201 hten in diesem Stücke, jene fühlen: des
199 1183 973 1259 wer diese Gestalten schuf, Gestalten, deren
202 1231 965 1307 nie hinauswachsen über eine Eintags¬
194 1258 679 1349 as mußte Schnitzler sein.
204 1334 962 1403 e und die Mängel des Dichters in gleich¬
203 1387 952 1441 in dem Suchen nach des Lebens unend¬
193 1436 955 1502 fster Seelenschachte, in der lebenswahren
192 1480 967 1546 thicksalen, in der restlosen Verschmelzung
192 1528 966 1589 el aber in der ewig=einseitigen Belichtung
193 1588 965 1651 nkt einer von den Jahreszeiten noch nicht
203 1642 956 1704 solches tun konnte, der mußte wiederum
197 1686 957 1762 sein zudem: der mußte Arthur Schnitzler
194 1751 960 1838 „Der Ruf des Lebens“ nicht größere und
189 1829 950 1901 Aufforderung zu einer Liebesnacht. Aber
192 1874 957 1951 fe Folge leisten, Kinder eines Geschlechts,
192 1935 958 2002 Wurzeln immer nur im Geschlechtlichen
182 1981 949 2052 keben bedeutet. Und die Männer, die da
194 2024 952 2093 sind Männer der Resignation, ob nun
193 2082 943 2141 wächen kraftentschlossen sterben; die um
195 2134 940 2200 i in den Tod gehen und hunderte mit¬
184 2175 943 2250 Männer, die angesichts des Todes, über
183 2229 949 2297 n mit der anderen, um die kurze Spanne
184 2270 942 2350 die vor der Nähe des Todes zittern und
187 2324 948 2413 der Blick einer vor Jahren verstorbenen
191 2368 939 2449 Männer, die fortziehen in den Krieg,
187 2433 945 2496 erwiderte, kurz: Männer, die an Weibe
177 2466 955 2547 in, wo eines Weibes Treu oder Untreu,
160 2522 903 2596 Füber ein Mannesschicksal entscheidet ...
171 2569 935 2645 r, die aus Schwachheit Helden sind und
161 2622 935 2706 päterwachten Frauen, die an des letzten
160 2683 936 2752 ern, nun da es zu spät ist, sie gehen
161 2725 932 2799 reuzen sich vielleicht hier, vielleicht dort;
177 2778 941 2850 Abschied oder sie sterben, Einer im Arm
172 2819 937 2900 sie sich zu einer nachdenklichen melan¬
166 2873 929 2948 en Buche, wo jedes Wort zitternd nach¬
180 2923 930 2993 mag paradox klingen, aber dennoch sage
179 2974 926 3050 scheitert an der Fülle aufgehäufter Ge¬
176 3025 943 3089 ich einen äußeren Faden, die nur durch
157 3066 926 3148 n Zusammengehören verwebt sind; Ge¬
159 3122 930 3191 lßeren Voraussetzungen sich notwendig so
176 3170 926 3251 se Voraussetzungen zu zwingender Wir¬
181 3228 933 3294 an zu einem geschlossenen Drama; der
175 3258 934 3349 inen Inhalt bei abseits Liegendem; der
170 3323 935 3401 og. ein Nachhall der früheren Geschehnisse,
167 3363 932 3439 n Rührsamkeit. Durch das Ganze aber
174 3421 932 3495 n Sätzen, die müde den Urgrund aller
166 3461 959 3555 nd als nachdenkliche Sätze. Und ehe der
1592 196 2055 290 box 24/2
2799 952 2908 1034 317
1950 958 2426 1045 Der Roland von Berlin.
1444 1094 2920 1167 Vorhang fällt, da steht eine Schwarzgekleidete, eine Seelengestorbene neben
1450 1147 2913 1228 einer Weißgekleideten, Fleischesgestorbenen. Und draußen auf der Sommer¬
1447 1190 2887 1272 wiese pflücken fröhliche Kinder bunte Blumen und winden sie zu Kränzen ....
1540 1249 2922 1303 Die Schwarzgekleidete ist Irene Triesch, ist das Mädchen, das fort über
1448 1279 2916 1349 Sitte und Verbrechen dem Ruf des Lebens folgt, auf eine Nacht; die nun
1440 1351 2901 1397 weiter wandelte im Halbtraum, in der Erinnerung einzig an jene eine Nacht.
1441 1398 2904 1455 Mich hat Frau Triesch in dieser Rolle nur halb überzeugt, nur halb überzeugt,
1438 1445 2904 1515 weil sie zuviel gab und zu wenig unterließ. Im Nebenzimmer liegt der
1449 1491 2900 1539 Vater, der Sterbende, der Gehaßte. Sie aber, wo sie in ihrer Lebenssehn¬
1451 1541 2905 1596 sucht spricht, greift zum Fortissimo, sucht ihr Element und klagschreit. Da
1446 1595 2903 1655 war ein gut Teil Steigerungsmöglichkeit dahin. Marr, wie bei Keyserling
1439 1641 2907 1696 einen Akt lang sterbend, erklomm mit Wucht einen darstellerischen Gipfel¬
1436 1692 2906 1741 punkt, der ihn den Ersten zugesellt. Im zweiten Akt gab Bassermann den
1442 1742 2892 1806 Oberst. Unbeweglich, starr; und aus Blick und Mundwinkel schuf er einen
1441 1792 2901 1846 Menschen. Einen Eiferer der Sanftmut, einen anspruchslosen Arzt, formte
1431 1842 2905 1886 Reicher mit seiner Meisterschaft im Episodischen, und mit einem Blinzeln zum
1442 1881 2895 1930 Pastoralen. Eine reizlose Seitenrolle nähert Else Lehmanns Herzigkeit der
1438 1934 2856 1999 Teilnahme. Rittner machte aus dem Unmut gegen seine Rolle wenig Hehl.
2112 2003 2203 2083 II.
1503 2060 2891 2144 Die Moskauer ... Welchen Gesichtswinkel es gilt einzustellen: darauf
1429 2127 2894 2169 zuvörderst kommt es hinaus. Es fragt sich, ob diese Russen Werte schaffen, die
1433 2173 2889 2222 hinausgehen über Gewesenes und hinaufwachsen zu Künftigem. Werte, deren
1434 2212 2897 2294 Schaffung ihnen allein eignet. Grob gesagt: es fragt sich, was wir von diesen
1429 2275 2885 2340 Russen profitieren können ... Denn nur zu Gast sind sie bei uns; sie
1429 2321 2903 2406 schwingen Sprachwaffen, mit denen wir nicht zu fechten wissen; und drei
1424 2372 2136 2423 Wochen oder vier, und sie sind fort.
1499 2415 2889 2498 Genau geschaut: Neuwerte bringen sie nicht ... aber eine Synthetisierung,
1423 2471 2890 2544 die wir nicht haben. Die Vorzüge der Brahmbühne und die Vorzüge der
1428 2514 2888 2563 Reinhardtbühne sind hier geeint ... ohne beider Mängel; und ohne beider
1425 2568 2892 2615 Schranken. Der Vorzug der Brahmbühne ist das Ensemble, stark, geschlossen,
1417 2607 2887 2689 gleichwertig (für Ibsen, etwa für Hauptmann, aber nicht weiter). Die
1425 2662 2889 2730 Vorzüge der Reinhardtbühnen sind bühnentechnisches Streben, Ausnützung der
1417 2722 2882 2767 Farbwerte, ein Tasten in Richtung musikalischer Vertiefung, das Wegsuchen
1425 2765 2885 2839 zur neuen Romantik ... Und Brahms Schranken sind sein konservativer
1427 2812 2884 2869 Starrsinn; und als Folge (abseits Bassermann) das Fehlen von Pfadsuchern.
1412 2854 2883 2931 Reinhardts Schranken ist das Fehlen des Ensembles; ist die Zersplitterung
1410 2914 2888 2968 durch das Sich=die=Wegekreuzen der Pfadsucher, junger und alter. Diese
1411 2956 2876 3039 Russen aber finden beider Vorzüge und meiden beider Schranken. Sie haben
1409 2998 2878 3104 das Gleichmaß aller Waffen. Wären sie Deutsche, so wären sie das deutsche.
1421 3049 1604 3113 Theater.
1489 3107 2871 3197 Wären sie Deutsche, am Ende wären sie minder großzügige Darsteller.
1420 3153 2863 3219 Lehrreich bleibt es zuzuschauen, wie des Slawencharakters Schatten sich um¬
1410 3211 2879 3288 schafft zu künstlerischer Leuchtkraft. Der Großrusse scheint faul . .. heimlich
1408 3244 2858 3314 aber glimmt der Funken und glüht und loht. Und diese russischen Schau¬
1417 3301 2871 3380 spieler scheinen faul ... heimlich aber glimmt der Funken und glüht und
1410 3354 2862 3430 loht. Sie halten ihre Arme am Leibe; den Kopf bewegen sie, als trügen sie zeit¬
1402 3407 2869 3476 lebens die Metropolitentiara, unförmig schwer ... heimlich aber glimmt der
1409 3441 2870 3522 Funken und glüht und loht. Kaum daß sie gestikulieren; aber sie bewegen sich.
1405 3491 2869 3562 Kaum daß sie sich bewegen; man möchte sagen: sie werden bewegt ... von
