3436 4352
1595 266 2082 371 box 24/2
297 269 1472 363 19. Der Ruf des Lebens
1778 958 3387 1186 1 deg Verais
420 978 1702 1219 hihen Genstent, bul uch.
1673 1175 3406 1249 in Katharinas Geliebten, im jungen Leutnant Albrecht zum Aus= mit dem Faschingsplun
413 1177 1694 1258 genug herauskommt und in den wohlgesetzten Reden relieflos
1668 1220 3402 1288 druck. Ich möchte dem begabten und sympathischen jungen Künstler, den Anschein, als steg
425 1241 800 1304 unbemerkt bleibt.
531 1272 3402 1357 Die Gewaltsamkeit di Handlung verleitet zum Mißbrauch der diese Rolle recht gut gespielt hat, nichts Unverbindliches sagen. Aber einen Wahn, meinetweg
426 1316 3388 1396 des groben Effekts. Schnitzler besät das Feld, auf das er uns ich darf nicht verschweigen, daß es meines Erachtens für das nüchterner Mensch, wie
415 1363 3396 1434 führt, mit Leichen. Ich kenne kaum ein Stück mit einer solchen Stück erheblich vorteilhafter gewesen wäre, wenn die Bedeutung In Wahrheit aber zah
417 1431 3398 1489 Sterblichkeit. Der alte Moser, Irene und Katharina sterben vor dieser äußerlich unscheinbaren Rolle schon durch die Besetzung mit durch das Akzept seines#
417 1468 3398 1526 unseren Augen. Die beiden jungen Offiziere Max und Albrecht einem anerkannt ersten Künstler recht deutlich markiert worden hat. Er diskontiert ihn
2931 1514 3406 1573 fallstage — in ehebr
425 1517 2953 1595 enden als Selbstmörder. Der Oberst, der Unterofsizier, der wach= wäre, mit einer Persönlichkeit, die „das Ohr des Hauses
2919 1558 3398 1638 Obersten wie ein böser
414 1564 1864 1637 habende Soldat, die Leute, die wir vor dem offenen Fenster der besitzt".
1775 1589 3391 1668 Albrecht versteht nicht, daß er und seine Kameraden aus ihm der herrlichste Te#
417 1617 1702 1686 Offiziersstube vorüberziehen sehen, die Kameraden der letzten
1688 1653 3377 1712 dem schönen Leben scheiden sollen, weil vor dreißig Jahren jetzt für Kaiser und Reich,
425 1665 1698 1735 Schwadron, die wir nicht sehen, und alle Mann der anderen
1696 1698 3396 1784 längst Verstorbene und Verschollene durch feige Flucht das hafter Rächer einer alt
428 1707 1695 1802 Schwadronen, die wir von Mosers Stube aus haben vorüber¬
3020 1755 3388 1825 Wie in Schwin
1677 1760 2962 1830 Regiment mit einer Schmach bedeckt haben, die vielleicht nicht
428 1762 1120 1850 reiten hören — alle, alle sterben.
1684 1785 3384 1859 verjährt, aber doch vergessen ist. Er sieht nicht ein, daß er die werden, so geht aus d
1693 1862 3386 1936 Erbschaft der alten Schuld anzutreten habe; er weiß nicht, wofür als blinkblanke Ehre h
3042 1899 3384 1978 Das wären woh
536 1889 2954 1959 Und in allen diesen Getöteten ist der „Ruf des er sich niederschießen lassen soll. Und das, was der junge Mensch
2937 1923 3391 2027 muß“. Wir hätten sie
421 1952 2832 2029 Lebens“ ertönt, mehr oder minder bewußt, mehr oder minder da harmlos ausspricht — wir alle empfinden es mit ihm.
1781 1990 2966 2059 Was ist das für eine wahnwitzig gräßliche Sühne, dieser
3025 1995 3375 2070 Noch schlimmer
425 2005 705 2089 vernehmlich.
3030 2045 3384 2111 Der ernste, zu f
534 2065 2963 2109 Zwischen Schnitzlers „Ruf des Lebens“ und Zolas anbefohlene Massenselbstmoro! Mir scheint, wenn es den blauen
437 2107 3389 2173 „Joie de vivre“ vermag ich kaum einen wesentlichen Unter= Kürassicren von 1849 gelänge, mit möglichst geringen Opfern von seiner Frau, die zu lan
432 2140 3384 2206 schied zu entdecken. Die Uebereinstimmung zwischen dem alten Menschenleben eine den Sieg entscheidende Aktion zu vollbringen, er fürchtet, so ist's de
1692 2188 3392 2255 das würde die seit drei Jahrzehnten mit Schande besudelte Fahne für ihn, für die Ehebr
434 2197 1704 2260 Moser und dem gichtbrüchigen Chanteau erscheint mir sogar voll¬
1699 2246 3385 2318 wieder reinwaschen. Diese Schande aber mit stupid und massen= gewiß. Wenn er den
428 2245 1698 2312 kommen. Der eine wie der andere Greis durch ein qualvolles,
1697 2286 3394 2352 haft unschuldig vergossenem Blut übertünchen, das wird man wenn er sich von seine
431 2297 1705 2348 unheilbares Leiden dem Tode geweiht, der eine wie der andere
2933 2338 3379 2400 unerträglichen Dasein
1698 2333 2956 2403 schwerlich als reinigenden Heroismus gelten lassen. Das ist wüstes
436 2347 1695 2407 nur von dem sehnlichen Verlangen erfüllt, den Jammer so viel
2936 2385 3374 2451 bürgerliche Trauerspiel
423 2387 2948 2463 wie möglich zu verlängern und die Stunde der Erlösung möglichst Bramarbasieren, altorientalische, greuliche Roheit, bluttriefender
1685 2425 3014 2510 Molochgötzendienst, mit dem unsere Kultur keine Fühlung hat. soz
3067 2435 3381 2502 m Bedingungen
436 2438 1706 2524 weit hinauszuschieben. Chanteau, von der Gicht gekrümmt und
1781 2484 3375 2551 Max weiß auf die schlichte und berechtigte Einwendung Nachruf des wenn
424 2489 1702 2543 gelähmt, dessen Dasein nur ein langes, ununterbrochenes
442 2556 3390 2589 Schmerzensgeheul ist, ruft aus, als ihm der Selbstmord seiner seines Freundes auch nichts Gescheites zu antworten. Er ent= Wenn aber für ihn,
438 2583 3386 2648 drallen Köchin gemeldet wicd: „Muß man dumm sein, um sich kräftet nicht einmal die geradezu schauerliche Andeutung Albrechts, hafte Massenhinopferun
433 2633 3392 2706 ums Leben zu bringen!“ Und der jammernde Moser, der keinen daß diese Massenabschlachtung am Ende auf nichts anderes hinaus= Zweck, seinem von ihn
444 2678 3388 2744 frohen, keinen schmerzeusfreien Augenblick mehr hat, empfindet, laufe als auf einen „Witz“ des Obersten. „Der Oberst", sagt Skandalgeschichte zu ne
432 2724 3383 2801 als er die jungen Leute in den Tod traben hört, nur eines: Albrecht, „ist ein gar zu witziger Kopf, darum müssen wir Winkelried herauszupu#
2942 2772 3377 2842 es einfach grauenhaft.
445 2783 1892 2859 die höllische Genugtuung, daß er, der sieche Greis, noch nicht zu sterben.“
3045 2813 3391 2891 Der Oberst ahn
1788 2801 2965 2900 „Nichts über ihn. Ihr versteht ihn alle nicht,“ entgegnet
442 2824 1705 2907 sterben braucht. „Ich lebe noch mit neunundsiebzig Jahren und
1673 2856 3341 2951 Max. „Man muß die Zusammenhänge be= außerehelich ergötzt.
432 2881 1290 2961 werde sie alle überleben — alle — alle!“
2928 2914 3377 2972 ruchbar wird, nicht üb
1692 2921 1850 3006 greifen
566 2900 1707 2994 Hier hat die „Lust am Dasein“, die „Bejahung des Willens
1802 2974 3388 3034 Mit solchen vieldeutigen und nichtssagenden, nebeligen als persönlich schänden
434 2977 1707 3053 zum Leben“ in ihrer abstoßendsten Form etwas Krankhaftes,
1702 3000 3387 3074 Skandinavismen wollen wir uns lieber nicht um die Sache noch ein Gran von L#
445 3021 1711 3100 ja beinahe Unnatürliches. Und der unerschrockene Arzt, der sich
1701 3076 1996 3149 herumdrücken.
2933 3063 3379 3135 die wahre Ursache sein
444 3084 1714 3152 keinen Augenblick im Zweifel darüber ist, daß die gesunde Marie
1784 3088 3374 3173 Vielleicht kommen wir der Sache näher, wenn wir hören, geschehen, regt es woh
445 3120 1711 3179 ein größeres Anrecht an das blühende Leben hat, als der sterbens¬
1699 3158 3381 3224 wie der verständige Albrecht den Verdacht ausspricht, daß sein zwanzigjährige Jünglin
446 3170 1712 3236 kranke Vater an sein welkes Vegetieren, und der weiß, daß die
1693 3212 3379 3271 guter Kamerad Max, der so freudig in den Tod zieht, am mit ihm getötet werde
431 3223 1697 3283 junge Marie erst aufatmen kann, wenn der alte Moser aus¬
440 3259 3376 3341 geatmet haben wird, besinnt sich nicht, Marie die Mittel in die Ende „eine persönliche Schuld in der allgemeinen aufgehen“ der Hekatombe der un
3041 3305 3376 3371 Die Unglückliche
446 3306 1963 3392 Hand zu geben, die, wenn es sein muß, dem Alten die Ohren so lassen wolle.
1803 3356 3378 3427 Das heißt doch wohl aus der gewollten Unklarheit in ver= Vaterlandes und sind
441 3361 1726 3445 fest verstopfen, daß der Ruf des Lebens nicht mehr zu
1682 3393 3375 3489 ständliches Deutsch übertragen: Max behängt die Sübne der eigenen oufer eines wahnsinnig
452 3405 725 3501 ihm dringt.
