3436 4352
1524 201 1995 294 box 24/3
223 183 1481 303 19. Der Ruf des Lebens
634 1007 2416 1075 ——
1867 1115 2041 1191 14
2248 1113 2411 1183 Heft 6
1103 1124 1247 1206 4657
2197 1147 2240 1195 0
719 1124 1092 1218 u. nahr (A#####
700 1147 2225 1241 HAeikerkei Pee
692 1236 1559 1309 Ruf des Lebens ist gar vielstimmig und diese
1876 1245 2124 1326 Berichte.
693 1291 1569 1353 Polpphonie komponiert Schnitzler folgerecht durch.
1662 1309 2448 1387 Triest. Die Herbstsaison bot an Konzerten
696 1340 1563 1389 „Was starrst du mich an? Ich bin es!“ — „Du
1567 1363 2450 1425 manches Treffliche. Vor allem waren es die
707 1375 1569 1424 warst es, Jrene!“ Und erschießt sie. Und geht.
1577 1405 2444 1453 vier Abennements-Konzerte des Triestiner
700 1418 1550 1470 Und da tritt Marie herein. „Ich bin gekommen.“
1567 1447 2452 1510 Quartettes, die in jeder Hinsicht einen glän¬
701 1457 1567 1522 Sie, die Jamals nicht kam! Und da schlägt
1574 1484 2443 1536 zenden Erfolg hatten; es ist erfreulich zu sehen,
696 1495 1577 1560 er dea Mantel um sie und stürmt mit ihr
1582 1531 2446 1573 wie diese vorzügliche einheimische Kammer¬
694 1537 1561 1597 hinaus in die Nacht. Von der Leiche weg ...
1580 1565 2449 1619 musiker-Vereinigung immer mehr Freunde ge¬
704 1571 1575 1635 Ja, lieber Bürger, du wirst das nicht tun. Denn
1580 1603 2447 1656 winnt und wie die Gemeinde, die sich um sie
703 1612 1568 1663 erstens bist du nicht so, und zweitens hast du
1585 1640 2458 1703 gebildet hat, stetig wächst. Ein neuer Kompo¬
705 1650 1563 1719 es gettlob nicht nötig. An dich kommt der
1588 1682 2457 1731 nist, den uns das Quarteft vorstellte, der
703 1705 1570 1744 Ruf des Lebens im angenehmsten Flötenton
1584 1720 2455 1771 Holländer Leander Schlegel, fandsehr viel An¬
703 1727 1579 1786 oder Mezzosopran, und kein Mensch verbietet
1575 1760 2458 1813 klang. Besonders gefiel sein Streichquartett,
712 1780 1572 1826 dir. Und dann, du bist keine Theaterfigur.
1591 1795 2455 1856 das zu den besten zählt, was uns in Kammer¬
704 1813 1563 1863 Aber applaudiert hast du doch stürmisch nach
1589 1836 2454 1894 musik-Kompositionen in neuester Zeit geboten
714 1851 1576 1901 dieser Szene, nicht wahr? Deine Hase machte
1590 1881 2464 1930 wurde; auch sein Klabierquartett, bei dessen
703 1886 1568 1941 Wliene, sich zu rümpfen, aber deine Handflächen
1584 1914 2451 1972 Aufführung der Pianist Emilio Russi sein Bestes
710 1930 1568 1993 juckten dich gar zu sehr. Du mußtest. Wie
1584 1960 2460 2009 gab, wurde beifällig aufgenommen. Eine sehr
704 1976 1568 2019 Marie mußte und Max. Und das ist der große
1588 1998 2454 2051 willkommene Neuigkeit war Richard v. Dergers
701 2008 1568 2055 Sieg des Dichters. Du bist stark, aber er war
1587 2033 2456 2097 Es-dur Streichquartett, dessen klossische Einie
710 2042 1574 2101 stärker. Du verzeihst ihm dann sogar noch
1589 2076 2456 2128 und wertvoller Inhalt allgemeine Zustimmung
709 2091 1568 2142 den schwachen letzten Akt. Und seitdem ist
1589 2127 2454 2166 fand. Neu für unser Publikum war noch
703 2128 1359 2197 überhaupt nie ein Sitz zu kriegen.
1587 2148 2458 2213 Bruckners Quintett, das am dritten Abende auf¬
1179 2155 1539 2236 Ludwig Hevesi.
1584 2186 2469 2250 geführt wurde. Beethovens op. 50 Nr. 2 und
1584 2233 2460 2280 op. 132, Brahmsens Klavierquartette 1 A-dur
861 2229 1579 2298 Tustspieltheater: „Ssawa“ von
1590 2272 2461 2324 (mit Frau Andrich Florio am Klavier), ein Haydn,
702 2274 1571 2333 Teonid Andrejew. Ein russisches Revolu¬
1590 2318 2466 2361 ein Boccherini-Quartett und Perinello's Klavier¬
714 2318 1578 2378 tionsdrania. Alle jungen russischen Dichter
1586 2351 2455 2402 Quintette (am Klavier 6. Curellich) vervollstän¬
713 2362 1573 2421 schreiben jetzt Revolutionsdramen. Sie können
1595 2405 2459 2442 digten die Programme dieses Konzertzyklus,
717 2414 1572 2461 wahrscheinlich nicht anders. Die von der Knute
1590 2433 2471 2491 welcher als ein neuer Beweis des Ernstes und
712 2451 1579 2496 niedergeprügelte Empörung wächst innerlich in
1590 2471 2467 2513 der hohen Künstlerschaft, mit welchen die
716 2495 1578 2538 jedem dieser Künstler, bis sie sich in drama¬
1590 2508 2475 2556 Kammermusik von Seiten unseres Quartettes
720 2514 1587 2574 tischen Explosionen Luft macht. Weshalb diese
1595 2543 2462 2615 gepflegt wird, gelten kann. Ein Sonaten-Abend
712 2560 1579 2615 Art von Stücken sicherlich als brandmarkendes
1593 2583 2474 2644 Jamovich-Curellich zowie das zweimalige
713 2606 1579 2662 Zeichen ihres leidvollen Tebens einmal histori¬
1592 2630 2464 2683 Ruftreten des Violin-Virtuosen Barison,
718 2632 1587 2698 schen Wert haber wird. Dieses stürmt gegen
1590 2667 2471 2713 der nach längeren Touren im Auslande wieder
715 2679 1589 2727 den tief im Volk wurzeinden Glauben und
1582 2705 2472 2765 in seiner Vaterstadt spielte, erfuhren eine glän¬
721 2721 1581 2779 Aberglauben an. Ein junger Fanatiker will eine
1587 2743 2472 2794 zende Rufnahme. Endlich sei noch der Konzerte
718 2759 1578 2808 Kirche in die Luft sprengen, in der ein ange¬
1590 2782 2476 2830 der Schwestern von Kranyi und des Pianisten
726 2801 1579 2846 betetes Wunderbild tausende anlockt, um dem
1596 2829 2472 2876 Alfred Grünfeld erwähnt; auch diesen Künst¬
715 2836 1577 2895 Velk die Hilflosigkeit und Hinfälligkeit ihres
1593 2854 2465 2910 lern blieb der schon bei ihrem früheren Auf¬
714 2870 1588 2928 Götzen zu beweisen. Der Anschlag gelingt und
1595 2900 2478 2963 treten errungene Erfolg treu, und es fehlte
719 2928 1579 2965 mißlingt zugleich: die Kirche fliegt zwar in die
1597 2957 2262 3007 ihnen nicht der gewohnte Applaus.
719 2955 1586 3007 Luft, aber der Pope — der von dem beabsich¬
2031 2967 2479 3039 Carl von Perinello.
1348 2995 1590 3048 bringt das
710 3001 1359 3053 #tigten Attentat unterrichtet ist —
1713 3025 2471 3070 Brünn, Nicht vergebens erschallt der
720 3031 1589 3095 Bild vorher in Sicherheit und zeigt das Unver¬
1596 3058 2479 3110 Ruf nach Heldentenören und ermuntert wohl
721 3073 1588 3135 sehrte — o Wunder! — den Pilgern, deren
1599 3097 2480 3151 noch manchen Barptonisten, der in sich verkannte
729 3113 1588 3177 ekstatische Verzückung sich jäh in Wut gegen
1606 3136 2466 3198 Tenorqualitäten vorfindet, zur Nachahmung des
722 3154 1582 3213 den Frevler wandelt, der seine Tat mit dem
1604 3179 2466 3243 Beispieles, das der über Nacht berühmt
1393 3193 1583 3244 die Mit¬
723 3198 1361 3255 Leben bezahlt. — Das Publikum,
1597 3219 2468 3283 gewordene Tenor Rudolf Bergers gegeben.
721 3221 1584 3286 glieder der „Freien Volksbühne“ — bereitete
1600 3262 2473 3309 Bergers Kunst appelliert nur an den Verstand,
721 3267 1419 3347 dem Werk einen stürmischen Erfolg.
1602 3300 2483 3347 weniger an das Herz. Sie zeigt uns, wie ein
1277 3304 1555 3381 Otto König.
1597 3333 2477 3395 Sänger singen muß, seinen mühelosen Aufstieg
1604 3378 2468 3440 zur Höhe, die unwiderlegliche Sicherheit im
856 3372 1588 3450 Lustspieltheater; Frank Wede¬
1610 3424 2476 3473 Ansatze, und bietet sich in wohl überlegter
733 3423 1600 3480 kind eröffnete an dieser Bühne ein kurzes
1607 3455 2476 3511 Phrase und gewählten. Ausdrucksmitteln der
732 3473 1592 3520 Gastspiel. Über die zur Aufführung gelangten
1601 3497 2479 3566 Darstellung. Mitreißen könnte Bergers Lohen¬
726 3510 1595 3574 Stücke „Musik“ und „Zensur“ berichtet Max
1611 3529 2480 3613 grin nicht. Vor allem fehlt ihm der metallische
728 3555 1250 3623 Messer im nächsten left.
670 3564 2547 3673 P—
