3484 4256
467 2151 517 2226 1
938 196 984 273 d
297 204 2083 311 19. Der Ruf es Lebens box 24/4
1927 691 2577 787 214 Crn Prag.
1920 754 2357 815 „Kater Lampe.
2426 733 3033 826 „Der Ruf des Lebenk“.
2773 799 3024 856 „Das Le¬
1992 804 2704 853 „Herodes und Mariamne“.
2265 841 3034 892 Einervon unsere Leut'“ (Gast¬
1920 837 2189 899 bensfest“
2174 882 2776 931 spiel des Berliner Theaters.)
1948 906 3080 972 Kal. Deutsches Landestheater. „Kater Lampe“,
1862 943 3079 1016 die talentvolle Komödie des leider zu früh verstorbenen Rose¬
1872 996 3090 1048 now, erzielte bei ihrer Premiere einen großen Heiterkeitserfolg,
1871 1037 3097 1085 der sich seither=anch en einem materiellen zu #erbeben“scheint.
1877 1077 3097 1119 Regsseur Faber hat das Stück verständnisvoll inszeniert und
1877 1109 3099 1167 für ein vortreffliches Zusammenspiel gesorat, das rückwirkend
1878 1157 3082 1217 jeder Leistung zugute kam. Die Komödie selbst ist geschickt,
1877 1205 3094 1258 wenngleich nicht sehr originell gearbeitet; doch fehlt es nicht
1878 1240 3015 1294 an wirklich witzigem Dialog und komischen Situationen,
1874 1275 3098 1347 manchem Hörer über das östhetische Unbehagen beim Schlachten
1871 1324 3095 1374 sobwohl hinter der Szenel und beim Verzehren der armen Katze
1869 1365 3091 1406 hinweahelfen mußten. Die gelungenen Typen der Herren
1872 1407 3098 1468 Rittig Löwe, Dr. Manning und Viktora standen im Vorder¬
1877 1445 3103 1508 arund. — Schnitzlers „Ruf des Lebens“ gehört dichterisch und
2257 1474 3099 1543 =Feinsten, das dieser Wiener geschrieben
1876 1484 2215 1548 pfychologisch
1875 1515 3110 1584 hat, der ein Dichter des Lebens ist, wobei das Wort seine ein¬
1875 1574 3099 1618 fachste Bedeutung beansprucht, weil sie die tefste ist. Wie eine
1881 1602 3090 1679 wundervolle Variation des „Schleiers der Beatrice“ mutet uns
1871 1641 3088 1717 „Der Ruf des Lebens an". Tort wie hier muß der Tod das
1238 1662 1646 1754 Telephon 12801.
1873 1693 3097 1739 ganze Werk hindurch seine schwarzen Schatten werfen, um
1880 1722 3091 1784 die Sonne des Lebens recht blendend scheinen zu lassen. Dieses
2159 1766 3105 1837 dessen Inhalt aus diesen Blättern bereits be¬
1873 1772 2120 1829 Schauspiel
1884 1804 3103 1860 kanat ist häuft die Motive seines Themas, als könnte sich
1868 1856 3101 1910 der Dichter nicht genua tun im Variieren des Lebensdranges:
626 1851 1477 1948 Mne WeerKere
1874 1890 3105 1947 Moser, Marie, Katharina, Max, Albrecht und Irene: und mit¬
1891 1931 3101 1990 ten darin wie heitere, friedvolle Ruhepunkte: der Arzt und der
477 1927 1633 1996 O l. österr. behördl. konz. Unternehmen für Zeitungs-Ausschnitte
1887 1981 3064 2030 Förster. Aber: so sein und tief das Stück als Dichtung ist —
648 1986 1542 2089 Wien, I., Concordiaplatz 4.
1888 2007 3105 2071 ein Drama ist es nicht. Indem jeder Akt ein Stück für sich
1893 2058 3090 2109 bilden kann, bleibt die innere Einheit ein unerfüllter Wunsch,
489 2064 576 2125 4
875 2066 1305 2131 Vertretungen
1893 2104 3103 2165 was um so mehr zu bedauern ist, als mir die Kühnheit, mit
543 2123 1626 2177 In Berlin, Budapest, Chicago, Christiania, Genf, Kopen¬
1883 2143 3096 2183 der Schnitzler im zweiten Akt neue Personen auftreten und
536 2155 1635 2223 hagen, London, Madrid, Mailand, Minneapolis New-Vork,
1883 2178 3102 2251 im nächsten nicht wieder erscheinen läßt, ein Verfahren scheint,
571 2186 1601 2268 Paris, Rom, San Francisco, Stockholm, St. Petersburg.
1888 2226 3101 2277 das vom Standpunkt der dramatischen Technik einer giltigen
892 2239 1289 2300 (Quellenangabe ohne Gewähr.)
1885 2266 3096 2323 Rechtfertigung entbehrt. Die Aufführung bot unter der Lei¬
1890 2306 3089 2359 tung Dr. Egers viel Erfreuliches: vor allem die packende Lei¬
490 2284 975 2373 Ausschnitt aus:
986 2319 1688 2412 ust- und Theater Anzeiger
1889 2352 3095 2395 stung des Frl. Medelsky (Marie) und die eindrucksvolle, von
607 2353 843 2417 München
840 2343 1019 2438 MK. 1903
1897 2392 3104 2450 Temverament und männlicher Haltung getrogene Gestalt des
485 2402 711 2476 E vom:
997 2396 1287 2498 München
1895 2420 3090 2476 Herren Onno (Max). Sehr warm und mit feiner Zurück¬
1886 2458 3092 2521 haltung gab Herr Dr. Mannina den Arzt. Arthur Schnitzler,
1889 2507 3104 2562 der der Erstaufführung be'wohnte, konnte sehnmal vor der
1882 2541 2315 2606 Ramve erscheinen. —
2306 2550 3106 2605 Die Vorstellung von Hebbels „Herodes
3059 2582 3104 2641 5
1889 2589 3080 2639 und Mariamne“ die uns das Gastspiel des „Berliner Theater“
682 2570 1587 2684 Schnitzlers Drama „Der Ruf des Lebens“.
1894 2629 3096 2687 (Direktion: Meinhard=Bernauer) brachte, war in mancher Be¬
586 2646 1578 2709 gelangte in einer neuen Bearbeitung am Prager
1895 2682 3105 2730 ziehuna sehr lehrreich. Besonders der dekorative Rahmen er¬
595 2696 1584 2759 Deutschen Theater zur Aufführung und fand be¬
1892 2717 3101 2778 wies sich in seiner aroßartigen Einfachheit als wirkungsvoll
586 2717 1608 2829 sonders nach den ersten Akten beifällige Aufnahme.
1888 2757 3110 2832 und wort= wie spielunterstützend. Sodann war es das tadel¬
1896 2797 3105 2892 lose Zusammenspiel, die geistvolle Regie, welche uns bei Er¬
1893 2853 3104 2917 kenntnis vieler mittelmäßiger Kräfte den Segen zahlreicher
1891 2893 3102 2969 Proben ad oculos demonstrierte. Aus diesem Ensemble, das
1949 2940 3096 2996 sehr den Eindruck eines vortrefflichen Ganzen macht, ragt
1878 2967 3109 3051 Herr Heine turmhoch empor. Sein Herodes ist eine pracht¬
1897 3025 3109 3092 volle Fiaur, in Spiel und Gesten unübertrefflich (seit Mat¬
1886 3058 3108 3135 kowsky tot ist!). im Wortausdruck tief und eindringlich. Neben
1887 3106 3100 3176 ihm fiel mir als Künstler eigentlich nur Herr Clewing auf, der
1877 3151 3097 3200 den Titus römisch durch und durch spielte und sprach; seine
1888 3185 3101 3239 frappierende Maske bleibt mir unvergessen. Momente großer
1888 3228 3099 3289 künstlerischer Qualität hatten die Damen Renier (Mariamne)
1886 3268 3099 3330 und Wieke (Alexandral. Herr Berger wäre ein ausgezeichneter
1882 3304 3095 3380 Joseph gewesen, wenn ihm die Regie das Jüdeln untersagt
1872 3356 3100 3421 hätte. Ihm, dem Herrn Direktor und manchem anderen. Diese
1878 3393 3100 3461 Stilwidrigkeit hätte nicht vorkommen dürfen. — Als Premiere
1871 3430 3087 3507 brachten uns die Berliner Gäste Röslers „Lebensfest“ ein
1869 3474 3095 3544 Lustspiel ohne originelle Handlung und ohne neue Figuren.
1875 3504 3095 3590 Aber der witzige Dialog und die ausgezeichnete, sehr flotte
1877 3548 3093 3625 Darstellung (Herr Heine war als Maler Roderich von über¬
1881 3597 3079 3657 wältigender Komikl ließen uns die kritische Sonde kaum an¬
1872 3631 3091 3703 setzen. * Den arößten Publikumsersola erzielte das Ensemble
1872 3673 3096 3746 mit der alten Posse „Einer von unsere Leut'“ von Kalisch und
1875 3723 3092 3772 Berg. Sie ward aufgeputzt mit zahlreichen Couplets und son¬
1867 3754 3087 3827 stigen Einlagen schmackhaft gespickt und wurde sehr gut gegeben.
1870 3799 3083 3871 Künstlerisch war der in echtem altwiener Milien gehaltene Stil.
1871 3849 3086 3901 Herz“ Sabo und Herr Clewina, sowie Direktor Meinhardt
1868 3885 2852 3952 hatken den Hauptanteil an dem stürmischen Beifall.
2678 3922 3077 4006 Max Milrath
