3436 4352
310 197 1459 299 19. Der Ruf des Lebens
504 597 775 668 —
1004 655 1159 749 28 01
592 824 1426 933 WIENER ABENDPOS7
496 925 1509 1015 (Deutsches Volkstheater.) Samstag
417 967 1501 1078 „wurde gegeben: „Der Ruf des Lelens“
461 1052 1518 1127 Schauspiel in drei Atten von Artur Schniglel.
461 1103 1499 1175 Das Stück erscheint nun schon zum dritten Mal im
459 1158 1500 1228 Spielplan, in dem es bisher nicht Wurzel zu fassen ver¬
450 1199 1507 1276 mochte. Wilde Kolportagedramatik knallt hier los, heiß
450 1259 1501 1327 zufahrende Romantik befremdet und dicht dabei die
450 1311 1500 1379 sorgsamste Begründung und genaueste Erkundung
454 1352 1488 1415 dunkel triebhafter, seelischer Vorgänge. Das ergibt nur
439 1401 1491 1469 klaffende Zwiespältigkeit und durchaus keine gefestigte
449 1463 1493 1511 organische Verbindung. Die Tragödie birgt volkstüm¬
437 1513 1484 1572 liche, balladeske, man möchte fast sagen bänkelsängerlich
449 1554 1497 1629 „muritätliche" Elemente genug, um hundert alten
447 1611 1487 1676 Köchinnen die heißesten Tränen der Rührung zu entreißen
443 1669 1489 1726 aber diese naiven Hörerinnen müßten doch zugleich
433 1705 1493 1788 auch so überfeinerte Nerven haben, daß sie im Stande
431 1761 1485 1825 wären, die kaum hörbar mitschwingenden Obertöne
435 1810 1485 1885 einer handgreiflich derben Melodie halb erratend zu
444 1854 1488 1930 erfassen. Auf erkünstelte Voraussetzungen ist hier alles
442 1911 1496 1987 schwankend gestellt. Das Herz dieser Szenen sitzt im
436 1966 1493 2051 Kopf ihres Dichters, der diesmal viel geistreicher und
439 2015 1492 2092 scharfsinniger ist als dem beschleunigten Pulsschlage
432 2069 1505 2133 seiner Schöpsung zuträglich. Dazu tritt noch, daß
429 2105 1482 2186 wir heute den Problemen vom bedingungslosen
435 2175 1481 2234 militärischen Heldentum, soldatischen Mut und
425 2215 1474 2288 kriegerischer Feigheit im Feld und vor dem Feinde,
432 2267 1494 2336 dem Thema Gehorsam und Disziplin, mit erheblich
434 2327 1475 2387 veränderten Empfindungen gegenüberstehen, als noch
421 2370 1481 2439 etwa vor zwei Jahren. Wir sind eben etwas weniger
428 2410 887 2475 rigoros und radikal
884 2406 1483 2482 geworden, die Härten und
434 2456 1472 2516 Grausamkeiten des Krieges haben uns alle
421 2522 1467 2589 seltsam genug milder und menschlicher gestimmt.
420 2566 1469 2636 Daher vermögen wir uns auch mit den überstraff an¬
419 2624 1474 2687 gespannten militärischen Ehrbegriffen, mit dem unbe¬
427 2669 1470 2717 dingt erforderten Opfertode ganzer Regimenter behufs
427 2718 1476 2785 Sühnung längst verjährter Schuld nicht mehr zu be¬
435 2754 1483 2837 freunden. Fremd stehen wir heute dem ganzen
429 2814 1478 2896 Problemkomplexe gegenüber. Darüber vermochte auch
420 2876 1472 2948 die gewissenhafteste Darstellung nicht hinüberzuhelfen,
424 2910 1465 2989 nicht einmal des Herrn Götz meisterliche Heraus¬
424 2974 1480 3046 arbeitung eines gierig am Leben sich anklammernder.
418 3012 1476 3085 schändlichen Greises, auch nicht Herrn Onnos jäh
428 3078 1466 3139 aufflammend beredte Heldenhaftigkeit. Herrn Werner¬
417 3119 1480 3172 Kahles strohtrockenes Theater reichte nicht einmal
422 3164 1471 3245 entfernt an seinen Vorgänger Adolf Weisse heran,
430 3225 1478 3306 der doch wahrlich auch einiges Theater bot, altes,
418 3271 1467 3333 ältestes zugestandn, immerhin wirksames. Frl. Denera
420 3341 1464 3391 und Frl. Rosenquist bekunden liebliche Anfänger¬
425 3368 1471 3446 schaft mit holden Zukur dausblicken. Frau Erika
429 3410 1461 3499 Wagner war ho ltsvoll wie stets. Er¬
415 3472 1456 3539 freulich wirkten in ihrer mannhaften Geradaus¬
415 3531 1467 3577 Natürlichkeit die Herren Teubler (Arzt) und
420 3574 1468 3643 Danegger (Fo stadjunkt). Das Stück fand vor
418 3637 1469 3698 allem das Verständnis und die Zustimmung der
414 3679 1477 3748 Galerien. Unten war man etwas zurückhaltender. Die
427 3730 1471 3791 Psychologen des Parketts hatten jedenfalls ihre
411 3780 976 3852 Hemmungen und Bedenken.
1625 192 2080 285 box 24/5
2219 509 2996 592 Neues Wiense Jar#n Wie:
2160 685 2795 856 Theater und Kunst.
2045 831 3004 920 Deutsches Volkstheater. Artur Schni#lers.
1960 884 2988 953 Schausviel „Der Ruf des Lebens“, das lange
1972 936 2995 994 im Archiv dieser Bühne geschlummert, ist wieder auf¬
1966 987 3007 1042 getaucht. Das zwiespältige Werk hat auch diesmal bei
1959 1021 2992 1101 der Zuhörerschaft, so willig sie dem Dichter entgegen¬
1971 1077 2985 1133 kam, zwiespältige Empfindungen geweckt. Es flackert,
1974 1122 2989 1193 aber es erwärmt nicht. Sein Ruf des Lebens ist ein
1973 1169 2986 1237 brünstiger, animalischer Schrei. Es ist halb modern,
1975 1224 2979 1279 halb romantisch. Es besticht ab und zu durch seine
1967 1268 2983 1323 feine Geistigkeit und befremdet dann wieder durch
1962 1310 2979 1366 Gewaltsamkeiten und Knalleffekte eies Boulevard¬
1969 1363 2992 1437 dramas. Vor allem vermißt man bei der weiblichen
1966 1410 2973 1469 Hauptfigur jene seelische Vertiefung, die ihrer gräß¬
1958 1449 2982 1530 lichen Tat zwingende Glaubwürdigkeit verliehen und
1959 1509 2990 1572 sie einigermaßen gerechtfertigt hätte. Dieses Mädchen,
1949 1557 2977 1611 das ihren greisen Vater, der sie an sein Krankenbett
1965 1605 2978 1658 fesselt, vergiftet, um eine Liebesstunde in den Armen
1961 1646 2978 1707 ihres in die Schlacht reitenden Dragonerleutnants
1952 1679 2973 1752 zu verbringen, erscheint als wilde, läufige Dirne.
1953 1737 2980 1820 Und dieser Oberst, der mit einem Satz durch das
1960 1786 2977 1856 Fenster in das Zimmer des Dragonerleutnants
1960 1836 2971 1888 hineinturnt, sein ehebrecherisches Weib ruhig nieder¬
1958 1886 2986 1948 knallt, ihren Genossen jedoch mit starrer Grandezza
1968 1930 2979 1998 verschont, ist das nicht eine heroisch=romantische Ge¬
1956 1966 2976 2054 stalt, wie aus einem Drama von Viktor Hugo heraus¬
1965 2025 2979 2086 gesprungen? — Die Darstellung hat die Brüchigkeit
1952 2062 2978 2147 des Werkes ein wenig verschleiert. Fräulein De¬
1957 2105 2987 2187 nera als die Tochter des alten Rittmeisters war
1946 2163 2978 2229 von vornherein zu zermürbt. Man spürte nicht die
1961 2210 2975 2259 Flamme, die später aus ihrer Dumpfheik hervorzuckt.
1955 2249 2984 2332 Herr Götz gab den greisen Kranken mit einer ihm
1966 2304 2967 2362 sonst fremden Kraft und Verbitterung. Herr Kohle
1963 2350 2972 2415 wahrte dem Obersten durch einen Zug gebieterischer
1962 2403 2977 2469 Größe eine würdige Haltung. Herr Danegger,
1957 2439 2979 2504 sonst überschäumend, kraftstrotzend und dröhnend,
1957 2493 2982 2573 überraschte diesmal in einer kleinen Rolle durch eine
1955 2539 2969 2603 erquickliche Schlichtheit. Und wie rein geprägt ist seine
1957 2590 2972 2649 Diktion! So klar und deutlich sprechen, daß jedes¬
1956 2631 2967 2689 Wort beschwingt und mit seiner vollen Klangfarbe ins
1963 2679 2972 2742 Ohr gleitet- es ist die elementarste Kunst des Bar¬
1956 2732 2969 2784 stellers und doch wie wenig gepflegt, wie selten in
1958 2775 2971 2856 ihrer Vollendung selbst an unsern vornehmsten
1961 2818 2145 2908 Bühnen!
2793 2830 2935 2881 m. b.
2135 2973 2933 3055 Sger
2021 3050 2096 3118 28
2392 3042 2981 3153 österr. Finanz-Rerue
2609 3128 2774 3213 Wien
2018 3153 3018 3323 Theater und Kunst.
2019 3296 3122 3373 (Deutsches Volkstheater). Schnitzlers „Ruf nach dem
1905 3355 3120 3415 Leben“, hat trotz seines interessanten Motives: „Ein Mädchen
1905 3402 3123 3468 drängt es nach der väterlichen Strenge und den engen Verhält¬
1918 3460 3129 3536 nassen, nach Liebe“, vor dem Kriege wenig gefallen Im Kriege
1910 3487 3138 3575 haben die militärischen Motive dem Stück zu höherer Wirkung
1910 3554 3131 3628 verholfen. Nun hat sich wieder der Effekt verschoben, wenn auch
1921 3613 3139 3673 die Schnitzlergemeinde viel applaudierte. In der Neubesetzung
1911 3661 3138 3730 fand Herr Götz, statt des jetzt an der Wiener Bühne befindlichen
1911 3702 3145 3781 Schreiber, die schärfste Charakteristik, Kahle konnte die Liebens¬
1921 3761 3141 3834 würdigkeit Kramers nicht erreichen, Danegger war ein Kraft¬
1909 3811 3139 3875 und Prachtmensch. Onno Nervenmensch, wie immer. Auch #ie
1908 3847 3177 3952 Damen Denera, Rosenquist und Wagner leisteten Vorzügliches. „
