<?xml version="1.0" encoding="UTF-8" standalone="yes"?>
<PcGts xmlns="http://schema.primaresearch.org/PAGE/gts/pagecontent/2013-07-15" xmlns:xsi="http://www.w3.org/2001/XMLSchema-instance" xsi:schemaLocation="http://schema.primaresearch.org/PAGE/gts/pagecontent/2013-07-15 http://schema.primaresearch.org/PAGE/gts/pagecontent/2013-07-15/pagecontent.xsd">
    <Metadata>
        <Creator>prov=University of Rostock/Institute of Mathematics/CITlab/Gundram Leifert/gundram.leifert@uni-rostock.de:name=ONB_Newseye_GT_M1+(htr_id=10810)::::v=2.4.2
prov=University of Rostock/Institute of Mathematics/CITlab/Tobias Gruening/tobias.gruening@uni-rostock.de:name=de.uros.citlab.module.baseline2polygon.B2PSeamMultiOriented:v=2.4.2
prov=University of Rostock/Institute of Mathematics/CITlab/Tobias Gruening/tobias.gruening@uni-rostock.de:name=/mnt/transkribus/LA/DEA/URO/LA_news_onb_att.pb:de.uros.citlab.segmentation.CITlab_LA_ML:v=2.4.2
Transkribus</Creator>
        <Created>2019-10-07T11:21:04.137+02:00</Created>
        <LastChange>2019-10-08T09:42:10.994+02:00</LastChange>
        <TranskribusMetadata docId="223969" pageId="9498112" pageNr="381" tsid="16510638" status="IN_PROGRESS" userId="40391" imgUrl="https://files.transkribus.eu/Get?id=TIJFWYYCSESRUDODSLCGHVTG&amp;fileType=view" xmlUrl="https://files.transkribus.eu/Get?id=PPBVNULMMDGYJAVBAYXZRTAW" imageId="6188338"/>
    </Metadata>
    <Page imageFilename="223969_0381.jpeg" imageWidth="3484" imageHeight="4192">
        <ReadingOrder>
            <OrderedGroup id="ro_1711451421348" caption="Regions reading order">
                <RegionRefIndexed index="0" regionRef="r1"/>
                <RegionRefIndexed index="1" regionRef="r2"/>
            </OrderedGroup>
        </ReadingOrder>
        <TextRegion orientation="0.0" id="r1" custom="readingOrder {index:0;}">
            <Coords points="279,125 279,302 1420,302 1420,125"/>
            <TextLine id="r1l1" custom="readingOrder {index:0;}">
                <Coords points="271,235 648,271 1428,252 1428,191 1222,166 1074,202 943,166 883,204 831,168 505,168 434,214 377,173 271,188"/>
                <Baseline points="279,225 336,232 393,239 450,243 507,247 564,250 621,251 678,252 735,252 792,251 849,250 906,248 963,247 1020,245 1077,243 1134,242 1191,241 1248,240 1305,240 1362,240 1420,242"/>
                <TextEquiv>
                    <Unicode>19. Der Ruf des Lebens</Unicode>
                </TextEquiv>
            </TextLine>
            <TextEquiv>
                <Unicode>19. Der Ruf des Lebens</Unicode>
            </TextEquiv>
        </TextRegion>
        <TextRegion orientation="0.0" id="r2" custom="readingOrder {index:1;}">
            <Coords points="1288,200 1288,4146 2622,4146 2622,200"/>
            <TextLine id="r2l1" custom="readingOrder {index:0;}">
                <Coords points="1582,231 1645,241 1669,225 1702,248 1781,219 1881,240 1905,227 1921,240 1956,219 1997,234 2039,219 2039,181 2000,161 1949,161 1928,179 1898,163 1827,163 1804,184 1753,168 1669,181 1628,161 1582,171"/>
                <Baseline points="1590,222 1615,222 1641,222 1667,222 1693,222 1719,223 1745,223 1771,224 1797,224 1823,224 1849,224 1875,224 1901,224 1927,224 1953,223 1979,223 2005,222 2031,220"/>
                <TextEquiv>
                    <Unicode>box 24/4</Unicode>
                </TextEquiv>
            </TextLine>
            <TextLine id="r2l2" custom="readingOrder {index:1;}">
                <Coords points="2108,603 2458,602 2458,555 2397,522 2364,519 2262,544 2240,533 2221,545 2160,524 2107,527"/>
                <Baseline points="2115,575 2140,575 2166,575 2192,574 2217,574 2243,573 2269,573 2294,572 2320,572 2346,572 2371,572 2397,573 2423,574 2449,575"/>
                <TextEquiv>
                    <Unicode>Telephes 12.691.</Unicode>
                </TextEquiv>
            </TextLine>
            <TextLine id="r2l3" custom="readingOrder {index:2;}">
                <Coords points="2279,659 2285,659 2296,651 2305,659 2313,659 2335,641 2361,636 2360,613 2344,616 2326,600 2318,597 2304,610 2295,607 2289,611 2285,607 2276,608"/>
                <Baseline points="2286,648 2320,644 2354,644"/>
                <TextEquiv>
                    <Unicode>„9</Unicode>
                </TextEquiv>
            </TextLine>
            <TextLine id="r2l4" custom="readingOrder {index:3;}">
                <Coords points="1582,738 2247,743 2305,727 2305,674 2234,688 2205,667 2165,703 2089,714 2025,672 1933,703 1866,664 1772,697 1583,710"/>
                <Baseline points="1590,737 1625,732 1660,729 1696,727 1731,725 1766,724 1802,724 1837,724 1872,725 1908,726 1943,727 1978,729 2014,730 2049,731 2084,732 2120,733 2155,733 2190,733 2226,732 2261,730 2297,728"/>
                <TextEquiv>
                    <Unicode>„ODSERTER</Unicode>
                </TextEquiv>
            </TextLine>
            <TextLine id="r2l5" custom="readingOrder {index:4;}">
                <Coords points="1414,784 1527,812 2485,797 2514,741 1413,751"/>
                <Baseline points="1421,785 1475,785 1529,784 1583,784 1638,784 1692,783 1746,783 1800,783 1855,783 1909,782 1963,782 2017,782 2072,781 2126,781 2180,781 2234,781 2289,781 2343,780 2397,780 2451,780 2506,780"/>
                <TextEquiv>
                    <Unicode>I. Oeterr. behördl. konz. Unternehmen für Zeltungs-Ausschaltte</Unicode>
                </TextEquiv>
            </TextLine>
            <TextLine id="r2l6" custom="readingOrder {index:5;}">
                <Coords points="1600,849 1812,863 1858,835 2105,861 2337,835 2337,806 2287,791 1981,807 1876,787 1846,813 1807,787 1762,810 1600,793"/>
                <Baseline points="1607,837 1643,838 1679,838 1715,839 1751,840 1787,840 1823,841 1859,842 1895,842 1931,842 1967,843 2003,843 2039,843 2075,843 2111,843 2147,842 2183,841 2219,840 2255,839 2291,837 2328,836"/>
                <TextEquiv>
                    <Unicode>Wien, I., Concordiaplatz 4.</Unicode>
                </TextEquiv>
            </TextLine>
            <TextLine id="r2l7" custom="readingOrder {index:6;}">
                <Coords points="1814,883 1851,905 1884,896 1919,907 1935,891 1949,903 1978,895 2100,909 2146,886 2146,855 2136,853 1987,860 1944,843 1923,853 1875,843 1814,856"/>
                <Baseline points="1822,887 1848,888 1874,889 1901,890 1927,890 1953,891 1980,892 2006,892 2032,892 2059,891 2085,891 2111,890 2138,889"/>
                <TextEquiv>
                    <Unicode>Vertretungen</Unicode>
                </TextEquiv>
            </TextLine>
            <TextLine id="r2l8" custom="readingOrder {index:7;}">
                <Coords points="1413,947 2530,937 2489,901 2290,887 1413,910"/>
                <Baseline points="1421,933 1476,935 1531,937 1586,938 1641,938 1696,939 1751,939 1806,939 1861,939 1916,939 1971,939 2026,938 2081,938 2136,938 2191,938 2246,938 2301,938 2356,938 2411,938 2466,939 2521,940"/>
                <TextEquiv>
                    <Unicode>in Berlin, Basel, Budapest, Chicago, Cleveland, Christiania,</Unicode>
                </TextEquiv>
            </TextLine>
            <TextLine id="r2l9" custom="readingOrder {index:8;}">
                <Coords points="1418,979 2519,975 2297,937 1418,941"/>
                <Baseline points="1427,971 1481,974 1535,977 1589,979 1643,981 1698,982 1752,982 1806,982 1860,982 1914,981 1969,981 2023,980 2077,979 2131,979 2185,978 2240,978 2294,978 2348,978 2402,979 2456,980 2511,982"/>
                <TextEquiv>
                    <Unicode>Oenf, Kopenhagen, London, Madrid, Mailand, Minneapolls,</Unicode>
                </TextEquiv>
            </TextLine>
            <TextLine id="r2l10" custom="readingOrder {index:9;}">
                <Coords points="1408,1040 2520,1027 2420,981 1408,994"/>
                <Baseline points="1416,1012 1470,1014 1525,1015 1580,1016 1635,1017 1689,1018 1744,1018 1799,1018 1854,1018 1908,1018 1963,1018 2018,1018 2073,1018 2127,1017 2182,1017 2237,1017 2292,1018 2346,1018 2401,1019 2456,1019 2511,1021"/>
                <TextEquiv>
                    <Unicode>New-Vork, Pase, Rom, San Francisco, Stockholm, St. Petere¬</Unicode>
                </TextEquiv>
            </TextLine>
            <TextLine id="r2l11" custom="readingOrder {index:10;}">
                <Coords points="1803,1066 1847,1062 1867,1077 1918,1073 1944,1056 1961,1069 2008,1058 2086,1067 2122,1058 2121,1026 2092,1041 2054,1018 2029,1030 1947,1018 1924,1033 1845,1019 1821,1040 1802,1035"/>
                <Baseline points="1811,1059 1836,1060 1861,1060 1886,1061 1912,1061 1937,1061 1962,1060 1987,1060 2013,1059 2038,1058 2063,1057 2088,1057 2114,1056"/>
                <TextEquiv>
                    <Unicode>burg, Toronto.</Unicode>
                </TextEquiv>
            </TextLine>
            <TextLine id="r2l12" custom="readingOrder {index:11;}">
                <Coords points="1818,1104 1869,1119 1911,1106 1934,1118 1968,1098 2086,1124 2111,1106 2193,1112 2194,1074 2108,1059 2090,1070 2011,1059 1978,1071 1944,1057 1883,1076 1819,1064"/>
                <Baseline points="1826,1093 1851,1095 1877,1097 1903,1098 1928,1099 1954,1100 1980,1100 2006,1100 2031,1100 2057,1100 2083,1099 2108,1099 2134,1099 2160,1099 2186,1099"/>
                <TextEquiv>
                    <Unicode>Wenengabe ohmo Gewühr.)</Unicode>
                </TextEquiv>
            </TextLine>
            <TextLine id="r2l13" custom="readingOrder {index:12;}">
                <Coords points="1400,1180 2567,1251 2629,1232 2633,1166 1573,1095 1402,1139"/>
                <Baseline points="1408,1171 1468,1169 1529,1168 1590,1169 1650,1170 1711,1173 1772,1176 1832,1179 1893,1184 1954,1188 2015,1193 2075,1198 2136,1203 2197,1208 2257,1213 2318,1217 2379,1221 2439,1224 2500,1226 2561,1228 2622,1229"/>
                <TextEquiv>
                    <Unicode>Ausschnitt ausfe aner Margen Zeitung.</Unicode>
                </TextEquiv>
            </TextLine>
            <TextLine id="r2l14" custom="readingOrder {index:13;}">
                <Coords points="1420,1264 1564,1274 1599,1251 1681,1249 1729,1272 1765,1252 1805,1276 1933,1277 1974,1261 1974,1228 1745,1217 1720,1201 1600,1234 1531,1211 1419,1228"/>
                <Baseline points="1428,1261 1454,1263 1481,1264 1508,1266 1535,1266 1562,1266 1589,1266 1615,1266 1642,1265 1669,1264 1696,1264 1723,1263 1750,1262 1777,1262 1803,1261 1830,1261 1857,1261 1884,1262 1911,1264 1938,1265 1965,1268"/>
                <TextEquiv>
                    <Unicode>vomn: "1. 2. 1900</Unicode>
                </TextEquiv>
            </TextLine>
            <TextLine id="r2l15" custom="readingOrder {index:14;}">
                <Coords points="1778,1402 1816,1392 1884,1419 1942,1395 2007,1424 2046,1403 2126,1406 2128,1340 1995,1330 1959,1345 1936,1329 1919,1339 1887,1326 1780,1328"/>
                <Baseline points="1786,1383 1811,1386 1837,1389 1862,1391 1888,1393 1914,1393 1939,1394 1965,1394 1990,1394 2016,1394 2042,1394 2067,1395 2093,1395 2119,1396"/>
                <TextEquiv>
                    <Unicode>Theater.</Unicode>
                </TextEquiv>
            </TextLine>
            <TextLine id="r2l16" custom="readingOrder {index:15;}">
                <Coords points="1386,1468 2613,1488 2613,1417 1386,1412"/>
                <Baseline points="1394,1463 1454,1462 1515,1461 1575,1461 1636,1461 1696,1462 1757,1463 1817,1464 1878,1465 1938,1466 1999,1467 2060,1468 2120,1469 2181,1470 2241,1471 2302,1472 2362,1472 2423,1472 2483,1471 2544,1471 2605,1469"/>
                <TextEquiv>
                    <Unicode>Sochmertheater bei Liebich. Freitag, 20. August. „Der Ruf</Unicode>
                </TextEquiv>
            </TextLine>
            <TextLine id="r2l17" custom="readingOrder {index:16;}">
                <Coords points="1428,1505 1460,1502 1487,1510 1509,1507 1523,1495 1540,1505 1608,1509 1608,1472 1586,1476 1562,1467 1533,1473 1491,1462 1475,1476 1457,1461 1432,1462"/>
                <Baseline points="1437,1498 1464,1498 1491,1499 1518,1500 1545,1503 1572,1508 1599,1512"/>
                <TextEquiv>
                    <Unicode>Lohens</Unicode>
                </TextEquiv>
            </TextLine>
            <TextLine id="r2l18" custom="readingOrder {index:17;}">
                <Coords points="1622,1503 2390,1501 2508,1528 2620,1498 2621,1463 1622,1464"/>
                <Baseline points="1630,1505 1679,1504 1728,1504 1777,1504 1826,1504 1875,1504 1924,1504 1973,1505 2022,1506 2071,1507 2121,1507 2170,1508 2219,1509 2268,1509 2317,1510 2366,1510 2415,1510 2464,1510 2513,1510 2562,1509 2612,1508"/>
                <TextEquiv>
                    <Unicode>.Schauspiel in drei Akten von Arthur</Unicode>
                </TextEquiv>
            </TextLine>
            <TextLine id="r2l19" custom="readingOrder {index:18;}">
                <Coords points="1604,1547 2420,1563 2604,1559 2605,1526 1605,1497"/>
                <Baseline points="1613,1532 1662,1535 1711,1538 1760,1540 1809,1542 1859,1543 1908,1544 1957,1545 2006,1546 2055,1546 2105,1546 2154,1546 2203,1546 2252,1546 2301,1546 2351,1546 2400,1546 2449,1546 2498,1546 2547,1547 2597,1548"/>
                <TextEquiv>
                    <Unicode>Wer hätte das gedacht, daß der zarte Poet der</Unicode>
                </TextEquiv>
            </TextLine>
            <TextLine id="r2l20" custom="readingOrder {index:19;}">
                <Coords points="1397,1583 2386,1603 2612,1565 2024,1569 1398,1509"/>
                <Baseline points="1406,1563 1465,1567 1525,1570 1585,1573 1645,1576 1705,1578 1765,1580 1824,1581 1884,1582 1944,1583 2004,1584 2064,1584 2124,1584 2184,1584 2243,1585 2303,1585 2363,1585 2423,1585 2483,1585 2543,1586 2603,1586"/>
                <TextEquiv>
                    <Unicode>eder pikante Spötter des „Anatol“, der starke Schöpfer</Unicode>
                </TextEquiv>
            </TextLine>
            <TextLine id="r2l21" custom="readingOrder {index:20;}">
                <Coords points="1312,1624 2501,1641 2603,1632 2604,1586 1312,1589"/>
                <Baseline points="1320,1615 1383,1616 1447,1617 1511,1617 1575,1618 1638,1619 1702,1619 1766,1620 1830,1620 1893,1621 1957,1621 2021,1622 2085,1622 2148,1623 2212,1623 2276,1623 2340,1624 2403,1624 2467,1624 2531,1625 2595,1625"/>
                <TextEquiv>
                    <Unicode>sdes „Grünen Kakadu“ und der „Lebendigen Stunden“ auf seine</Unicode>
                </TextEquiv>
            </TextLine>
            <TextLine id="r2l22" custom="readingOrder {index:21;}">
                <Coords points="1312,1649 2613,1676 2565,1627 1312,1625"/>
                <Baseline points="1320,1655 1384,1656 1448,1656 1512,1657 1576,1657 1641,1658 1705,1658 1769,1658 1833,1659 1897,1659 1962,1659 2026,1659 2090,1660 2154,1660 2218,1660 2283,1661 2347,1661 2411,1662 2475,1662 2539,1663 2604,1664"/>
                <TextEquiv>
                    <Unicode>lälteren Tage dem „Schicksalsdrama anheimfallen würde! Und doch</Unicode>
                </TextEquiv>
            </TextLine>
            <TextLine id="r2l23" custom="readingOrder {index:22;}">
                <Coords points="1323,1700 2613,1721 2582,1668 1323,1658"/>
                <Baseline points="1332,1694 1395,1694 1459,1695 1522,1695 1586,1695 1650,1696 1713,1696 1777,1697 1841,1698 1904,1699 1968,1699 2032,1700 2095,1701 2159,1702 2223,1702 2286,1703 2350,1703 2414,1704 2477,1704 2541,1704 2605,1704"/>
                <TextEquiv>
                    <Unicode>ist der „Ruf des Lebens“ ein richtiges Schicksalsdrama, und zwar</Unicode>
                </TextEquiv>
            </TextLine>
            <TextLine id="r2l24" custom="readingOrder {index:23;}">
                <Coords points="1309,1742 2614,1748 2550,1706 1310,1687"/>
                <Baseline points="1318,1732 1382,1732 1446,1732 1511,1732 1575,1733 1640,1733 1704,1734 1768,1735 1833,1736 1897,1737 1962,1738 2026,1739 2090,1740 2155,1741 2219,1741 2284,1742 2348,1742 2412,1742 2477,1741 2541,1741 2606,1740"/>
                <TextEquiv>
                    <Unicode>eines von der allerblutigsten Sorte. In jedem Akte gibt es ein paar</Unicode>
                </TextEquiv>
            </TextLine>
            <TextLine id="r2l25" custom="readingOrder {index:24;}">
                <Coords points="1326,1773 2607,1776 2607,1746 1326,1734"/>
                <Baseline points="1334,1772 1397,1772 1460,1773 1523,1773 1587,1774 1650,1774 1713,1775 1776,1776 1840,1777 1903,1778 1966,1778 2029,1779 2093,1780 2156,1780 2219,1781 2282,1781 2346,1781 2409,1781 2472,1781 2535,1781 2599,1780"/>
                <TextEquiv>
                    <Unicode>Tote, zwischen dem zweiten und dritten Akte aber gleich ein ganzer</Unicode>
                </TextEquiv>
            </TextLine>
            <TextLine id="r2l26" custom="readingOrder {index:25;}">
                <Coords points="1314,1813 2379,1822 2379,1779 1315,1773"/>
                <Baseline points="1323,1810 1375,1811 1427,1811 1480,1812 1532,1812 1585,1813 1637,1813 1689,1814 1742,1814 1794,1815 1847,1815 1899,1815 1951,1816 2004,1816 2056,1817 2109,1817 2161,1818 2213,1819 2266,1820 2318,1821 2371,1822"/>
                <TextEquiv>
                    <Unicode>Regiment. Das permanente Echo dieses seltsamen „Rufs d</Unicode>
                </TextEquiv>
            </TextLine>
            <TextLine id="r2l27" custom="readingOrder {index:26;}">
                <Coords points="1346,1856 2290,1868 2357,1865 2358,1817 1346,1815"/>
                <Baseline points="1354,1845 1403,1846 1453,1848 1503,1849 1553,1850 1602,1851 1652,1852 1702,1853 1752,1853 1801,1854 1851,1855 1901,1855 1951,1856 2000,1856 2050,1856 2100,1857 2150,1857 2199,1857 2249,1858 2299,1858 2349,1858"/>
                <TextEquiv>
                    <Unicode>. die Moritat, die Moritat unter erschwerenden Umt</Unicode>
                </TextEquiv>
            </TextLine>
            <TextLine id="r2l28" custom="readingOrder {index:27;}">
                <Coords points="1298,1891 2354,1900 2338,1860 1298,1837"/>
                <Baseline points="1306,1883 1360,1885 1415,1887 1470,1889 1524,1890 1579,1891 1634,1892 1688,1893 1743,1893 1798,1894 1852,1894 1907,1895 1962,1895 2016,1895 2071,1896 2126,1896 2180,1897 2235,1897 2290,1898 2345,1899"/>
                <TextEquiv>
                    <Unicode>ersten Aufzuge zeigt uns Schnitzler ein gar trauriges F#</Unicode>
                </TextEquiv>
            </TextLine>
            <TextLine id="r2l29" custom="readingOrder {index:28;}">
                <Coords points="1312,1934 2368,1956 2354,1898 1313,1881"/>
                <Baseline points="1320,1925 1372,1926 1424,1926 1476,1927 1528,1928 1580,1929 1632,1930 1684,1931 1736,1931 1788,1932 1840,1933 1892,1933 1944,1934 1996,1935 2048,1935 2100,1936 2152,1936 2204,1937 2256,1937 2308,1938 2361,1938"/>
                <TextEquiv>
                    <Unicode>Ein kranker sich ans Leben klammernder, alter, boshe</Unicode>
                </TextEquiv>
            </TextLine>
            <TextLine id="r2l30" custom="readingOrder {index:29;}">
                <Coords points="2542,1946 2554,1947 2557,1945 2560,1947 2562,1945 2567,1949 2582,1941 2590,1946 2602,1940 2610,1941 2611,1909 2600,1909 2596,1905 2588,1904 2585,1900 2578,1903 2569,1901 2562,1907 2544,1907"/>
                <Baseline points="2551,1938 2576,1938 2601,1940"/>
                <TextEquiv>
                    <Unicode>in</Unicode>
                </TextEquiv>
            </TextLine>
            <TextLine id="r2l31" custom="readingOrder {index:30;}">
                <Coords points="1314,1968 2374,1976 2297,1935 1315,1934"/>
                <Baseline points="1323,1966 1375,1966 1427,1967 1479,1967 1531,1968 1583,1968 1635,1969 1687,1970 1739,1971 1791,1971 1844,1972 1896,1973 1948,1974 2000,1975 2052,1975 2104,1976 2156,1976 2208,1976 2260,1976 2312,1976 2365,1976"/>
                <TextEquiv>
                    <Unicode>quält seine Tochter Marie bis aufs Blut. Die Tochter,</Unicode>
                </TextEquiv>
            </TextLine>
            <TextLine id="r2l32" custom="readingOrder {index:31;}">
                <Coords points="2524,1984 2540,1987 2555,1981 2560,1986 2575,1985 2582,1992 2592,1991 2589,1942 2580,1942 2573,1948 2565,1948 2562,1945 2558,1947 2555,1943 2552,1947 2547,1944 2539,1947 2532,1941 2522,1942"/>
                <Baseline points="2531,1977 2557,1976 2583,1975"/>
                <TextEquiv>
                    <Unicode>der</Unicode>
                </TextEquiv>
            </TextLine>
            <TextLine id="r2l33" custom="readingOrder {index:32;}">
                <Coords points="1310,2011 2538,2030 2539,1980 1310,1975"/>
                <Baseline points="1318,2002 1378,2004 1439,2005 1499,2006 1560,2007 1621,2008 1681,2009 1742,2010 1803,2010 1863,2011 1924,2012 1985,2012 2045,2013 2106,2014 2167,2014 2227,2015 2288,2015 2349,2016 2409,2017 2470,2018 2531,2018"/>
                <TextEquiv>
                    <Unicode>Krankenstube ins „Leben“ (d. h. in die Arme eines ihr äußerst sy</Unicode>
                </TextEquiv>
            </TextLine>
            <TextLine id="r2l34" custom="readingOrder {index:33;}">
                <Coords points="1310,2046 2623,2054 2534,2018 1311,2013"/>
                <Baseline points="1318,2044 1382,2045 1447,2046 1512,2046 1577,2047 1642,2048 1707,2049 1771,2049 1836,2050 1901,2050 1966,2051 2031,2052 2096,2052 2161,2053 2225,2053 2290,2053 2355,2054 2420,2054 2485,2054 2550,2055 2615,2055"/>
                <TextEquiv>
                    <Unicode>pathischen Leutnants) will vergiftet ihn unter Konnivenz und Mit¬</Unicode>
                </TextEquiv>
            </TextLine>
            <TextLine id="r2l35" custom="readingOrder {index:34;}">
                <Coords points="1308,2099 2290,2104 2335,2060 1308,2047"/>
                <Baseline points="1316,2085 1366,2085 1417,2085 1467,2085 1518,2086 1568,2086 1619,2087 1669,2088 1720,2088 1770,2089 1821,2090 1871,2090 1922,2091 1972,2091 2023,2092 2073,2092 2124,2092 2174,2092 2225,2091 2275,2090 2326,2089"/>
                <TextEquiv>
                    <Unicode>hilfe des — Hausarztes. Vater= und Patientenmord!</Unicode>
                </TextEquiv>
            </TextLine>
            <TextLine id="r2l36" custom="readingOrder {index:35;}">
                <Coords points="1379,2123 2615,2135 2615,2097 2424,2065 2291,2104 1379,2093"/>
                <Baseline points="1388,2121 1452,2123 1516,2125 1580,2126 1644,2127 1708,2128 1772,2129 1837,2129 1901,2130 1965,2130 2029,2130 2093,2130 2157,2130 2222,2130 2286,2129 2350,2129 2414,2129 2478,2129 2542,2129 2607,2129"/>
                <TextEquiv>
                    <Unicode>Der zweite Aufzug spielt in der Kaserne der „blauen Kürassiere“,</Unicode>
                </TextEquiv>
            </TextLine>
            <TextLine id="r2l37" custom="readingOrder {index:36;}">
                <Coords points="1288,2160 2590,2194 2604,2139 1288,2115"/>
                <Baseline points="1296,2164 1364,2163 1432,2163 1501,2163 1569,2163 1637,2164 1706,2164 1774,2165 1842,2166 1911,2166 1979,2167 2048,2168 2116,2169 2184,2170 2253,2171 2321,2172 2389,2173 2458,2173 2526,2174 2595,2174"/>
                <TextEquiv>
                    <Unicode>eines österreichischen Reiterregiments, das vor 30 Jahren (in einem</Unicode>
                </TextEquiv>
            </TextLine>
            <TextLine id="r2l38" custom="readingOrder {index:37;}">
                <Coords points="1299,2197 2497,2220 2497,2180 2391,2169 1300,2166"/>
                <Baseline points="1307,2202 1366,2202 1425,2202 1484,2202 1543,2202 1602,2202 1661,2203 1720,2204 1779,2205 1838,2206 1898,2207 1957,2208 2016,2209 2075,2210 2134,2211 2193,2211 2252,2212 2311,2212 2370,2213 2429,2213 2489,2213"/>
                <TextEquiv>
                    <Unicode>Schnitzlerschen Phantasiekriege) durch Feigheit eine Schlacht ver</Unicode>
                </TextEquiv>
            </TextLine>
            <TextLine id="r2l39" custom="readingOrder {index:38;}">
                <Coords points="1284,2269 1324,2242 1699,2250 1699,2207 1623,2217 1572,2202 1472,2213 1421,2203 1383,2216 1285,2197"/>
                <Baseline points="1293,2247 1319,2244 1346,2242 1372,2241 1399,2241 1425,2240 1452,2241 1478,2241 1505,2242 1531,2243 1558,2244 1584,2244 1611,2245 1637,2244 1664,2244 1691,2242"/>
                <TextEquiv>
                    <Unicode>hat. Die „blauen Kü</Unicode>
                </TextEquiv>
            </TextLine>
            <TextLine id="r2l40" custom="readingOrder {index:39;}">
                <Coords points="1745,2251 2474,2255 2474,2218 2427,2210 1746,2208"/>
                <Baseline points="1754,2243 1789,2244 1825,2245 1860,2246 1896,2246 1931,2247 1967,2247 2002,2248 2038,2248 2073,2248 2109,2249 2145,2249 2180,2249 2216,2249 2251,2249 2287,2250 2322,2250 2358,2250 2393,2250 2429,2251 2465,2252"/>
                <TextEquiv>
                    <Unicode>siere“ fühlen sonderbarer Weise die mor</Unicode>
                </TextEquiv>
            </TextLine>
            <TextLine id="r2l41" custom="readingOrder {index:40;}">
                <Coords points="2506,2260 2515,2258 2532,2261 2539,2256 2547,2263 2563,2250 2578,2262 2589,2262 2591,2225 2579,2224 2571,2216 2561,2220 2550,2213 2540,2218 2527,2213 2520,2216 2507,2215"/>
                <Baseline points="2514,2251 2548,2251 2582,2253"/>
                <TextEquiv>
                    <Unicode>ische</Unicode>
                </TextEquiv>
            </TextLine>
            <TextLine id="r2l42" custom="readingOrder {index:41;}">
                <Coords points="1304,2276 1467,2293 1490,2280 1549,2294 1640,2282 1640,2246 1630,2244 1490,2254 1469,2242 1451,2252 1400,2238 1383,2251 1305,2240"/>
                <Baseline points="1312,2280 1338,2277 1365,2276 1392,2276 1418,2276 1445,2276 1472,2277 1498,2278 1525,2279 1552,2280 1578,2280 1605,2280 1632,2280"/>
                <TextEquiv>
                    <Unicode>Verpflichtung, di</Unicode>
                </TextEquiv>
            </TextLine>
            <TextLine id="r2l43" custom="readingOrder {index:42;}">
                <Coords points="1818,2286 2468,2300 2468,2257 2401,2248 2256,2263 2210,2244 1996,2258 1973,2241 1952,2258 1819,2241"/>
                <Baseline points="1826,2281 1857,2282 1889,2283 1921,2283 1952,2284 1984,2285 2016,2285 2047,2286 2079,2287 2111,2287 2143,2288 2174,2288 2206,2288 2238,2289 2269,2289 2301,2289 2333,2289 2364,2289 2396,2289 2428,2288 2460,2288"/>
                <TextEquiv>
                    <Unicode>ich ihrer Vorfahren abzuwaschen</Unicode>
                </TextEquiv>
            </TextLine>
            <TextLine id="r2l44" custom="readingOrder {index:43;}">
                <Coords points="2522,2300 2535,2301 2553,2292 2571,2292 2576,2297 2599,2291 2598,2253 2584,2253 2576,2260 2563,2249 2552,2261 2538,2257 2532,2262 2520,2261"/>
                <Baseline points="2529,2287 2560,2287 2591,2285"/>
                <TextEquiv>
                    <Unicode>uind</Unicode>
                </TextEquiv>
            </TextLine>
            <TextLine id="r2l45" custom="readingOrder {index:44;}">
                <Coords points="1299,2320 1337,2332 1375,2321 1395,2334 1443,2319 1467,2328 1604,2322 1603,2286 1549,2294 1515,2280 1467,2291 1398,2281 1360,2289 1299,2276"/>
                <Baseline points="1307,2323 1333,2321 1359,2320 1385,2318 1412,2318 1438,2317 1464,2317 1490,2317 1517,2318 1543,2318 1569,2318 1596,2318"/>
                <TextEquiv>
                    <Unicode>schwören Mann</Unicode>
                </TextEquiv>
            </TextLine>
            <TextLine id="r2l46" custom="readingOrder {index:45;}">
                <Coords points="1793,2331 2433,2336 2433,2298 2395,2308 2368,2287 2251,2302 2098,2286 2070,2304 2040,2285 1863,2280 1793,2302"/>
                <Baseline points="1802,2321 1833,2321 1864,2322 1895,2322 1926,2322 1957,2322 1988,2323 2019,2323 2050,2324 2081,2324 2113,2324 2144,2325 2175,2325 2206,2326 2237,2326 2268,2327 2299,2327 2330,2327 2361,2327 2392,2328 2424,2328"/>
                <TextEquiv>
                    <Unicode>Offiziere und Soldaten, nicht wie</Unicode>
                </TextEquiv>
            </TextLine>
            <TextLine id="r2l47" custom="readingOrder {index:46;}">
                <Coords points="2527,2331 2541,2333 2547,2330 2560,2335 2570,2334 2575,2339 2583,2341 2601,2338 2603,2300 2594,2300 2588,2293 2580,2296 2572,2293 2565,2299 2555,2292 2552,2294 2540,2291 2537,2295 2529,2294"/>
                <Baseline points="2535,2326 2564,2326 2593,2328"/>
                <TextEquiv>
                    <Unicode>13</Unicode>
                </TextEquiv>
            </TextLine>
            <TextLine id="r2l48" custom="readingOrder {index:47;}">
                <Coords points="1294,2349 1309,2346 1324,2359 1340,2357 1373,2370 1398,2358 1443,2366 1474,2357 1473,2326 1450,2326 1444,2320 1427,2327 1406,2323 1395,2333 1373,2320 1362,2329 1335,2331 1322,2321 1312,2326 1294,2316"/>
                <Baseline points="1303,2356 1330,2357 1357,2357 1384,2357 1411,2356 1438,2356 1465,2355"/>
                <TextEquiv>
                    <Unicode>dem ebe</Unicode>
                </TextEquiv>
            </TextLine>
            <TextLine id="r2l49" custom="readingOrder {index:48;}">
                <Coords points="1806,2367 2061,2379 2143,2360 2349,2379 2431,2373 2432,2339 2325,2328 2287,2349 2224,2326 2134,2340 2073,2320 1807,2319"/>
                <Baseline points="1815,2361 1845,2361 1875,2361 1906,2361 1936,2361 1967,2361 1997,2361 2027,2361 2058,2361 2088,2361 2119,2362 2149,2362 2179,2362 2210,2363 2240,2363 2271,2364 2301,2365 2331,2365 2362,2366 2392,2367 2423,2368"/>
                <TextEquiv>
                    <Unicode>ge heimkehren zu wollen. Ein u</Unicode>
                </TextEquiv>
            </TextLine>
            <TextLine id="r2l50" custom="readingOrder {index:49;}">
                <Coords points="2518,2369 2545,2370 2553,2375 2563,2370 2569,2377 2583,2369 2599,2384 2609,2385 2609,2331 2597,2331 2588,2341 2556,2331 2543,2331 2535,2336 2518,2334"/>
                <Baseline points="2526,2367 2563,2367 2600,2367"/>
                <TextEquiv>
                    <Unicode>ein</Unicode>
                </TextEquiv>
            </TextLine>
            <TextLine id="r2l51" custom="readingOrder {index:50;}">
                <Coords points="1304,2403 1325,2396 1343,2407 1356,2402 1370,2408 1387,2398 1465,2399 1464,2360 1443,2367 1426,2361 1421,2366 1401,2356 1387,2368 1374,2370 1339,2356 1324,2358 1311,2372 1303,2372"/>
                <Baseline points="1311,2398 1340,2396 1369,2396 1398,2396 1427,2395 1457,2393"/>
                <TextEquiv>
                    <Unicode>theatral</Unicode>
                </TextEquiv>
            </TextLine>
            <TextLine id="r2l52" custom="readingOrder {index:51;}">
                <Coords points="1820,2405 2370,2416 2404,2409 2405,2372 1821,2368"/>
                <Baseline points="1829,2398 1857,2398 1885,2399 1914,2399 1942,2400 1970,2401 1999,2401 2027,2401 2055,2402 2084,2403 2112,2403 2140,2404 2169,2404 2197,2404 2225,2405 2254,2405 2282,2405 2310,2405 2339,2405 2367,2405 2396,2405"/>
                <TextEquiv>
                    <Unicode>ahrheit aber recht alberner Sc</Unicode>
                </TextEquiv>
            </TextLine>
            <TextLine id="r2l53" custom="readingOrder {index:52;}">
                <Coords points="1280,2433 1301,2432 1313,2442 1321,2435 1345,2445 1361,2444 1372,2432 1399,2442 1458,2440 1455,2397 1439,2406 1422,2397 1388,2398 1369,2409 1357,2403 1340,2406 1322,2396 1314,2403 1304,2397 1297,2404 1277,2397"/>
                <Baseline points="1288,2444 1315,2440 1342,2437 1369,2434 1396,2433 1423,2433 1450,2434"/>
                <TextEquiv>
                    <Unicode>im übri</Unicode>
                </TextEquiv>
            </TextLine>
            <TextLine id="r2l54" custom="readingOrder {index:53;}">
                <Coords points="1816,2440 1890,2456 2024,2441 2086,2458 2214,2442 2241,2457 2346,2453 2345,2405 1817,2407"/>
                <Baseline points="1825,2441 1850,2440 1876,2440 1901,2440 1927,2439 1953,2439 1978,2439 2004,2439 2029,2439 2055,2439 2081,2440 2106,2440 2132,2441 2157,2441 2183,2442 2209,2442 2234,2444 2260,2444 2285,2445 2311,2445 2337,2446"/>
                <TextEquiv>
                    <Unicode>chtig zur Ausführung gelang</Unicode>
                </TextEquiv>
            </TextLine>
            <TextLine id="r2l55" custom="readingOrder {index:54;}">
                <Coords points="1293,2475 1310,2483 1318,2474 1354,2484 1365,2472 1384,2483 1425,2480 1467,2463 1466,2437 1404,2443 1372,2432 1361,2445 1334,2444 1319,2436 1310,2447 1292,2449"/>
                <Baseline points="1301,2479 1327,2476 1353,2474 1380,2472 1406,2471 1432,2471 1459,2473"/>
                <TextEquiv>
                    <Unicode>in der</Unicode>
                </TextEquiv>
            </TextLine>
            <TextLine id="r2l56" custom="readingOrder {index:55;}">
                <Coords points="1794,2485 2341,2492 2342,2456 1794,2445"/>
                <Baseline points="1802,2479 1828,2479 1855,2480 1881,2480 1908,2480 1934,2480 1961,2480 1987,2480 2014,2480 2040,2480 2067,2480 2094,2480 2120,2480 2147,2481 2173,2481 2200,2481 2226,2482 2253,2482 2279,2483 2306,2484 2333,2485"/>
                <TextEquiv>
                    <Unicode>lacht gar nicht zur Ausführt</Unicode>
                </TextEquiv>
            </TextLine>
            <TextLine id="r2l57" custom="readingOrder {index:56;}">
                <Coords points="1285,2520 1302,2516 1333,2523 1412,2514 1435,2527 1445,2517 1456,2523 1493,2521 1492,2485 1471,2485 1446,2471 1431,2481 1416,2476 1390,2483 1362,2471 1346,2481 1331,2475 1310,2483 1285,2477"/>
                <Baseline points="1293,2517 1320,2515 1347,2513 1375,2513 1402,2513 1430,2514 1457,2514 1485,2513"/>
                <TextEquiv>
                    <Unicode>kann. De</Unicode>
                </TextEquiv>
            </TextLine>
            <TextLine id="r2l58" custom="readingOrder {index:57;}">
                <Coords points="1809,2520 2028,2533 2209,2518 2248,2535 2329,2521 2329,2495 2304,2483 1809,2482"/>
                <Baseline points="1817,2516 1842,2516 1867,2518 1892,2518 1917,2519 1943,2519 1968,2520 1993,2520 2018,2520 2043,2520 2069,2520 2094,2520 2119,2520 2144,2520 2169,2520 2195,2520 2220,2521 2245,2521 2270,2521 2295,2521 2321,2522"/>
                <TextEquiv>
                    <Unicode>licht jede Kugel und Verwund</Unicode>
                </TextEquiv>
            </TextLine>
            <TextLine id="r2l59" custom="readingOrder {index:58;}">
                <Coords points="1306,2551 1346,2554 1369,2565 1394,2557 1405,2565 1430,2545 1451,2563 1464,2554 1478,2561 1519,2559 1518,2521 1458,2523 1444,2517 1436,2523 1426,2514 1375,2514 1306,2526"/>
                <Baseline points="1314,2551 1342,2551 1370,2550 1398,2549 1426,2548 1454,2548 1482,2549 1510,2551"/>
                <TextEquiv>
                    <Unicode>wohl, wen</Unicode>
                </TextEquiv>
            </TextLine>
            <TextLine id="r2l60" custom="readingOrder {index:59;}">
                <Coords points="1787,2552 1951,2573 2014,2552 2052,2569 2195,2558 2215,2576 2336,2564 2337,2530 1787,2527"/>
                <Baseline points="1796,2557 1822,2557 1849,2557 1875,2557 1902,2557 1929,2557 1955,2558 1982,2558 2009,2558 2035,2558 2062,2559 2089,2559 2115,2559 2142,2559 2169,2560 2195,2560 2222,2560 2249,2560 2275,2560 2302,2560 2329,2560"/>
                <TextEquiv>
                    <Unicode>auch gegen ihren Willen, w</Unicode>
                </TextEquiv>
            </TextLine>
            <TextLine id="r2l61" custom="readingOrder {index:60;}">
                <Coords points="1296,2590 1331,2601 1614,2596 1613,2545 1557,2565 1467,2554 1452,2563 1426,2550 1406,2565 1386,2558 1368,2567 1345,2554 1296,2551"/>
                <Baseline points="1304,2593 1329,2592 1354,2592 1379,2591 1404,2590 1429,2590 1455,2590 1480,2590 1505,2590 1530,2590 1555,2590 1580,2590 1606,2590"/>
                <TextEquiv>
                    <Unicode>Vorerst aber leb</Unicode>
                </TextEquiv>
            </TextLine>
            <TextLine id="r2l62" custom="readingOrder {index:61;}">
                <Coords points="1746,2607 1894,2591 2086,2606 2113,2588 2155,2609 2244,2597 2265,2617 2361,2607 2362,2563 2215,2577 2196,2558 2054,2569 2013,2552 1952,2573 1807,2551 1746,2566"/>
                <Baseline points="1754,2593 1785,2594 1817,2594 1848,2594 1880,2595 1911,2595 1943,2596 1974,2596 2006,2597 2037,2597 2069,2598 2100,2598 2132,2599 2163,2599 2195,2600 2226,2601 2258,2601 2289,2601 2321,2602 2353,2602"/>
                <TextEquiv>
                    <Unicode>„blauen Kurassiere“ noch. In de</Unicode>
                </TextEquiv>
            </TextLine>
            <TextLine id="r2l63" custom="readingOrder {index:62;}">
                <Coords points="1294,2640 2385,2642 2385,2607 2319,2599 1295,2580"/>
                <Baseline points="1302,2632 1355,2632 1409,2631 1463,2631 1516,2631 1570,2631 1624,2631 1677,2632 1731,2632 1785,2633 1839,2633 1892,2634 1946,2635 2000,2636 2053,2636 2107,2637 2161,2638 2214,2638 2268,2639 2322,2639 2376,2639"/>
                <TextEquiv>
                    <Unicode>dem Ausmarsch hat ihr Oberst, der übrigens wegen seines</Unicode>
                </TextEquiv>
            </TextLine>
            <TextLine id="r2l64" custom="readingOrder {index:63;}">
                <Coords points="1300,2680 2430,2672 2386,2639 1301,2621"/>
                <Baseline points="1308,2671 1363,2670 1419,2670 1475,2670 1530,2670 1586,2670 1642,2670 1697,2670 1753,2671 1809,2671 1865,2672 1920,2672 1976,2673 2032,2674 2087,2675 2143,2675 2199,2676 2254,2677 2310,2678 2366,2679 2422,2680"/>
                <TextEquiv>
                    <Unicode>Ehegatte bei dem Sühneschwur die treibende Kraft gewesen</Unicode>
                </TextEquiv>
            </TextLine>
            <TextLine id="r2l65" custom="readingOrder {index:64;}">
                <Coords points="1296,2720 2591,2723 2514,2682 1296,2667"/>
                <Baseline points="1304,2713 1371,2711 1438,2710 1505,2710 1573,2710 1640,2710 1707,2710 1775,2711 1842,2711 1909,2712 1977,2713 2044,2714 2111,2715 2179,2716 2246,2717 2313,2718 2381,2719 2448,2720 2515,2720 2583,2720"/>
                <TextEquiv>
                    <Unicode>er aus solchen Privatgründen nicht 1198 Unschuldige in den Tod</Unicode>
                </TextEquiv>
            </TextLine>
            <TextLine id="r2l66" custom="readingOrder {index:65;}">
                <Coords points="1302,2761 2608,2752 2590,2717 1302,2717"/>
                <Baseline points="1310,2751 1374,2749 1439,2748 1503,2747 1568,2747 1632,2747 1697,2747 1761,2747 1826,2748 1890,2749 1955,2750 2019,2751 2084,2752 2148,2753 2213,2754 2277,2755 2342,2756 2406,2757 2471,2757 2535,2758 2600,2757"/>
                <TextEquiv>
                    <Unicode>jagen darf, sagt sich dieler „witzige“ Kopf nicht), mit einem seiner</Unicode>
                </TextEquiv>
            </TextLine>
            <TextLine id="r2l67" custom="readingOrder {index:66;}">
                <Coords points="1307,2796 2500,2811 2590,2803 2591,2763 1308,2756"/>
                <Baseline points="1316,2786 1379,2785 1442,2785 1506,2785 1569,2785 1632,2786 1696,2787 1759,2788 1822,2789 1886,2790 1949,2792 2012,2793 2076,2794 2139,2795 2202,2797 2266,2797 2329,2798 2392,2799 2456,2799 2519,2799 2583,2799"/>
                <TextEquiv>
                    <Unicode>Herren Leutnants eine kleine, intime Aussprache, die Frau Kom¬</Unicode>
                </TextEquiv>
            </TextLine>
            <TextLine id="r2l68" custom="readingOrder {index:67;}">
                <Coords points="1293,2827 2543,2848 2599,2843 2600,2799 1294,2780"/>
                <Baseline points="1301,2825 1365,2825 1430,2824 1494,2824 1559,2824 1623,2824 1688,2825 1752,2825 1817,2826 1881,2827 1946,2828 2010,2829 2075,2831 2139,2832 2204,2833 2268,2834 2333,2835 2397,2836 2462,2836 2526,2837 2591,2837"/>
                <TextEquiv>
                    <Unicode>mandeuse betreffend. Als er fort ist, erscheint die Kommanoense</Unicode>
                </TextEquiv>
            </TextLine>
            <TextLine id="r2l69" custom="readingOrder {index:68;}">
                <Coords points="1296,2874 2501,2890 2596,2843 1296,2826"/>
                <Baseline points="1304,2864 1368,2863 1432,2862 1496,2862 1560,2862 1625,2862 1689,2862 1753,2863 1817,2863 1881,2864 1946,2866 2010,2867 2074,2868 2138,2869 2202,2870 2267,2872 2331,2873 2395,2874 2459,2875 2523,2876 2588,2877"/>
                <TextEquiv>
                    <Unicode>selbst nächtlicher Weile beim Herrn Leutnant. Der Oberst aber kehrt,</Unicode>
                </TextEquiv>
            </TextLine>
            <TextLine id="r2l70" custom="readingOrder {index:69;}">
                <Coords points="1302,2902 2603,2931 2603,2881 1302,2864"/>
                <Baseline points="1310,2901 1374,2902 1438,2903 1502,2903 1566,2904 1631,2905 1695,2905 1759,2906 1823,2907 1887,2907 1952,2908 2016,2908 2080,2909 2144,2910 2208,2911 2273,2912 2337,2913 2401,2914 2465,2915 2529,2917 2594,2919"/>
                <TextEquiv>
                    <Unicode>durchs Fenster springend (aber Herr Oberst!) unvermutet zurück und</Unicode>
                </TextEquiv>
            </TextLine>
            <TextLine id="r2l71" custom="readingOrder {index:70;}">
                <Coords points="1299,2949 2606,2953 2606,2917 2496,2912 1300,2901"/>
                <Baseline points="1307,2940 1371,2940 1436,2940 1500,2941 1565,2942 1629,2942 1694,2943 1758,2944 1823,2945 1887,2946 1952,2947 2016,2948 2081,2949 2145,2950 2210,2951 2274,2952 2339,2953 2403,2954 2468,2955 2532,2957 2597,2958"/>
                <TextEquiv>
                    <Unicode>knallt seine leichtsinnige Frau Gemahlin coram publico nieden</Unicode>
                </TextEquiv>
            </TextLine>
            <TextLine id="r2l72" custom="readingOrder {index:71;}">
                <Coords points="1282,2977 1308,2976 1329,2995 1343,2988 1364,3006 1394,2980 1427,2989 1457,2983 1467,2993 1486,2979 1528,2990 1564,2981 1563,2951 1536,2942 1497,2943 1486,2953 1435,2953 1426,2945 1400,2952 1387,2943 1360,2953 1329,2942 1282,2965"/>
                <Baseline points="1291,2986 1317,2984 1343,2982 1370,2981 1396,2980 1423,2979 1449,2979 1475,2979 1502,2978 1528,2978 1555,2978"/>
                <TextEquiv>
                    <Unicode>1Gattenmord!</Unicode>
                </TextEquiv>
            </TextLine>
            <TextLine id="r2l73" custom="readingOrder {index:72;}">
                <Coords points="1371,3024 2602,3045 2602,2981 2436,3003 2384,2968 1372,2988"/>
                <Baseline points="1380,3015 1440,3016 1501,3017 1562,3018 1622,3019 1683,3020 1744,3020 1804,3021 1865,3022 1926,3022 1987,3023 2047,3024 2108,3024 2169,3025 2229,3026 2290,3027 2351,3029 2411,3030 2472,3031 2533,3033 2594,3035"/>
                <TextEquiv>
                    <Unicode>Der Herr Leutnant, ein junger Mann mit ungemein weiten</Unicode>
                </TextEquiv>
            </TextLine>
            <TextLine id="r2l74" custom="readingOrder {index:73;}">
                <Coords points="1280,3074 2602,3111 2603,3047 2549,3036 1396,3030 1282,2993"/>
                <Baseline points="1288,3059 1353,3060 1418,3061 1483,3062 1549,3063 1614,3063 1679,3064 1745,3065 1810,3065 1875,3066 1941,3067 2006,3068 2071,3069 2136,3071 2202,3073 2267,3075 2332,3077 2398,3080 2463,3083 2528,3087 2594,3091"/>
                <TextEquiv>
                    <Unicode>Herzen, bleibt bei der Toten zurück und zwar in Gesellschaft vof,</Unicode>
                </TextEquiv>
            </TextLine>
            <TextLine id="r2l75" custom="readingOrder {index:74;}">
                <Coords points="1288,3146 2619,3144 2525,3107 1288,3111"/>
                <Baseline points="1296,3140 1361,3142 1427,3143 1493,3145 1559,3146 1624,3146 1690,3147 1756,3147 1822,3147 1887,3147 1953,3147 2019,3147 2085,3147 2150,3147 2216,3148 2282,3148 2348,3149 2413,3150 2479,3151 2545,3153 2611,3155"/>
                <TextEquiv>
                    <Unicode>Fräulein Marie, jener starknervigen Vatermörderin aus dem ersten</Unicode>
                </TextEquiv>
            </TextLine>
            <TextLine id="r2l76" custom="readingOrder {index:75;}">
                <Coords points="1296,3186 2600,3188 2474,3149 1296,3152"/>
                <Baseline points="1304,3185 1368,3185 1432,3186 1497,3187 1561,3188 1626,3189 1690,3189 1754,3190 1819,3191 1883,3191 1948,3192 2012,3192 2076,3192 2141,3193 2205,3193 2270,3193 2334,3193 2398,3193 2463,3193 2527,3192 2592,3192"/>
                <TextEquiv>
                    <Unicode>Akt, die hinter einem Fenstervorhang versteckt (aber Frl. Marie!)</Unicode>
                </TextEquiv>
            </TextLine>
            <TextLine id="r2l77" custom="readingOrder {index:76;}">
                <Coords points="1304,3231 2611,3246 2550,3194 1305,3180"/>
                <Baseline points="1313,3224 1377,3224 1442,3225 1506,3225 1571,3226 1635,3227 1700,3227 1764,3228 1829,3228 1893,3229 1958,3229 2022,3230 2087,3230 2151,3231 2216,3231 2280,3232 2345,3232 2409,3232 2474,3233 2538,3233 2603,3233"/>
                <TextEquiv>
                    <Unicode>die ganze blutige Geschichte mitangesehen hat. Die Beiden feiern</Unicode>
                </TextEquiv>
            </TextLine>
            <TextLine id="r2l78" custom="readingOrder {index:77;}">
                <Coords points="1290,3272 2608,3283 2559,3232 1291,3231"/>
                <Baseline points="1299,3261 1364,3261 1429,3261 1494,3262 1559,3263 1624,3263 1689,3264 1754,3265 1819,3265 1884,3266 1949,3267 2014,3268 2079,3268 2144,3269 2209,3270 2274,3270 2339,3271 2404,3271 2469,3272 2534,3272 2599,3272"/>
                <TextEquiv>
                    <Unicode>dann noch rasch ihre erste und letzte Liebesnacht, worauf sich der Leus¬</Unicode>
                </TextEquiv>
            </TextLine>
            <TextLine id="r2l79" custom="readingOrder {index:78;}">
                <Coords points="1301,3313 2328,3309 2290,3271 1302,3269"/>
                <Baseline points="1309,3300 1359,3300 1410,3301 1460,3301 1511,3301 1561,3302 1612,3302 1662,3303 1713,3303 1763,3304 1814,3304 1864,3305 1915,3305 1965,3306 2016,3306 2066,3307 2117,3307 2167,3307 2218,3308 2268,3308 2319,3308"/>
                <TextEquiv>
                    <Unicode>nani mit dem weiten Herzen erschießt. Selbstmord!</Unicode>
                </TextEquiv>
            </TextLine>
            <TextLine id="r2l80" custom="readingOrder {index:79;}">
                <Coords points="1372,3339 2509,3363 2604,3334 2605,3288 1372,3318"/>
                <Baseline points="1380,3337 1440,3339 1501,3340 1562,3341 1623,3342 1684,3343 1744,3344 1805,3344 1866,3345 1927,3345 1988,3345 2048,3345 2109,3345 2170,3345 2231,3345 2292,3345 2352,3345 2413,3345 2474,3345 2535,3345 2596,3345"/>
                <TextEquiv>
                    <Unicode>Im dritten Aufzug geht es etwas sanfter zu. Man erfährt nur</Unicode>
                </TextEquiv>
            </TextLine>
            <TextLine id="r2l81" custom="readingOrder {index:80;}">
                <Coords points="1289,3383 2589,3392 2561,3348 1290,3354"/>
                <Baseline points="1297,3378 1361,3378 1425,3377 1489,3378 1553,3378 1618,3379 1682,3380 1746,3380 1810,3382 1874,3383 1939,3384 2003,3385 2067,3387 2131,3387 2195,3388 2260,3389 2324,3389 2388,3389 2452,3388 2516,3387 2581,3386"/>
                <TextEquiv>
                    <Unicode>noch, daß die „blauen Kürassiere“ richtig Mann für Mann in der</Unicode>
                </TextEquiv>
            </TextLine>
            <TextLine id="r2l82" custom="readingOrder {index:81;}">
                <Coords points="1291,3421 2584,3438 2603,3388 1291,3387"/>
                <Baseline points="1300,3416 1364,3416 1429,3417 1494,3417 1558,3418 1623,3419 1688,3420 1752,3421 1817,3422 1882,3423 1947,3424 2011,3425 2076,3426 2141,3426 2205,3427 2270,3428 2335,3429 2399,3429 2464,3429 2529,3429 2594,3429"/>
                <TextEquiv>
                    <Unicode>Schlacht gefallen sind und daß der einzige, überlebende Leutnant (auch</Unicode>
                </TextEquiv>
            </TextLine>
            <TextLine id="r2l83" custom="readingOrder {index:82;}">
                <Coords points="1292,3453 2619,3458 1292,3432"/>
                <Baseline points="1300,3456 1365,3457 1431,3457 1496,3457 1562,3458 1627,3459 1693,3460 1758,3461 1824,3462 1889,3463 1955,3464 2021,3465 2086,3465 2152,3466 2217,3466 2283,3467 2348,3467 2414,3467 2479,3466 2545,3465 2611,3464"/>
                <TextEquiv>
                    <Unicode>er hatte ein weites Herz) sich ebenfalls selbstgemordet hat. Ferner!</Unicode>
                </TextEquiv>
            </TextLine>
            <TextLine id="r2l84" custom="readingOrder {index:83;}">
                <Coords points="1285,3502 2600,3504 2587,3462 1286,3470"/>
                <Baseline points="1294,3502 1358,3500 1423,3500 1488,3499 1553,3499 1618,3499 1683,3500 1748,3500 1813,3501 1878,3502 1943,3503 2007,3504 2072,3505 2137,3506 2202,3507 2267,3507 2332,3508 2397,3508 2462,3507 2527,3506 2592,3505"/>
                <TextEquiv>
                    <Unicode>stirbt Maries Cousine, ein junges Mädchen, die der Ruf des Lebens</Unicode>
                </TextEquiv>
            </TextLine>
            <TextLine id="r2l85" custom="readingOrder {index:84;}">
                <Coords points="1286,3540 2480,3561 2591,3512 1286,3502"/>
                <Baseline points="1294,3538 1358,3538 1422,3539 1487,3539 1551,3540 1616,3540 1680,3541 1744,3542 1809,3543 1873,3544 1938,3545 2002,3545 2066,3546 2131,3547 2195,3547 2260,3547 2324,3547 2388,3547 2453,3546 2517,3545 2582,3544"/>
                <TextEquiv>
                    <Unicode>### zu Leutnants, später aber auch zu Zwilisten gerufen hat, an der</Unicode>
                </TextEquiv>
            </TextLine>
            <TextLine id="r2l86" custom="readingOrder {index:85;}">
                <Coords points="1282,3584 2598,3611 2598,3540 1282,3541"/>
                <Baseline points="1291,3580 1359,3580 1427,3580 1496,3581 1564,3581 1632,3582 1701,3582 1769,3583 1837,3584 1906,3584 1974,3585 2043,3585 2111,3586 2179,3586 2248,3586 2316,3587 2384,3586 2453,3586 2521,3586 2590,3585"/>
                <TextEquiv>
                    <Unicode>Schwindsucht, an der vor ihr schon ihre beiden Schwestern gestorben</Unicode>
                </TextEquiv>
            </TextLine>
            <TextLine id="r2l87" custom="readingOrder {index:86;}">
                <Coords points="1300,3628 2592,3623 2400,3585 1301,3579"/>
                <Baseline points="1308,3619 1371,3619 1435,3619 1499,3619 1563,3619 1626,3620 1690,3620 1754,3621 1818,3622 1881,3623 1945,3623 2009,3624 2073,3625 2136,3625 2200,3626 2264,3627 2328,3627 2391,3627 2455,3627 2519,3627 2583,3627"/>
                <TextEquiv>
                    <Unicode>sind. Die wenigen Ueberlebenden des personenreichen Stuckes, zu</Unicode>
                </TextEquiv>
            </TextLine>
            <TextLine id="r2l88" custom="readingOrder {index:87;}">
                <Coords points="1288,3660 2542,3680 2598,3619 1288,3632"/>
                <Baseline points="1297,3659 1361,3658 1426,3658 1490,3658 1555,3658 1620,3659 1684,3660 1749,3661 1814,3662 1878,3663 1943,3664 2008,3665 2072,3666 2137,3666 2202,3667 2266,3667 2331,3667 2396,3666 2460,3665 2525,3664 2590,3662"/>
                <TextEquiv>
                    <Unicode>denen auch die ungewöhnlich widerstandsfähige Varermörderin ge¬</Unicode>
                </TextEquiv>
            </TextLine>
            <TextLine id="r2l89" custom="readingOrder {index:88;}">
                <Coords points="1292,3719 2587,3704 2566,3665 1292,3666"/>
                <Baseline points="1301,3702 1364,3701 1428,3699 1492,3699 1556,3698 1620,3698 1684,3698 1747,3699 1811,3700 1875,3701 1939,3702 2003,3703 2067,3704 2131,3705 2194,3705 2258,3706 2322,3706 2386,3706 2450,3706 2514,3705 2578,3704"/>
                <TextEquiv>
                    <Unicode>hört, führen noch einige philosophische Reden und das Stück ist aus.</Unicode>
                </TextEquiv>
            </TextLine>
            <TextLine id="r2l90" custom="readingOrder {index:89;}">
                <Coords points="1365,3734 2584,3749 2494,3702 1365,3704"/>
                <Baseline points="1373,3733 1433,3735 1493,3737 1553,3738 1613,3740 1673,3741 1733,3742 1793,3743 1853,3743 1913,3744 1974,3744 2034,3745 2094,3745 2154,3745 2214,3745 2274,3746 2334,3746 2394,3746 2454,3746 2514,3746 2575,3747"/>
                <TextEquiv>
                    <Unicode>Wenn eine ganz sinnlose Häufung von brutalen Schrecknissen</Unicode>
                </TextEquiv>
            </TextLine>
            <TextLine id="r2l91" custom="readingOrder {index:90;}">
                <Coords points="1281,3795 2604,3785 2584,3742 1281,3749"/>
                <Baseline points="1289,3780 1354,3779 1419,3779 1485,3779 1550,3779 1615,3779 1681,3779 1746,3780 1811,3780 1877,3781 1942,3782 2007,3782 2073,3783 2138,3784 2203,3784 2269,3785 2334,3785 2399,3785 2465,3785 2530,3785 2596,3784"/>
                <TextEquiv>
                    <Unicode>Handlung ist, dann ist der „Ruf des Lebens“ voller Handlung. Aber</Unicode>
                </TextEquiv>
            </TextLine>
            <TextLine id="r2l92" custom="readingOrder {index:91;}">
                <Coords points="1284,3818 2585,3820 2537,3785 1284,3778"/>
                <Baseline points="1291,3818 1355,3818 1419,3818 1483,3818 1548,3819 1612,3819 1676,3820 1740,3821 1805,3821 1869,3822 1933,3823 1997,3824 2062,3825 2126,3826 2190,3826 2254,3826 2319,3827 2383,3827 2447,3826 2511,3826 2576,3825"/>
                <TextEquiv>
                    <Unicode>ich hätte gern auf diese grobsträhnige Sorte von Handlung ver¬</Unicode>
                </TextEquiv>
            </TextLine>
            <TextLine id="r2l93" custom="readingOrder {index:92;}">
                <Coords points="1290,3866 2554,3878 2569,3833 1291,3823"/>
                <Baseline points="1299,3862 1362,3860 1425,3859 1488,3858 1551,3858 1614,3858 1677,3858 1740,3859 1803,3860 1866,3861 1929,3862 1992,3863 2055,3864 2118,3865 2181,3865 2244,3866 2307,3866 2370,3865 2433,3865 2496,3863 2560,3861"/>
                <TextEquiv>
                    <Unicode>zichtet und dafür lieber den früheren Schnitzler wieder gesehen, der</Unicode>
                </TextEquiv>
            </TextLine>
            <TextLine id="r2l94" custom="readingOrder {index:93;}">
                <Coords points="1289,3913 2561,3914 2594,3860 1289,3870"/>
                <Baseline points="1297,3899 1361,3898 1425,3898 1490,3898 1554,3898 1619,3898 1683,3899 1748,3899 1812,3900 1877,3901 1941,3902 2005,3903 2070,3904 2134,3904 2199,3905 2263,3905 2328,3905 2392,3905 2457,3905 2521,3905 2586,3903"/>
                <TextEquiv>
                    <Unicode>seine Dramen aus den Charakteren zu entwickeln pflegte. Charaktere</Unicode>
                </TextEquiv>
            </TextLine>
            <TextLine id="r2l95" custom="readingOrder {index:94;}">
                <Coords points="1294,3937 2482,3960 2592,3907 1294,3918"/>
                <Baseline points="1302,3936 1366,3936 1430,3936 1494,3937 1558,3937 1622,3938 1686,3939 1750,3940 1814,3941 1878,3942 1943,3942 2007,3943 2071,3944 2135,3944 2199,3945 2263,3945 2327,3945 2391,3944 2455,3944 2519,3943 2584,3941"/>
                <TextEquiv>
                    <Unicode>uind freilich diesmal bei ihm nicht zu finden. Vor lauter Mordtaten</Unicode>
                </TextEquiv>
            </TextLine>
            <TextLine id="r2l96" custom="readingOrder {index:95;}">
                <Coords points="1287,3985 2589,3982 2578,3937 1288,3939"/>
                <Baseline points="1296,3972 1360,3973 1424,3975 1488,3976 1553,3977 1617,3978 1681,3979 1745,3981 1810,3982 1874,3983 1938,3984 2002,3985 2067,3986 2131,3987 2195,3987 2259,3987 2324,3987 2388,3987 2452,3987 2516,3986 2581,3986"/>
                <TextEquiv>
                    <Unicode>haben die Theaterfiguren Schnitzlers keine Zeit, Menschen zu sein.</Unicode>
                </TextEquiv>
            </TextLine>
            <TextLine id="r2l97" custom="readingOrder {index:96;}">
                <Coords points="1288,4033 2538,4036 2576,3991 1288,3993"/>
                <Baseline points="1297,4013 1360,4014 1424,4015 1487,4015 1551,4017 1614,4018 1678,4019 1741,4020 1805,4021 1868,4022 1932,4023 1996,4024 2059,4024 2123,4025 2186,4025 2250,4025 2313,4024 2377,4024 2440,4023 2504,4021 2568,4020"/>
                <TextEquiv>
                    <Unicode>Leider haben sie um so mehr Zeit, endlose, tiefsinnige Phrasen zu ver¬</Unicode>
                </TextEquiv>
            </TextLine>
            <TextLine id="r2l98" custom="readingOrder {index:97;}">
                <Coords points="1286,4070 2535,4069 2494,4024 1287,4033"/>
                <Baseline points="1294,4050 1355,4052 1417,4054 1478,4056 1540,4058 1602,4059 1663,4060 1725,4061 1787,4062 1848,4062 1910,4063 1972,4063 2033,4063 2095,4064 2157,4064 2218,4064 2280,4064 2342,4065 2403,4065 2465,4065 2527,4066"/>
                <TextEquiv>
                    <Unicode>lautbaren, die den Zweck verfolgen diesen Schauerroman mystisch</Unicode>
                </TextEquiv>
            </TextLine>
            <TextLine id="r2l99" custom="readingOrder {index:98;}">
                <Coords points="1291,4093 2590,4110 2370,4060 1291,4069"/>
                <Baseline points="1298,4092 1362,4094 1426,4095 1490,4096 1554,4097 1619,4099 1683,4100 1747,4100 1811,4101 1875,4102 1940,4102 2004,4103 2068,4103 2132,4103 2196,4104 2261,4104 2325,4105 2389,4105 2453,4105 2517,4106 2582,4106"/>
                <TextEquiv>
                    <Unicode>verklären. Allerdings wird dieser Zweck nicht erreicht, Schauercoman!</Unicode>
                </TextEquiv>
            </TextLine>
            <TextLine id="r2l100" custom="readingOrder {index:99;}">
                <Coords points="1333,4136 1660,4139 1660,4111 1640,4106 1333,4098"/>
                <Baseline points="1340,4133 1366,4134 1392,4134 1418,4135 1444,4135 1470,4135 1496,4135 1522,4134 1548,4134 1574,4135 1600,4135 1626,4135 1652,4136"/>
                <TextEquiv>
                    <Unicode>leibt eben Schauer</Unicode>
                </TextEquiv>
            </TextLine>
            <TextEquiv>
                <Unicode>box 24/4
Telephes 12.691.
„9
„ODSERTER
I. Oeterr. behördl. konz. Unternehmen für Zeltungs-Ausschaltte
Wien, I., Concordiaplatz 4.
Vertretungen
in Berlin, Basel, Budapest, Chicago, Cleveland, Christiania,
Oenf, Kopenhagen, London, Madrid, Mailand, Minneapolls,
New-Vork, Pase, Rom, San Francisco, Stockholm, St. Petere¬
burg, Toronto.
Wenengabe ohmo Gewühr.)
Ausschnitt ausfe aner Margen Zeitung.
vomn: "1. 2. 1900
Theater.
Sochmertheater bei Liebich. Freitag, 20. August. „Der Ruf
Lohens
.Schauspiel in drei Akten von Arthur
Wer hätte das gedacht, daß der zarte Poet der
eder pikante Spötter des „Anatol“, der starke Schöpfer
sdes „Grünen Kakadu“ und der „Lebendigen Stunden“ auf seine
lälteren Tage dem „Schicksalsdrama anheimfallen würde! Und doch
ist der „Ruf des Lebens“ ein richtiges Schicksalsdrama, und zwar
eines von der allerblutigsten Sorte. In jedem Akte gibt es ein paar
Tote, zwischen dem zweiten und dritten Akte aber gleich ein ganzer
Regiment. Das permanente Echo dieses seltsamen „Rufs d
. die Moritat, die Moritat unter erschwerenden Umt
ersten Aufzuge zeigt uns Schnitzler ein gar trauriges F#
Ein kranker sich ans Leben klammernder, alter, boshe
in
quält seine Tochter Marie bis aufs Blut. Die Tochter,
der
Krankenstube ins „Leben“ (d. h. in die Arme eines ihr äußerst sy
pathischen Leutnants) will vergiftet ihn unter Konnivenz und Mit¬
hilfe des — Hausarztes. Vater= und Patientenmord!
Der zweite Aufzug spielt in der Kaserne der „blauen Kürassiere“,
eines österreichischen Reiterregiments, das vor 30 Jahren (in einem
Schnitzlerschen Phantasiekriege) durch Feigheit eine Schlacht ver
hat. Die „blauen Kü
siere“ fühlen sonderbarer Weise die mor
ische
Verpflichtung, di
ich ihrer Vorfahren abzuwaschen
uind
schwören Mann
Offiziere und Soldaten, nicht wie
13
dem ebe
ge heimkehren zu wollen. Ein u
ein
theatral
ahrheit aber recht alberner Sc
im übri
chtig zur Ausführung gelang
in der
lacht gar nicht zur Ausführt
kann. De
licht jede Kugel und Verwund
wohl, wen
auch gegen ihren Willen, w
Vorerst aber leb
„blauen Kurassiere“ noch. In de
dem Ausmarsch hat ihr Oberst, der übrigens wegen seines
Ehegatte bei dem Sühneschwur die treibende Kraft gewesen
er aus solchen Privatgründen nicht 1198 Unschuldige in den Tod
jagen darf, sagt sich dieler „witzige“ Kopf nicht), mit einem seiner
Herren Leutnants eine kleine, intime Aussprache, die Frau Kom¬
mandeuse betreffend. Als er fort ist, erscheint die Kommanoense
selbst nächtlicher Weile beim Herrn Leutnant. Der Oberst aber kehrt,
durchs Fenster springend (aber Herr Oberst!) unvermutet zurück und
knallt seine leichtsinnige Frau Gemahlin coram publico nieden
1Gattenmord!
Der Herr Leutnant, ein junger Mann mit ungemein weiten
Herzen, bleibt bei der Toten zurück und zwar in Gesellschaft vof,
Fräulein Marie, jener starknervigen Vatermörderin aus dem ersten
Akt, die hinter einem Fenstervorhang versteckt (aber Frl. Marie!)
die ganze blutige Geschichte mitangesehen hat. Die Beiden feiern
dann noch rasch ihre erste und letzte Liebesnacht, worauf sich der Leus¬
nani mit dem weiten Herzen erschießt. Selbstmord!
Im dritten Aufzug geht es etwas sanfter zu. Man erfährt nur
noch, daß die „blauen Kürassiere“ richtig Mann für Mann in der
Schlacht gefallen sind und daß der einzige, überlebende Leutnant (auch
er hatte ein weites Herz) sich ebenfalls selbstgemordet hat. Ferner!
stirbt Maries Cousine, ein junges Mädchen, die der Ruf des Lebens
### zu Leutnants, später aber auch zu Zwilisten gerufen hat, an der
Schwindsucht, an der vor ihr schon ihre beiden Schwestern gestorben
sind. Die wenigen Ueberlebenden des personenreichen Stuckes, zu
denen auch die ungewöhnlich widerstandsfähige Varermörderin ge¬
hört, führen noch einige philosophische Reden und das Stück ist aus.
Wenn eine ganz sinnlose Häufung von brutalen Schrecknissen
Handlung ist, dann ist der „Ruf des Lebens“ voller Handlung. Aber
ich hätte gern auf diese grobsträhnige Sorte von Handlung ver¬
zichtet und dafür lieber den früheren Schnitzler wieder gesehen, der
seine Dramen aus den Charakteren zu entwickeln pflegte. Charaktere
uind freilich diesmal bei ihm nicht zu finden. Vor lauter Mordtaten
haben die Theaterfiguren Schnitzlers keine Zeit, Menschen zu sein.
Leider haben sie um so mehr Zeit, endlose, tiefsinnige Phrasen zu ver¬
lautbaren, die den Zweck verfolgen diesen Schauerroman mystisch
verklären. Allerdings wird dieser Zweck nicht erreicht, Schauercoman!
leibt eben Schauer</Unicode>
            </TextEquiv>
        </TextRegion>
    </Page>
</PcGts>
