<?xml version="1.0" encoding="UTF-8" standalone="yes"?>
<PcGts xmlns="http://schema.primaresearch.org/PAGE/gts/pagecontent/2013-07-15" xmlns:xsi="http://www.w3.org/2001/XMLSchema-instance" xsi:schemaLocation="http://schema.primaresearch.org/PAGE/gts/pagecontent/2013-07-15 http://schema.primaresearch.org/PAGE/gts/pagecontent/2013-07-15/pagecontent.xsd">
    <Metadata>
        <Creator>prov=University of Rostock/Institute of Mathematics/CITlab/Gundram Leifert/gundram.leifert@uni-rostock.de:name=ONB_Newseye_GT_M1+(htr_id=10810)::::v=2.4.2
prov=University of Rostock/Institute of Mathematics/CITlab/Tobias Gruening/tobias.gruening@uni-rostock.de:name=de.uros.citlab.module.baseline2polygon.B2PSeamMultiOriented:v=2.4.2
prov=University of Rostock/Institute of Mathematics/CITlab/Tobias Gruening/tobias.gruening@uni-rostock.de:name=/mnt/transkribus/LA/DEA/URO/LA_news_onb_att.pb:de.uros.citlab.segmentation.CITlab_LA_ML:v=2.4.2
Transkribus</Creator>
        <Created>2019-10-07T11:21:30.787+02:00</Created>
        <LastChange>2019-10-08T10:44:00.818+02:00</LastChange>
        <TranskribusMetadata docId="223969" pageId="9498516" pageNr="467" tsid="16526867" status="IN_PROGRESS" userId="40391" imgUrl="https://files.transkribus.eu/Get?id=NQIOCHEZINIUOIALNEZGGHDP&amp;fileType=view" xmlUrl="https://files.transkribus.eu/Get?id=ONLKXZSETQONTXBBMDVGUBKU" imageId="6188738"/>
    </Metadata>
    <Page imageFilename="223969_0467.jpeg" imageWidth="3436" imageHeight="4352">
        <ReadingOrder>
            <OrderedGroup id="ro_1711451501733" caption="Regions reading order">
                <RegionRefIndexed index="0" regionRef="r1"/>
            </OrderedGroup>
        </ReadingOrder>
        <TextRegion orientation="0.0" id="r1" custom="readingOrder {index:0;}">
            <Coords points="290,232 290,3857 3099,3857 3099,232"/>
            <TextLine id="r1l1" custom="readingOrder {index:0;}">
                <Coords points="1552,254 1585,238 1625,267 1698,266 1715,282 1772,267 2035,269 2035,205 1985,205 1956,185 1894,197 1862,182 1822,197 1784,183 1687,211 1643,206 1621,184 1553,181"/>
                <Baseline points="1562,257 1587,257 1613,256 1639,257 1664,257 1690,257 1716,258 1741,258 1767,259 1793,259 1818,260 1844,261 1870,261 1895,261 1921,261 1947,261 1972,260 1998,259 2024,258"/>
                <TextEquiv>
                    <Unicode>box 24/4</Unicode>
                </TextEquiv>
            </TextLine>
            <TextLine id="r1l2" custom="readingOrder {index:1;}">
                <Coords points="278,262 638,304 1555,279 1555,248 1306,189 1064,225 279,196"/>
                <Baseline points="290,258 352,263 415,266 478,270 541,273 603,275 666,276 729,277 792,278 854,278 917,278 980,278 1043,277 1105,277 1168,276 1231,276 1294,275 1356,274 1419,274 1482,273 1545,273"/>
                <TextEquiv>
                    <Unicode>19. Der Ruf des Lebens</Unicode>
                </TextEquiv>
            </TextLine>
            <TextLine id="r1l3" custom="readingOrder {index:2;}">
                <Coords points="1073,767 1115,773 1141,748 1181,755 1197,743 1212,754 1238,745 1303,756 1327,744 1369,753 1388,748 1388,715 1322,709 1304,718 1264,701 1245,717 1223,706 1188,726 1108,709 1073,721"/>
                <Baseline points="1084,741 1110,742 1137,743 1164,743 1190,743 1217,742 1244,741 1271,740 1297,740 1324,740 1351,740 1378,741"/>
                <TextEquiv>
                    <Unicode>Smg, Poromto.</Unicode>
                </TextEquiv>
            </TextLine>
            <TextLine id="r1l4" custom="readingOrder {index:3;}">
                <Coords points="982,818 1077,792 1186,818 1211,806 1232,819 1308,811 1343,840 1422,846 1429,756 1385,744 1329,762 1193,743 986,759"/>
                <Baseline points="995,796 1021,793 1047,791 1073,790 1099,789 1125,789 1151,790 1177,791 1204,793 1230,795 1256,798 1282,801 1308,805 1334,809 1360,814 1386,819 1413,824"/>
                <TextEquiv>
                    <Unicode>(Quellenafghbe hige R#7</Unicode>
                </TextEquiv>
            </TextLine>
            <TextLine id="r1l5" custom="readingOrder {index:4;}">
                <Coords points="1037,845 1226,877 1245,895 1297,883 1346,918 1373,905 1424,945 1444,945 1457,880 1399,866 1362,838 1256,809 1184,819 1084,791 1046,802"/>
                <Baseline points="1050,834 1075,838 1101,843 1127,847 1153,852 1179,856 1205,862 1231,867 1257,872 1283,878 1309,884 1335,890 1361,895 1387,901 1413,908 1439,915"/>
                <TextEquiv>
                    <Unicode>München. Wien</Unicode>
                </TextEquiv>
            </TextLine>
            <TextLine id="r1l6" custom="readingOrder {index:5;}">
                <Coords points="664,890 745,912 781,895 836,904 869,895 924,922 1001,924 1023,902 1041,905 1041,843 982,840 968,851 922,838 863,849 843,835 796,855 730,848 706,870 664,863"/>
                <Baseline points="675,889 700,888 725,888 751,888 776,887 802,887 827,887 853,887 878,887 903,887 929,888 954,888 980,889 1005,890 1031,891"/>
                <TextEquiv>
                    <Unicode>Ausschnist a#</Unicode>
                </TextEquiv>
            </TextLine>
            <TextLine id="r1l7" custom="readingOrder {index:6;}">
                <Coords points="1006,945 1019,944 1042,959 1063,950 1078,958 1089,952 1099,964 1137,945 1160,961 1169,957 1188,968 1194,891 1179,889 1161,872 1147,878 1081,872 1055,894 1011,892"/>
                <Baseline points="1020,923 1046,928 1073,930 1099,932 1126,933 1152,936 1179,940"/>
                <TextEquiv>
                    <Unicode>11913</Unicode>
                </TextEquiv>
            </TextLine>
            <TextLine id="r1l8" custom="readingOrder {index:7;}">
                <Coords points="690,999 710,1000 715,995 761,1000 765,995 836,998 837,963 817,962 813,966 802,961 791,963 782,956 778,960 760,955 729,959 721,954 705,966 692,964"/>
                <Baseline points="701,988 726,987 751,988 776,989 801,990 826,993"/>
                <TextEquiv>
                    <Unicode>vom:</Unicode>
                </TextEquiv>
            </TextLine>
            <TextLine id="r1l9" custom="readingOrder {index:8;}">
                <Coords points="792,1113 1147,1108 1207,1078 1613,1115 1681,1089 1681,1034 1393,1030 1289,961 969,997 793,957"/>
                <Baseline points="803,1074 846,1075 889,1075 933,1076 976,1076 1020,1076 1063,1076 1106,1076 1150,1076 1193,1076 1237,1076 1280,1076 1323,1076 1367,1076 1410,1076 1454,1076 1497,1077 1540,1078 1584,1079 1627,1081 1671,1083"/>
                <TextEquiv>
                    <Unicode>Snhen Sämster Der Bufdes kehene</Unicode>
                </TextEquiv>
            </TextLine>
            <TextLine id="r1l10" custom="readingOrder {index:9;}">
                <Coords points="945,1142 991,1161 1088,1148 1113,1168 1236,1150 1397,1167 1527,1144 1527,1105 1472,1089 1415,1109 1201,1090 1183,1108 945,1097"/>
                <Baseline points="956,1139 984,1140 1012,1140 1040,1141 1068,1141 1096,1141 1124,1141 1152,1141 1180,1141 1208,1141 1236,1140 1264,1140 1292,1140 1320,1139 1348,1139 1376,1139 1404,1139 1432,1139 1460,1139 1488,1140 1517,1140"/>
                <TextEquiv>
                    <Unicode>(Münchner Kammerspiele.)</Unicode>
                </TextEquiv>
            </TextLine>
            <TextLine id="r1l11" custom="readingOrder {index:10;}">
                <Coords points="748,1202 1551,1230 1796,1216 1816,1172 749,1167"/>
                <Baseline points="760,1201 812,1201 864,1201 916,1200 969,1200 1021,1200 1073,1200 1125,1200 1178,1200 1230,1201 1282,1201 1334,1201 1387,1202 1439,1203 1491,1203 1543,1204 1596,1204 1648,1205 1700,1206 1752,1207 1805,1208"/>
                <TextEquiv>
                    <Unicode>an braucht unsere Generation nicht zu belehren,</Unicode>
                </TextEquiv>
            </TextLine>
            <TextLine id="r1l12" custom="readingOrder {index:11;}">
                <Coords points="690,1234 709,1232 724,1244 746,1218 757,1217 753,1171 742,1172 728,1168 724,1171 719,1169 717,1172 699,1162 697,1165 683,1163"/>
                <Baseline points="698,1212 744,1208"/>
                <TextEquiv>
                    <Unicode>97</Unicode>
                </TextEquiv>
            </TextLine>
            <TextLine id="r1l13" custom="readingOrder {index:12;}">
                <Coords points="661,1273 1569,1250 1825,1280 1805,1211 661,1220"/>
                <Baseline points="672,1247 729,1249 786,1250 843,1251 900,1252 957,1253 1014,1253 1071,1253 1128,1254 1185,1254 1242,1254 1299,1253 1356,1253 1413,1253 1470,1253 1527,1253 1584,1253 1641,1254 1698,1254 1755,1255 1813,1256"/>
                <TextEquiv>
                    <Unicode>J## daß Lebensgenuß etwas Reelles ist. Das weiß</Unicode>
                </TextEquiv>
            </TextLine>
            <TextLine id="r1l14" custom="readingOrder {index:13;}">
                <Coords points="660,1293 810,1320 1822,1298 1822,1268 1566,1253 660,1264"/>
                <Baseline points="671,1296 728,1298 785,1299 842,1300 899,1301 956,1302 1013,1303 1070,1303 1127,1304 1184,1304 1241,1304 1298,1305 1355,1305 1412,1304 1469,1304 1526,1304 1583,1304 1640,1304 1697,1303 1754,1303 1811,1303"/>
                <TextEquiv>
                    <Unicode>Arthur Schnitzler gewiß sehr wohl. Es wäre also</Unicode>
                </TextEquiv>
            </TextLine>
            <TextLine id="r1l15" custom="readingOrder {index:14;}">
                <Coords points="656,1341 1820,1362 1820,1311 656,1302"/>
                <Baseline points="666,1347 723,1348 780,1349 837,1349 894,1350 951,1350 1008,1351 1066,1351 1123,1351 1180,1351 1237,1351 1294,1351 1351,1352 1408,1352 1466,1352 1523,1352 1580,1352 1637,1352 1694,1353 1751,1353 1809,1354"/>
                <TextEquiv>
                    <Unicode>töricht anzunehmen, der Dichter erotischer Stimmungen</Unicode>
                </TextEquiv>
            </TextLine>
            <TextLine id="r1l16" custom="readingOrder {index:15;}">
                <Coords points="664,1408 1729,1417 1826,1400 1826,1360 664,1361"/>
                <Baseline points="674,1401 731,1401 788,1401 845,1401 902,1401 959,1402 1016,1402 1073,1402 1130,1403 1187,1403 1245,1403 1302,1404 1359,1404 1416,1404 1473,1404 1530,1405 1587,1405 1644,1405 1701,1405 1758,1405 1816,1405"/>
                <TextEquiv>
                    <Unicode>und ihrer Melancholien, hätte im „Ruf des Lebens“</Unicode>
                </TextEquiv>
            </TextLine>
            <TextLine id="r1l17" custom="readingOrder {index:16;}">
                <Coords points="665,1466 1830,1472 1830,1422 1786,1411 666,1418"/>
                <Baseline points="676,1451 733,1450 790,1450 847,1449 904,1449 961,1449 1018,1450 1075,1450 1132,1450 1189,1451 1247,1451 1304,1452 1361,1452 1418,1453 1475,1453 1532,1453 1589,1453 1646,1453 1703,1452 1760,1452 1818,1450"/>
                <TextEquiv>
                    <Unicode>so etwas wie einen Sieg der Lebensfreude darstellen oder</Unicode>
                </TextEquiv>
            </TextLine>
            <TextLine id="r1l18" custom="readingOrder {index:17;}">
                <Coords points="662,1502 1820,1501 1820,1470 1690,1460 663,1469"/>
                <Baseline points="674,1499 730,1498 787,1498 844,1498 900,1498 957,1498 1014,1499 1070,1499 1127,1500 1184,1501 1241,1501 1297,1502 1354,1503 1411,1503 1467,1503 1524,1504 1581,1504 1637,1504 1694,1504 1751,1503 1808,1503"/>
                <TextEquiv>
                    <Unicode>verherrlichen wollen. Ihm mag vielleicht etwas Musika¬</Unicode>
                </TextEquiv>
            </TextLine>
            <TextLine id="r1l19" custom="readingOrder {index:18;}">
                <Coords points="649,1552 1817,1570 1818,1502 649,1494"/>
                <Baseline points="659,1552 716,1551 773,1551 831,1551 888,1550 945,1550 1003,1550 1060,1551 1117,1551 1175,1551 1232,1551 1289,1551 1347,1552 1404,1552 1461,1552 1519,1552 1576,1553 1633,1553 1691,1553 1748,1553 1806,1553"/>
                <TextEquiv>
                    <Unicode>lisches vorgeschwebt haben, — eine Symphonie von Liebe</Unicode>
                </TextEquiv>
            </TextLine>
            <TextLine id="r1l20" custom="readingOrder {index:19;}">
                <Coords points="652,1588 1807,1621 1823,1566 652,1562"/>
                <Baseline points="663,1599 720,1598 777,1597 835,1597 892,1597 950,1597 1007,1597 1064,1598 1122,1598 1179,1599 1237,1600 1294,1600 1351,1601 1409,1602 1466,1602 1524,1603 1581,1603 1638,1604 1696,1604 1753,1604 1811,1604"/>
                <TextEquiv>
                    <Unicode>und Tod —, ein düsteres, schweres Andante als erster</Unicode>
                </TextEquiv>
            </TextLine>
            <TextLine id="r1l21" custom="readingOrder {index:20;}">
                <Coords points="663,1660 1829,1664 1829,1616 1770,1611 663,1607"/>
                <Baseline points="673,1650 730,1650 787,1650 844,1650 902,1650 959,1650 1016,1650 1073,1650 1131,1650 1188,1650 1245,1650 1302,1650 1360,1651 1417,1651 1474,1651 1531,1651 1589,1652 1646,1652 1703,1653 1760,1654 1818,1655"/>
                <TextEquiv>
                    <Unicode>Akt, ein tragisches Furioso als zweiter, und ein abgeklärt</Unicode>
                </TextEquiv>
            </TextLine>
            <TextLine id="r1l22" custom="readingOrder {index:21;}">
                <Coords points="653,1692 1072,1725 1818,1704 1818,1662 1772,1658 654,1668"/>
                <Baseline points="664,1698 721,1698 778,1699 835,1699 892,1700 949,1700 1006,1701 1064,1701 1121,1701 1178,1702 1235,1702 1292,1703 1349,1703 1406,1703 1464,1703 1521,1703 1578,1703 1635,1703 1692,1703 1749,1703 1807,1703"/>
                <TextEquiv>
                    <Unicode>ausklingendes Adagio als dritter. Aber es ist ihm alles</Unicode>
                </TextEquiv>
            </TextLine>
            <TextLine id="r1l23" custom="readingOrder {index:22;}">
                <Coords points="654,1784 722,1753 1818,1765 1796,1710 654,1711"/>
                <Baseline points="665,1752 722,1752 779,1751 836,1751 893,1751 950,1751 1007,1751 1065,1751 1122,1751 1179,1751 1236,1752 1293,1752 1350,1752 1407,1753 1465,1753 1522,1753 1579,1754 1636,1754 1693,1754 1750,1754 1808,1754"/>
                <TextEquiv>
                    <Unicode>gröber geraten, als er wollte, und dadurch mißglückt. Alle</Unicode>
                </TextEquiv>
            </TextLine>
            <TextLine id="r1l24" custom="readingOrder {index:23;}">
                <Coords points="666,1811 1764,1817 1822,1766 666,1763"/>
                <Baseline points="677,1799 733,1799 790,1799 846,1799 903,1799 960,1799 1016,1799 1073,1800 1130,1800 1186,1801 1243,1801 1300,1802 1356,1802 1413,1803 1470,1803 1526,1803 1583,1803 1640,1803 1696,1803 1753,1803 1810,1802"/>
                <TextEquiv>
                    <Unicode>Gewaltsamkeiten der Voraussetzungen wären sinn¬</Unicode>
                </TextEquiv>
            </TextLine>
            <TextLine id="r1l25" custom="readingOrder {index:24;}">
                <Coords points="662,1861 1760,1869 1817,1860 1818,1810 662,1810"/>
                <Baseline points="674,1847 730,1847 787,1847 843,1847 900,1848 957,1848 1013,1848 1070,1849 1127,1849 1183,1850 1240,1850 1297,1851 1353,1851 1410,1852 1467,1852 1523,1853 1580,1853 1637,1853 1693,1853 1750,1853 1807,1853"/>
                <TextEquiv>
                    <Unicode>und bedeutungsvoller geworden, wenn sich der Dichter</Unicode>
                </TextEquiv>
            </TextLine>
            <TextLine id="r1l26" custom="readingOrder {index:25;}">
                <Coords points="650,1893 1828,1916 1804,1858 651,1857"/>
                <Baseline points="661,1898 718,1899 776,1899 834,1899 892,1899 950,1899 1007,1900 1065,1900 1123,1901 1181,1901 1239,1901 1296,1902 1354,1902 1412,1902 1470,1903 1528,1903 1585,1903 1643,1903 1701,1903 1759,1903 1817,1902"/>
                <TextEquiv>
                    <Unicode>entschlossen hätte, sein Stück in Versen zu schreiben und</Unicode>
                </TextEquiv>
            </TextLine>
            <TextLine id="r1l27" custom="readingOrder {index:26;}">
                <Coords points="658,1965 1818,1952 1818,1919 1609,1903 658,1901"/>
                <Baseline points="669,1946 725,1947 782,1948 839,1949 896,1950 953,1950 1010,1951 1066,1951 1123,1951 1180,1952 1237,1952 1294,1952 1351,1952 1408,1952 1464,1952 1521,1952 1578,1952 1635,1952 1692,1952 1749,1952 1806,1951"/>
                <TextEquiv>
                    <Unicode>den Umriß seiner Figuren weniger scharf zu zeichnen: Der</Unicode>
                </TextEquiv>
            </TextLine>
            <TextLine id="r1l28" custom="readingOrder {index:27;}">
                <Coords points="655,2002 1689,2023 1817,2014 1818,1952 655,1965"/>
                <Baseline points="665,1997 722,1996 779,1996 836,1996 893,1996 950,1997 1007,1998 1064,1998 1121,1999 1178,2000 1236,2001 1293,2002 1350,2002 1407,2003 1464,2004 1521,2004 1578,2005 1635,2005 1692,2005 1749,2004 1807,2004"/>
                <TextEquiv>
                    <Unicode>Vater, die Tochter, der General, die Base und so weiter.</Unicode>
                </TextEquiv>
            </TextLine>
            <TextLine id="r1l29" custom="readingOrder {index:28;}">
                <Coords points="659,2051 1761,2073 1823,2056 1824,2012 659,2002"/>
                <Baseline points="671,2045 728,2046 785,2046 842,2047 899,2048 956,2048 1013,2049 1070,2049 1127,2050 1184,2050 1242,2050 1299,2051 1356,2051 1413,2051 1470,2052 1527,2052 1584,2052 1641,2052 1698,2052 1755,2053 1813,2053"/>
                <TextEquiv>
                    <Unicode>Es wäre blässer aber verständlicher und allgemeiner ge¬</Unicode>
                </TextEquiv>
            </TextLine>
            <TextLine id="r1l30" custom="readingOrder {index:29;}">
                <Coords points="655,2094 1824,2104 1824,2062 1731,2051 655,2059"/>
                <Baseline points="665,2099 722,2099 779,2098 837,2098 894,2098 951,2098 1009,2099 1066,2099 1123,2100 1181,2101 1238,2101 1295,2102 1353,2103 1410,2103 1467,2103 1525,2104 1582,2103 1639,2103 1697,2103 1754,2102 1812,2100"/>
                <TextEquiv>
                    <Unicode>worden. Was die Gestalten dadurch an Bestimmtheit</Unicode>
                </TextEquiv>
            </TextLine>
            <TextLine id="r1l31" custom="readingOrder {index:30;}">
                <Coords points="656,2145 1691,2171 1818,2156 1819,2105 657,2121"/>
                <Baseline points="668,2145 727,2146 787,2147 847,2148 907,2148 967,2149 1027,2149 1087,2149 1147,2149 1207,2149 1267,2149 1327,2149 1387,2149 1447,2149 1507,2149 1567,2149 1627,2150 1687,2150 1747,2151 1807,2152"/>
                <TextEquiv>
                    <Unicode>verloren hätten, wäre ihrer symbolischen Bedeutung viel¬</Unicode>
                </TextEquiv>
            </TextLine>
            <TextLine id="r1l32" custom="readingOrder {index:31;}">
                <Coords points="652,2203 1591,2195 1827,2232 1828,2159 652,2144"/>
                <Baseline points="663,2196 720,2196 778,2196 835,2197 893,2197 951,2198 1008,2198 1066,2199 1124,2199 1181,2200 1239,2200 1297,2201 1354,2201 1412,2202 1470,2202 1527,2202 1585,2203 1643,2203 1700,2203 1758,2203 1816,2203"/>
                <TextEquiv>
                    <Unicode>leicht zugute gekommen. So aber klafft ein böser Riß</Unicode>
                </TextEquiv>
            </TextLine>
            <TextLine id="r1l33" custom="readingOrder {index:32;}">
                <Coords points="648,2242 1823,2269 1823,2229 1724,2204 648,2205"/>
                <Baseline points="659,2250 716,2248 774,2247 831,2247 889,2246 947,2246 1004,2246 1062,2247 1120,2247 1177,2248 1235,2249 1293,2249 1350,2250 1408,2251 1466,2251 1523,2252 1581,2252 1639,2252 1696,2253 1754,2252 1812,2252"/>
                <TextEquiv>
                    <Unicode>zwischen der künstlich stilisierten Symmetrie phantastisch¬</Unicode>
                </TextEquiv>
            </TextLine>
            <TextLine id="r1l34" custom="readingOrder {index:33;}">
                <Coords points="648,2289 1044,2327 1818,2308 1818,2277 1666,2261 648,2253"/>
                <Baseline points="659,2298 716,2298 773,2298 831,2298 888,2298 946,2298 1003,2298 1061,2299 1118,2299 1176,2299 1233,2300 1290,2300 1348,2300 1405,2300 1463,2301 1520,2301 1578,2301 1635,2301 1693,2301 1750,2300 1808,2300"/>
                <TextEquiv>
                    <Unicode>unwahrscheinlicher Ereignisse und seinen im Milieu ge¬</Unicode>
                </TextEquiv>
            </TextLine>
            <TextLine id="r1l35" custom="readingOrder {index:34;}">
                <Coords points="655,2350 1795,2371 1818,2314 1064,2331 656,2295"/>
                <Baseline points="667,2346 724,2346 781,2345 838,2345 895,2345 952,2346 1009,2346 1066,2347 1123,2347 1180,2348 1237,2349 1294,2349 1351,2350 1408,2351 1465,2351 1522,2351 1579,2351 1636,2351 1693,2351 1750,2350 1807,2349"/>
                <TextEquiv>
                    <Unicode>bannten Figuren. Der Dichter muß seine Kraft ver¬</Unicode>
                </TextEquiv>
            </TextLine>
            <TextLine id="r1l36" custom="readingOrder {index:35;}">
                <Coords points="670,2387 764,2429 1718,2439 1818,2434 1819,2366 670,2361"/>
                <Baseline points="680,2380 736,2383 792,2386 849,2388 905,2391 962,2394 1018,2396 1074,2398 1131,2400 1187,2402 1244,2403 1300,2404 1356,2405 1413,2406 1469,2406 1526,2405 1582,2405 1638,2403 1695,2402 1751,2399 1808,2397"/>
                <TextEquiv>
                    <Unicode>al diirch ninchalngische Motivierung das Unmögliche</Unicode>
                </TextEquiv>
            </TextLine>
            <TextLine id="r1l37" custom="readingOrder {index:36;}">
                <Coords points="757,2495 1917,2514 1917,2459 1734,2435 757,2451"/>
                <Baseline points="769,2492 825,2491 882,2491 939,2491 996,2490 1053,2490 1110,2490 1166,2489 1223,2489 1280,2489 1337,2489 1394,2489 1451,2489 1508,2489 1564,2489 1621,2489 1678,2490 1735,2490 1792,2490 1849,2490 1906,2490"/>
                <TextEquiv>
                    <Unicode>zu verbinden. Dadurch werden Situationen herbeige¬</Unicode>
                </TextEquiv>
            </TextLine>
            <TextLine id="r1l38" custom="readingOrder {index:37;}">
                <Coords points="1930,2489 3110,2504 3110,2467 3033,2449 1930,2452"/>
                <Baseline points="1940,2495 2001,2495 2062,2494 2123,2494 2184,2494 2245,2494 2306,2494 2367,2495 2428,2495 2489,2495 2550,2496 2611,2496 2672,2497 2733,2497 2794,2497 2855,2497 2916,2497 2977,2497 3038,2497 3099,2497"/>
                <TextEquiv>
                    <Unicode>seinen jungen Menschen, Männern und Frauen aus¬</Unicode>
                </TextEquiv>
            </TextLine>
            <TextLine id="r1l39" custom="readingOrder {index:38;}">
                <Coords points="759,2543 1914,2540 1888,2507 1723,2495 759,2507"/>
                <Baseline points="769,2542 825,2541 882,2541 939,2541 996,2540 1052,2540 1109,2540 1166,2540 1223,2541 1279,2541 1336,2541 1393,2541 1450,2542 1506,2542 1563,2543 1620,2543 1677,2543 1733,2543 1790,2544 1847,2544 1904,2544"/>
                <TextEquiv>
                    <Unicode>führt, die eher grotesk als tragisch sind. Daß Schnitz¬</Unicode>
                </TextEquiv>
            </TextLine>
            <TextLine id="r1l40" custom="readingOrder {index:39;}">
                <Coords points="1934,2552 3096,2554 3096,2510 3043,2501 1934,2508"/>
                <Baseline points="1945,2547 2002,2546 2059,2546 2116,2546 2173,2545 2230,2545 2287,2545 2344,2545 2401,2545 2458,2546 2515,2546 2572,2546 2629,2546 2686,2546 2743,2546 2800,2547 2857,2547 2914,2547 2971,2547 3028,2547 3085,2548"/>
                <TextEquiv>
                    <Unicode>sagt, stimmt einfach nicht. Es ist nicht giltig. Die</Unicode>
                </TextEquiv>
            </TextLine>
            <TextLine id="r1l41" custom="readingOrder {index:40;}">
                <Coords points="761,2587 1925,2599 1925,2561 1817,2543 761,2554"/>
                <Baseline points="773,2589 830,2589 887,2590 944,2591 1001,2591 1058,2591 1115,2591 1172,2591 1229,2591 1286,2591 1344,2591 1401,2591 1458,2591 1515,2592 1572,2592 1629,2592 1686,2593 1743,2593 1800,2594 1857,2595 1915,2596"/>
                <TextEquiv>
                    <Unicode>ler sich auch während der Arbeit in einem künstlerischen</Unicode>
                </TextEquiv>
            </TextLine>
            <TextLine id="r1l42" custom="readingOrder {index:41;}">
                <Coords points="1932,2597 3095,2610 3094,2552 1932,2551"/>
                <Baseline points="1943,2595 2000,2596 2057,2596 2114,2596 2171,2596 2228,2596 2285,2596 2342,2595 2399,2595 2456,2595 2513,2595 2570,2594 2627,2594 2684,2594 2741,2594 2798,2594 2855,2595 2912,2595 2969,2596 3026,2597 3083,2598"/>
                <TextEquiv>
                    <Unicode>kennen auch eine andere Art von Verschwendung,</Unicode>
                </TextEquiv>
            </TextLine>
            <TextLine id="r1l43" custom="readingOrder {index:42;}">
                <Coords points="760,2650 1444,2639 1699,2671 1922,2640 1922,2607 1777,2596 760,2602"/>
                <Baseline points="771,2641 830,2641 890,2642 950,2642 1010,2642 1070,2642 1130,2642 1190,2642 1250,2642 1310,2642 1370,2642 1430,2642 1490,2642 1550,2642 1610,2643 1670,2643 1730,2644 1790,2644 1850,2645 1910,2646"/>
                <TextEquiv>
                    <Unicode>Zwiespalt befunden haben mußte, darüber gibt selbst des</Unicode>
                </TextEquiv>
            </TextLine>
            <TextLine id="r1l44" custom="readingOrder {index:43;}">
                <Coords points="1939,2665 3099,2647 3076,2609 2770,2592 2620,2621 1939,2606"/>
                <Baseline points="1950,2646 2006,2646 2063,2647 2120,2647 2177,2647 2234,2647 2291,2647 2348,2647 2405,2647 2462,2646 2519,2646 2575,2645 2632,2645 2689,2645 2746,2644 2803,2644 2860,2644 2917,2644 2974,2645 3031,2645 3088,2646"/>
                <TextEquiv>
                    <Unicode>welche die typischere ist, und vom Triebleben nur</Unicode>
                </TextEquiv>
            </TextLine>
            <TextLine id="r1l45" custom="readingOrder {index:44;}">
                <Coords points="768,2699 1447,2682 1610,2713 1698,2680 1903,2722 1917,2658 768,2653"/>
                <Baseline points="778,2689 834,2690 890,2690 947,2691 1003,2691 1059,2692 1116,2692 1172,2692 1228,2692 1285,2692 1341,2691 1397,2691 1454,2691 1510,2691 1566,2691 1623,2691 1679,2691 1735,2691 1792,2691 1848,2692 1905,2692"/>
                <TextEquiv>
                    <Unicode>Personenverzeichnis merkwürdige Aufschlüsse. Während</Unicode>
                </TextEquiv>
            </TextLine>
            <TextLine id="r1l46" custom="readingOrder {index:45;}">
                <Coords points="1923,2700 2902,2715 3096,2708 3096,2664 2412,2642 1923,2673"/>
                <Baseline points="1935,2697 1992,2698 2050,2698 2107,2698 2165,2698 2222,2697 2280,2697 2337,2697 2395,2697 2452,2696 2510,2696 2568,2696 2625,2695 2683,2695 2740,2695 2798,2694 2855,2694 2913,2694 2970,2694 3028,2694 3086,2695"/>
                <TextEquiv>
                    <Unicode>den Elan hat. Schnitzlers Blick auf diese Dinge ist der</Unicode>
                </TextEquiv>
            </TextLine>
            <TextLine id="r1l47" custom="readingOrder {index:46;}">
                <Coords points="763,2754 1912,2756 1912,2721 1843,2697 763,2705"/>
                <Baseline points="775,2742 831,2742 887,2742 943,2742 1000,2742 1056,2741 1112,2741 1168,2741 1225,2741 1281,2741 1337,2742 1393,2742 1450,2742 1506,2742 1562,2742 1618,2743 1675,2743 1731,2743 1787,2744 1843,2745 1900,2745"/>
                <TextEquiv>
                    <Unicode>die bürgerlichen Personen mit bestimmten Vor= und Fa¬</Unicode>
                </TextEquiv>
            </TextLine>
            <TextLine id="r1l48" custom="readingOrder {index:47;}">
                <Coords points="1937,2758 3066,2764 3099,2709 1937,2711"/>
                <Baseline points="1949,2747 2008,2746 2068,2745 2128,2745 2188,2744 2248,2744 2308,2744 2368,2745 2428,2745 2488,2745 2548,2746 2608,2746 2668,2747 2728,2747 2788,2747 2848,2747 2908,2747 2968,2747 3028,2746 3088,2745"/>
                <TextEquiv>
                    <Unicode>Aspekt des Alternden, und tausend Beispiele können auch</Unicode>
                </TextEquiv>
            </TextLine>
            <TextLine id="r1l49" custom="readingOrder {index:48;}">
                <Coords points="758,2805 1915,2794 1915,2761 1726,2740 758,2748"/>
                <Baseline points="769,2792 825,2790 882,2789 939,2789 996,2788 1052,2788 1109,2788 1166,2788 1223,2788 1279,2789 1336,2789 1393,2790 1450,2791 1506,2791 1563,2792 1620,2793 1677,2793 1733,2794 1790,2794 1847,2795 1904,2795"/>
                <TextEquiv>
                    <Unicode>miliennamen auftreten, wird die Sache bei den Offizieren</Unicode>
                </TextEquiv>
            </TextLine>
            <TextLine id="r1l50" custom="readingOrder {index:49;}">
                <Coords points="1930,2803 3068,2814 3105,2757 1930,2764"/>
                <Baseline points="1941,2793 1998,2792 2056,2791 2114,2791 2171,2791 2229,2790 2287,2790 2344,2791 2402,2791 2460,2791 2518,2792 2575,2792 2633,2793 2691,2793 2748,2793 2806,2794 2864,2794 2921,2794 2979,2795 3037,2795 3095,2794"/>
                <TextEquiv>
                    <Unicode>das Gegenteil belegen. Ob das Leben Einem ein Ge¬</Unicode>
                </TextEquiv>
            </TextLine>
            <TextLine id="r1l51" custom="readingOrder {index:50;}">
                <Coords points="765,2863 1176,2827 1292,2860 1899,2858 1917,2799 766,2801"/>
                <Baseline points="776,2837 832,2838 889,2839 945,2840 1002,2840 1058,2840 1115,2841 1171,2841 1228,2841 1284,2841 1341,2841 1397,2841 1454,2841 1510,2841 1567,2841 1623,2841 1680,2842 1736,2842 1793,2843 1849,2843 1906,2844"/>
                <TextEquiv>
                    <Unicode>schon summarischer. Da heißt es schlechtweg: Der Oberst,</Unicode>
                </TextEquiv>
            </TextLine>
            <TextLine id="r1l52" custom="readingOrder {index:51;}">
                <Coords points="1940,2841 3095,2854 3095,2808 2994,2803 1940,2804"/>
                <Baseline points="1950,2844 2006,2844 2063,2844 2120,2844 2176,2844 2233,2844 2290,2844 2346,2845 2403,2845 2460,2845 2517,2846 2573,2846 2630,2846 2687,2846 2743,2846 2800,2846 2857,2846 2913,2846 2970,2845 3027,2845 3084,2844"/>
                <TextEquiv>
                    <Unicode>ringes oder ein Großes ist, hängt zuletzt nicht von der</Unicode>
                </TextEquiv>
            </TextLine>
            <TextLine id="r1l53" custom="readingOrder {index:52;}">
                <Coords points="758,2896 1911,2909 1911,2859 1794,2845 758,2855"/>
                <Baseline points="770,2889 826,2889 883,2889 939,2889 996,2890 1052,2890 1109,2890 1165,2890 1222,2890 1278,2890 1335,2890 1391,2890 1448,2890 1504,2890 1561,2890 1617,2890 1674,2891 1730,2891 1787,2891 1843,2891 1900,2891"/>
                <TextEquiv>
                    <Unicode>und bloß noch: Irene, seine Frau, und: Max und Albrecht,</Unicode>
                </TextEquiv>
            </TextLine>
            <TextLine id="r1l54" custom="readingOrder {index:53;}">
                <Coords points="1923,2886 3098,2917 3098,2853 3010,2844 1923,2857"/>
                <Baseline points="1935,2897 1992,2897 2050,2896 2107,2896 2165,2896 2223,2895 2280,2895 2338,2895 2396,2895 2453,2895 2511,2895 2569,2895 2626,2895 2684,2895 2742,2895 2799,2895 2857,2896 2915,2896 2972,2897 3030,2898 3088,2899"/>
                <TextEquiv>
                    <Unicode>kreaturhaften Angst vor der Vernichtung ab. Hier ist zu</Unicode>
                </TextEquiv>
            </TextLine>
            <TextLine id="r1l55" custom="readingOrder {index:54;}">
                <Coords points="753,2948 1926,2945 1897,2908 1736,2897 753,2899"/>
                <Baseline points="765,2944 822,2944 880,2943 937,2943 995,2943 1052,2943 1110,2943 1167,2943 1225,2943 1282,2943 1340,2943 1397,2943 1455,2943 1512,2943 1570,2943 1627,2943 1685,2943 1742,2943 1800,2943 1857,2943 1915,2943"/>
                <TextEquiv>
                    <Unicode>junge Offiziere. Die Sprache enthüllt das Disparate im</Unicode>
                </TextEquiv>
            </TextLine>
            <TextLine id="r1l56" custom="readingOrder {index:55;}">
                <Coords points="1928,2956 3101,2967 3101,2914 2971,2901 1928,2903"/>
                <Baseline points="1939,2947 1996,2947 2054,2947 2111,2947 2169,2947 2226,2946 2284,2946 2341,2946 2399,2945 2456,2945 2514,2945 2572,2945 2629,2945 2687,2945 2744,2945 2802,2945 2859,2945 2917,2946 2974,2947 3032,2948 3090,2949"/>
                <TextEquiv>
                    <Unicode>viel Aufwand um ein Geringes. Keiner darf es wagen,</Unicode>
                </TextEquiv>
            </TextLine>
            <TextLine id="r1l57" custom="readingOrder {index:56;}">
                <Coords points="767,2994 1874,3006 1907,2951 767,2955"/>
                <Baseline points="778,2987 833,2989 889,2990 945,2990 1001,2991 1057,2992 1113,2992 1169,2992 1225,2992 1281,2992 1337,2992 1392,2992 1448,2992 1504,2991 1560,2991 1616,2991 1672,2990 1728,2990 1784,2990 1840,2990 1896,2990"/>
                <TextEquiv>
                    <Unicode>Stil erst völlig: sie wechselt zwischen naturalistischer Be¬</Unicode>
                </TextEquiv>
            </TextLine>
            <TextLine id="r1l58" custom="readingOrder {index:57;}">
                <Coords points="1936,2990 3100,3004 3100,2962 2942,2948 2035,2937 1936,2966"/>
                <Baseline points="1948,2991 2005,2992 2062,2992 2119,2993 2176,2993 2233,2994 2290,2994 2347,2994 2404,2994 2461,2995 2518,2995 2575,2995 2632,2995 2689,2995 2746,2996 2803,2996 2860,2996 2917,2996 2974,2996 3031,2997 3089,2997"/>
                <TextEquiv>
                    <Unicode>was Tausende erlebt und erlitten, nur dadurch gleichsam</Unicode>
                </TextEquiv>
            </TextLine>
            <TextLine id="r1l59" custom="readingOrder {index:58;}">
                <Coords points="755,3050 1913,3052 1913,3008 1807,2993 755,3001"/>
                <Baseline points="766,3042 822,3041 879,3041 936,3040 993,3039 1050,3039 1106,3038 1163,3038 1220,3038 1277,3038 1334,3037 1390,3038 1447,3038 1504,3038 1561,3038 1618,3039 1674,3039 1731,3040 1788,3041 1845,3042 1902,3043"/>
                <TextEquiv>
                    <Unicode>grenztheit, Dialektik und einer poetischen Prosa, die zu¬</Unicode>
                </TextEquiv>
            </TextLine>
            <TextLine id="r1l60" custom="readingOrder {index:59;}">
                <Coords points="1933,3057 3104,3053 3089,3004 1933,3000"/>
                <Baseline points="1945,3042 2002,3042 2059,3042 2117,3042 2174,3043 2232,3043 2289,3043 2346,3043 2404,3043 2461,3043 2519,3043 2576,3043 2633,3043 2691,3043 2748,3044 2806,3044 2863,3045 2920,3045 2978,3046 3035,3047 3093,3048"/>
                <TextEquiv>
                    <Unicode>Lügen zu strafen, weil es nicht beweisbar ist. Mag Jeder</Unicode>
                </TextEquiv>
            </TextLine>
            <TextLine id="r1l61" custom="readingOrder {index:60;}">
                <Coords points="759,3094 1917,3112 1917,3048 759,3055"/>
                <Baseline points="770,3089 826,3089 883,3089 940,3089 997,3089 1054,3090 1110,3090 1167,3090 1224,3090 1281,3091 1338,3091 1394,3091 1451,3091 1508,3092 1565,3092 1622,3092 1678,3092 1735,3092 1792,3093 1849,3093 1906,3093"/>
                <TextEquiv>
                    <Unicode>weilen Aufschwünge in eine symbolische Sphäre versucht,</Unicode>
                </TextEquiv>
            </TextLine>
            <TextLine id="r1l62" custom="readingOrder {index:61;}">
                <Coords points="1939,3104 3092,3111 3092,3055 1939,3055"/>
                <Baseline points="1951,3089 2007,3089 2064,3090 2120,3090 2177,3090 2233,3091 2290,3091 2346,3091 2403,3091 2459,3091 2516,3092 2573,3092 2629,3092 2686,3092 2742,3092 2799,3092 2855,3093 2912,3093 2968,3093 3025,3094 3082,3095"/>
                <TextEquiv>
                    <Unicode>über Helden denken wie es ihm angemessen ist, vor der</Unicode>
                </TextEquiv>
            </TextLine>
            <TextLine id="r1l63" custom="readingOrder {index:62;}">
                <Coords points="759,3151 1117,3143 1174,3178 1921,3152 1921,3112 1732,3090 759,3094"/>
                <Baseline points="770,3136 827,3138 884,3140 941,3141 998,3141 1055,3142 1112,3142 1169,3142 1226,3142 1283,3141 1340,3141 1397,3141 1454,3140 1511,3140 1568,3140 1625,3140 1682,3140 1739,3140 1796,3140 1853,3141 1911,3142"/>
                <TextEquiv>
                    <Unicode>um dann wieder flügellahm in die bürgerliche Gebannt¬</Unicode>
                </TextEquiv>
            </TextLine>
            <TextLine id="r1l64" custom="readingOrder {index:63;}">
                <Coords points="1933,3157 3091,3153 3091,3111 2961,3099 1934,3099"/>
                <Baseline points="1944,3141 2000,3141 2057,3140 2114,3140 2171,3141 2227,3141 2284,3141 2341,3141 2398,3142 2454,3142 2511,3143 2568,3144 2625,3144 2681,3145 2738,3145 2795,3145 2852,3146 2908,3146 2965,3146 3022,3146 3079,3146"/>
                <TextEquiv>
                    <Unicode>Glorie des Todes ist die Glorifizierung des Trieblebens</Unicode>
                </TextEquiv>
            </TextLine>
            <TextLine id="r1l65" custom="readingOrder {index:64;}">
                <Coords points="765,3219 827,3195 994,3217 1087,3192 1145,3195 1180,3215 1180,3173 1108,3141 1006,3158 969,3144 956,3155 837,3144 766,3155"/>
                <Baseline points="776,3186 802,3186 828,3187 854,3187 880,3187 906,3187 932,3187 958,3188 985,3188 1011,3188 1037,3188 1063,3189 1089,3190 1115,3190 1141,3191 1168,3192"/>
                <TextEquiv>
                    <Unicode>heit zurückzusinken.</Unicode>
                </TextEquiv>
            </TextLine>
            <TextLine id="r1l66" custom="readingOrder {index:65;}">
                <Coords points="1938,3194 3085,3198 3085,3162 3010,3147 1938,3159"/>
                <Baseline points="1949,3197 2005,3196 2061,3196 2117,3196 2174,3195 2230,3195 2286,3195 2343,3195 2399,3195 2455,3195 2512,3195 2568,3195 2624,3194 2680,3194 2737,3194 2793,3193 2849,3193 2906,3192 2962,3191 3018,3191 3075,3189"/>
                <TextEquiv>
                    <Unicode>ein Widerspruch in sich selbst. Und an diesem Wider¬</Unicode>
                </TextEquiv>
            </TextLine>
            <TextLine id="r1l67" custom="readingOrder {index:66;}">
                <Coords points="1931,3255 2086,3285 2154,3247 2441,3262 2531,3242 2606,3264 2758,3238 2758,3207 2606,3195 1931,3198"/>
                <Baseline points="1943,3251 1983,3249 2023,3248 2063,3247 2103,3246 2144,3245 2184,3245 2224,3244 2264,3244 2304,3244 2345,3244 2385,3244 2425,3244 2465,3244 2505,3244 2546,3244 2586,3244 2626,3244 2666,3243 2706,3243 2747,3242"/>
                <TextEquiv>
                    <Unicode>spruch scheitert Schnitzlers Drama.</Unicode>
                </TextEquiv>
            </TextLine>
            <TextLine id="r1l68" custom="readingOrder {index:67;}">
                <Coords points="752,3310 1910,3301 1910,3228 753,3237"/>
                <Baseline points="764,3285 820,3285 877,3286 934,3287 991,3287 1048,3288 1104,3288 1161,3289 1218,3289 1275,3289 1332,3290 1388,3290 1445,3290 1502,3290 1559,3291 1616,3291 1672,3291 1729,3291 1786,3291 1843,3292 1900,3292"/>
                <TextEquiv>
                    <Unicode>Doch ist dieses Mißlingen nicht zufällig. Es steckt eine</Unicode>
                </TextEquiv>
            </TextLine>
            <TextLine id="r1l69" custom="readingOrder {index:68;}">
                <Coords points="763,3362 1923,3361 1923,3304 1835,3297 763,3300"/>
                <Baseline points="774,3339 830,3339 887,3339 944,3338 1001,3338 1058,3338 1115,3338 1171,3338 1228,3339 1285,3339 1342,3339 1399,3340 1456,3340 1513,3341 1569,3342 1626,3342 1683,3343 1740,3344 1797,3345 1854,3346 1911,3348"/>
                <TextEquiv>
                    <Unicode>geheime Gerechtigkeit dahinter, die es nicht zuläßt, daß</Unicode>
                </TextEquiv>
            </TextLine>
            <TextLine id="r1l70" custom="readingOrder {index:69;}">
                <Coords points="1932,3346 3098,3351 3078,3284 2518,3309 2476,3280 2300,3308 1932,3280"/>
                <Baseline points="1943,3341 2000,3341 2057,3340 2114,3340 2171,3340 2228,3340 2285,3340 2343,3340 2400,3340 2457,3340 2514,3340 2571,3340 2628,3341 2685,3341 2743,3341 2800,3342 2857,3343 2914,3343 2971,3344 3028,3345 3086,3346"/>
                <TextEquiv>
                    <Unicode>Der neue Direktor der Münchner Kammerspiele</Unicode>
                </TextEquiv>
            </TextLine>
            <TextLine id="r1l71" custom="readingOrder {index:70;}">
                <Coords points="768,3399 1893,3404 1920,3349 769,3361"/>
                <Baseline points="780,3387 836,3387 892,3388 949,3389 1005,3389 1062,3389 1118,3390 1174,3390 1231,3390 1287,3391 1344,3391 1400,3391 1456,3391 1513,3391 1569,3391 1626,3391 1682,3392 1738,3392 1795,3392 1851,3392 1908,3392"/>
                <TextEquiv>
                    <Unicode>eine schmale Erkenntnis mit seinem Ich als Generalnen¬</Unicode>
                </TextEquiv>
            </TextLine>
            <TextLine id="r1l72" custom="readingOrder {index:71;}">
                <Coords points="1925,3406 3094,3408 3094,3367 3037,3349 1925,3344"/>
                <Baseline points="1937,3395 1994,3394 2051,3394 2109,3393 2166,3393 2223,3393 2281,3392 2338,3392 2395,3392 2453,3392 2510,3392 2567,3392 2625,3392 2682,3392 2739,3392 2797,3393 2854,3393 2911,3394 2969,3394 3026,3395 3084,3396"/>
                <TextEquiv>
                    <Unicode>hätte sich wohl sagen können, daß er mit den Kräften,</Unicode>
                </TextEquiv>
            </TextLine>
            <TextLine id="r1l73" custom="readingOrder {index:72;}">
                <Coords points="761,3445 1784,3460 1886,3453 1912,3396 761,3399"/>
                <Baseline points="773,3436 829,3438 885,3439 942,3439 998,3440 1055,3440 1111,3441 1168,3441 1224,3441 1281,3442 1337,3442 1393,3442 1450,3442 1506,3442 1563,3442 1619,3442 1676,3442 1732,3442 1789,3442 1845,3442 1902,3442"/>
                <TextEquiv>
                    <Unicode>ner und ein Lebensgefühl, das nur bis zur Melancholie</Unicode>
                </TextEquiv>
            </TextLine>
            <TextLine id="r1l74" custom="readingOrder {index:73;}">
                <Coords points="1926,3459 3104,3451 3078,3403 2919,3396 1927,3402"/>
                <Baseline points="1938,3443 1995,3444 2053,3444 2111,3444 2168,3444 2226,3444 2284,3444 2341,3444 2399,3444 2457,3443 2515,3443 2572,3443 2630,3443 2688,3443 2745,3443 2803,3443 2861,3444 2918,3444 2976,3445 3034,3446 3092,3447"/>
                <TextEquiv>
                    <Unicode>die er einzusetzen hat, schwerlich grade diesem Werk auf</Unicode>
                </TextEquiv>
            </TextLine>
            <TextLine id="r1l75" custom="readingOrder {index:74;}">
                <Coords points="760,3489 1911,3500 1896,3445 760,3445"/>
                <Baseline points="771,3488 827,3488 883,3489 940,3489 996,3489 1053,3489 1109,3490 1166,3490 1222,3490 1279,3490 1335,3490 1391,3490 1448,3490 1504,3490 1561,3490 1617,3490 1674,3490 1730,3490 1787,3490 1843,3490 1900,3490"/>
                <TextEquiv>
                    <Unicode>über den eigenen Untergang reicht, zu tragischen Wir¬</Unicode>
                </TextEquiv>
            </TextLine>
            <TextLine id="r1l76" custom="readingOrder {index:75;}">
                <Coords points="1934,3489 3094,3493 3094,3455 3017,3446 1934,3454"/>
                <Baseline points="1946,3490 2002,3491 2059,3492 2116,3492 2173,3492 2230,3492 2287,3492 2343,3492 2400,3492 2457,3491 2514,3491 2571,3490 2628,3490 2685,3490 2741,3490 2798,3490 2855,3490 2912,3491 2969,3491 3026,3492 3083,3494"/>
                <TextEquiv>
                    <Unicode>die Beine helfen wird. Von einigen respektablen Lei¬</Unicode>
                </TextEquiv>
            </TextLine>
            <TextLine id="r1l77" custom="readingOrder {index:76;}">
                <Coords points="761,3535 1921,3544 1921,3495 1888,3491 761,3495"/>
                <Baseline points="773,3535 829,3536 886,3537 943,3538 1000,3539 1057,3539 1114,3539 1171,3539 1228,3539 1285,3539 1342,3539 1398,3539 1455,3539 1512,3539 1569,3539 1626,3539 1683,3540 1740,3540 1797,3541 1854,3541 1911,3543"/>
                <TextEquiv>
                    <Unicode>kungen gelange. Schnitzler meint, das Wissen um</Unicode>
                </TextEquiv>
            </TextLine>
            <TextLine id="r1l78" custom="readingOrder {index:77;}">
                <Coords points="1939,3548 3099,3560 3099,3511 3055,3500 1939,3499"/>
                <Baseline points="1950,3540 2006,3540 2063,3541 2120,3541 2177,3541 2234,3541 2291,3541 2348,3541 2405,3541 2462,3541 2519,3541 2575,3541 2632,3541 2689,3541 2746,3541 2803,3541 2860,3541 2917,3541 2974,3542 3031,3542 3088,3543"/>
                <TextEquiv>
                    <Unicode>stungen abgesehen, die zumeist nicht über Mittelmaß hin¬</Unicode>
                </TextEquiv>
            </TextLine>
            <TextLine id="r1l79" custom="readingOrder {index:78;}">
                <Coords points="761,3592 1870,3608 1918,3601 1919,3546 761,3545"/>
                <Baseline points="771,3586 827,3586 884,3586 941,3586 998,3586 1055,3586 1111,3586 1168,3586 1225,3586 1282,3586 1339,3586 1395,3586 1452,3586 1509,3586 1566,3587 1623,3587 1679,3587 1736,3588 1793,3588 1850,3589 1907,3590"/>
                <TextEquiv>
                    <Unicode>den Tod und das unabänderliche, unvermeidliche Vor=ihn¬</Unicode>
                </TextEquiv>
            </TextLine>
            <TextLine id="r1l80" custom="readingOrder {index:79;}">
                <Coords points="1938,3610 3096,3610 3096,3557 3039,3550 1938,3549"/>
                <Baseline points="1950,3587 2006,3589 2063,3590 2120,3591 2176,3592 2233,3592 2290,3592 2346,3592 2403,3592 2460,3591 2517,3591 2573,3590 2630,3590 2687,3589 2743,3589 2800,3589 2857,3589 2913,3589 2970,3590 3027,3591 3084,3593"/>
                <TextEquiv>
                    <Unicode>ausragten, sind auch Erscheinungen aufgetaucht, die man</Unicode>
                </TextEquiv>
            </TextLine>
            <TextLine id="r1l81" custom="readingOrder {index:80;}">
                <Coords points="763,3650 1923,3646 1923,3604 1835,3595 763,3590"/>
                <Baseline points="775,3639 831,3638 888,3638 945,3637 1002,3637 1059,3636 1116,3636 1172,3636 1229,3636 1286,3636 1343,3636 1400,3636 1457,3637 1514,3637 1570,3637 1627,3637 1684,3638 1741,3638 1798,3638 1855,3638 1912,3638"/>
                <TextEquiv>
                    <Unicode>gestellt=sein sei zweierlei. Und er schafft unmögliche Vor¬</Unicode>
                </TextEquiv>
            </TextLine>
            <TextLine id="r1l82" custom="readingOrder {index:81;}">
                <Coords points="1933,3638 3048,3662 3090,3660 3091,3603 1933,3603"/>
                <Baseline points="1943,3637 1999,3637 2056,3637 2113,3637 2170,3637 2227,3637 2283,3637 2340,3637 2397,3638 2454,3638 2511,3639 2567,3639 2624,3639 2681,3640 2738,3640 2795,3641 2851,3641 2908,3642 2965,3642 3022,3642 3079,3643"/>
                <TextEquiv>
                    <Unicode>an einer Großstadtbühne nur mit größter Vorsicht ver¬</Unicode>
                </TextEquiv>
            </TextLine>
            <TextLine id="r1l83" custom="readingOrder {index:82;}">
                <Coords points="763,3692 1930,3687 1930,3651 1826,3643 763,3646"/>
                <Baseline points="774,3682 831,3685 888,3687 945,3688 1002,3690 1060,3691 1117,3692 1174,3692 1231,3692 1288,3692 1346,3692 1403,3691 1460,3691 1517,3690 1574,3690 1632,3689 1689,3689 1746,3689 1803,3688 1860,3688 1918,3689"/>
                <TextEquiv>
                    <Unicode>aussetzungen, um zu zeigen, wie da der nackte Liebe¬</Unicode>
                </TextEquiv>
            </TextLine>
            <TextLine id="r1l84" custom="readingOrder {index:83;}">
                <Coords points="1940,3696 3098,3704 3098,3651 1940,3656"/>
                <Baseline points="1951,3692 2007,3692 2064,3693 2121,3693 2178,3693 2235,3693 2291,3692 2348,3692 2405,3692 2462,3692 2519,3691 2575,3691 2632,3691 2689,3691 2746,3691 2803,3691 2859,3692 2916,3692 2973,3693 3030,3694 3087,3695"/>
                <TextEquiv>
                    <Unicode>wenden dürfte. Darum schweigt von ihnen am besten</Unicode>
                </TextEquiv>
            </TextLine>
            <TextLine id="r1l85" custom="readingOrder {index:84;}">
                <Coords points="757,3749 2543,3759 2543,3708 2343,3691 757,3713"/>
                <Baseline points="768,3735 856,3737 944,3738 1032,3739 1120,3740 1208,3741 1296,3742 1385,3743 1473,3744 1561,3744 1649,3745 1737,3745 1825,3746 1913,3746 2002,3746 2090,3746 2178,3746 2266,3746 2354,3746 2442,3746 2531,3746"/>
                <TextEquiv>
                    <Unicode>und Lebenshunger ausbricht. Doch was er da von des Sängers Höflichkeit ....</Unicode>
                </TextEquiv>
            </TextLine>
            <TextLine id="r1l86" custom="readingOrder {index:85;}">
                <Coords points="2937,3737 2966,3739 2999,3760 3021,3754 3051,3766 3062,3777 3067,3773 3086,3782 3100,3780 3101,3705 3060,3700 3026,3712 2989,3698 2956,3713 2938,3706"/>
                <Baseline points="2948,3747 2976,3745 3004,3746 3032,3748 3060,3748 3089,3748"/>
                <TextEquiv>
                    <Unicode>E. F.</Unicode>
                </TextEquiv>
            </TextLine>
            <TextLine id="r1l87" custom="readingOrder {index:86;}">
                <Coords points="1871,3860 1917,3857 1924,3850 1935,3860 1948,3856 1950,3859 1955,3854 1988,3856 1991,3799 1967,3798 1960,3802 1938,3796 1916,3806 1903,3800 1889,3804 1874,3801"/>
                <Baseline points="1884,3837 1915,3842 1946,3841 1978,3845"/>
                <TextEquiv>
                    <Unicode>W</Unicode>
                </TextEquiv>
            </TextLine>
            <TextEquiv>
                <Unicode>box 24/4
19. Der Ruf des Lebens
Smg, Poromto.
(Quellenafghbe hige R#7
München. Wien
Ausschnist a#
11913
vom:
Snhen Sämster Der Bufdes kehene
(Münchner Kammerspiele.)
an braucht unsere Generation nicht zu belehren,
97
J## daß Lebensgenuß etwas Reelles ist. Das weiß
Arthur Schnitzler gewiß sehr wohl. Es wäre also
töricht anzunehmen, der Dichter erotischer Stimmungen
und ihrer Melancholien, hätte im „Ruf des Lebens“
so etwas wie einen Sieg der Lebensfreude darstellen oder
verherrlichen wollen. Ihm mag vielleicht etwas Musika¬
lisches vorgeschwebt haben, — eine Symphonie von Liebe
und Tod —, ein düsteres, schweres Andante als erster
Akt, ein tragisches Furioso als zweiter, und ein abgeklärt
ausklingendes Adagio als dritter. Aber es ist ihm alles
gröber geraten, als er wollte, und dadurch mißglückt. Alle
Gewaltsamkeiten der Voraussetzungen wären sinn¬
und bedeutungsvoller geworden, wenn sich der Dichter
entschlossen hätte, sein Stück in Versen zu schreiben und
den Umriß seiner Figuren weniger scharf zu zeichnen: Der
Vater, die Tochter, der General, die Base und so weiter.
Es wäre blässer aber verständlicher und allgemeiner ge¬
worden. Was die Gestalten dadurch an Bestimmtheit
verloren hätten, wäre ihrer symbolischen Bedeutung viel¬
leicht zugute gekommen. So aber klafft ein böser Riß
zwischen der künstlich stilisierten Symmetrie phantastisch¬
unwahrscheinlicher Ereignisse und seinen im Milieu ge¬
bannten Figuren. Der Dichter muß seine Kraft ver¬
al diirch ninchalngische Motivierung das Unmögliche
zu verbinden. Dadurch werden Situationen herbeige¬
seinen jungen Menschen, Männern und Frauen aus¬
führt, die eher grotesk als tragisch sind. Daß Schnitz¬
sagt, stimmt einfach nicht. Es ist nicht giltig. Die
ler sich auch während der Arbeit in einem künstlerischen
kennen auch eine andere Art von Verschwendung,
Zwiespalt befunden haben mußte, darüber gibt selbst des
welche die typischere ist, und vom Triebleben nur
Personenverzeichnis merkwürdige Aufschlüsse. Während
den Elan hat. Schnitzlers Blick auf diese Dinge ist der
die bürgerlichen Personen mit bestimmten Vor= und Fa¬
Aspekt des Alternden, und tausend Beispiele können auch
miliennamen auftreten, wird die Sache bei den Offizieren
das Gegenteil belegen. Ob das Leben Einem ein Ge¬
schon summarischer. Da heißt es schlechtweg: Der Oberst,
ringes oder ein Großes ist, hängt zuletzt nicht von der
und bloß noch: Irene, seine Frau, und: Max und Albrecht,
kreaturhaften Angst vor der Vernichtung ab. Hier ist zu
junge Offiziere. Die Sprache enthüllt das Disparate im
viel Aufwand um ein Geringes. Keiner darf es wagen,
Stil erst völlig: sie wechselt zwischen naturalistischer Be¬
was Tausende erlebt und erlitten, nur dadurch gleichsam
grenztheit, Dialektik und einer poetischen Prosa, die zu¬
Lügen zu strafen, weil es nicht beweisbar ist. Mag Jeder
weilen Aufschwünge in eine symbolische Sphäre versucht,
über Helden denken wie es ihm angemessen ist, vor der
um dann wieder flügellahm in die bürgerliche Gebannt¬
Glorie des Todes ist die Glorifizierung des Trieblebens
heit zurückzusinken.
ein Widerspruch in sich selbst. Und an diesem Wider¬
spruch scheitert Schnitzlers Drama.
Doch ist dieses Mißlingen nicht zufällig. Es steckt eine
geheime Gerechtigkeit dahinter, die es nicht zuläßt, daß
Der neue Direktor der Münchner Kammerspiele
eine schmale Erkenntnis mit seinem Ich als Generalnen¬
hätte sich wohl sagen können, daß er mit den Kräften,
ner und ein Lebensgefühl, das nur bis zur Melancholie
die er einzusetzen hat, schwerlich grade diesem Werk auf
über den eigenen Untergang reicht, zu tragischen Wir¬
die Beine helfen wird. Von einigen respektablen Lei¬
kungen gelange. Schnitzler meint, das Wissen um
stungen abgesehen, die zumeist nicht über Mittelmaß hin¬
den Tod und das unabänderliche, unvermeidliche Vor=ihn¬
ausragten, sind auch Erscheinungen aufgetaucht, die man
gestellt=sein sei zweierlei. Und er schafft unmögliche Vor¬
an einer Großstadtbühne nur mit größter Vorsicht ver¬
aussetzungen, um zu zeigen, wie da der nackte Liebe¬
wenden dürfte. Darum schweigt von ihnen am besten
und Lebenshunger ausbricht. Doch was er da von des Sängers Höflichkeit ....
E. F.
W</Unicode>
            </TextEquiv>
        </TextRegion>
    </Page>
</PcGts>
