3436 4352
1615 337 2082 444 box 24/5
296 353 1466 471 19. Der Ruf des Lebens
1810 1640 1930 1736 —
675 1682 947 1775 BP
1711 1655 3398 1768 1 Thema von der Süße des Lebens und von der Bitter=] ein stiller, treuer Brakenburg,
2786 1727 3379 1800 seelen! diger Arzt nd Fr.
1718 1760 2781 1842 keit des Todes. Wie in dem stärksten seiner Romane, im
2781 1776 3385 1852 Dulden zeigten kiare sichere F
1735 1784 2781 1879 „Serben“, schi##t hier Sehnsucht auf, die Seinsucht nach
897 1751 1486 1889 Der Ruf des Lebens.
2790 1824 3398 1899 der elegische Don der Seufze#
1732 1844 2777 1930 dem Verweilen auf der freundsich sonnigen Erde. Man¬
644 1845 1721 1959 Schauspiel von Artu==Schnitzler. — Aufführung im
2786 1868 3385 1953 ist voll süßer Melodie. Das L
1732 1880 2788 1968 cher echt menschliche Zug, aber schade, daß alles, was
1042 1916 1345 1984 Schausse
2789 1925 3399 1995 das Reale und Realistische des 2
1721 1949 2783 2031 auftritt, neben aller Menschlichkeit so ausdringlich eine
2794 1972 3391 2051 kebigen tritt hinter Klang und
738 1948 1724 2051 Aktur Schnitz'er mit grellem Theatergeräl in den
1737 1999 2792 2077 „Rolle“ in der Hand hält und statt der gedämpften,
2796 2020 3387 2096 Symbolik aber ewas zu stark
663 2017 1713 2104 Taschen! Als wenn er all den Theatralikern seit Birch¬
1730 2053 2787 2116 leisen Sprache Schnitz'ers der Theaterschrei allzu oft
2797 2076 3398 2157 Oberst war diesmak ohne un
683 2066 1736 2152 P#eijer beweisen wollte: Das kann ich auch. So viel
1723 2099 2786 2185 aufgellt. Der letzte Akt zeigt nach aller Kolportage¬
2795 2114 3402 2194 lalt und hart wie Eisen. Herr
678 2120 1720 2208 „geschieht“ in keinem andern Schnitzler. Ein altöster¬
1732 2139 2794 2230 romantik und Theaterei ein sanftes Abströmen der
2799 2165 3401 2247 kleidele das Stück Altösterreiche
681 2162 1726 2256 reichisches Kürassierregiment wird in den sicheren Tod
1738 2191 2797 2285 Handlung in Unhandlung, Symbolik und Senlimen¬
2811 2222 3373 2294 teristisch ein. Nicht gekungen
677 2216 1723 2301 geschickt, um die Schmach zu sühnen, die es einmal
1744 2267 1927 2328 talität.
2798 2264 3389 2346 der ausdringliche Aufenthalt d
680 2288 1731 2357 auf seine Fahnen kud. Letzte Nacht vor dem Ausmarsch.
1817 2265 2797 2362 Für die Darsteller ist vieles dankbar und sie griffen
2802 2321 3372 2394 der ketzten Szene. Das muß
674 2319 1735 2405 Ein Leutnant, der den Besuch der Oberstin empfängt,
1741 2341 2799 2415 auch tüchtig zu und horchten auf den „Ruf des Lebens“,
2811 2366 3400 2436 oder wenn es bleibt, so weit
676 2362 1739 2436 die sein: Geliebte ist. Rächersilhouette des Obersten
1739 2391 2792 2471 der hier über Krankheit und Krieg vielstimmig und
2815 2419 3388 2483 sein, daß die Stummheit der st
685 2418 1741 2501 im Fenster: Schuß und Tod der treulosen Frau. In
1743 2436 2798 2526 für jede Gestalt anders erklingt. Fr. Weiser gibt
2814 2463 3396 2539 lärmt und schwatzt doch!) nicht
689 2465 1738 2540 derselben Nacht genießt der Leutnank noch (so von
1743 2490 2805 2572 gleich in den ersten Gesten und Worsen der Ge¬
2817 2516 3396 2605 gab nach dem ersten Akt einv#
674 2514 1737 2589 der Leiche weg) die Lebe eines reinen Mädchens, das
555 2541 671 2622 K
1749 2553 2809 2621 drücktheit und Verbillerung der pflegenden Tochter ein
688 2571 1731 2646 am Siechenbett ihres sich wild aus Leben klammern¬
2812 2567 3401 2638 „Bravo“ nach dem zweiten
1752 2585 2808 2672 ganzes Schicksal, Ihr und Herrn Pindo, der den
687 2610 1742 2689 den Vateis verkümmerte, bis sie dem von rohestem
2807 2608 3397 2691 dem dritten schwieg es sich mit
1755 2634 2816 2714 bösartigen, jugendneidigen Patienten ausgezeichnet gab,
2823 2666 3401 2740 hätte als Zeuge dieser Verle
692 2652 1750 2742 Lebensrgeismus Ersüllten Eift ins Glas gießt, um
1753 2681 2814 2758 war der überaus starke Erfoig des ersten Ak.es zu dan¬
2818 2721 3404 2779 schnell etwas hinzugeschrieben
686 2708 1753 2796 einmal se bst das hize Lben zu umarmen. Nicht genug
1760 2733 2827 2818 ken. Die Erzählung von der Mas enpanik der flüch¬
2827 2766 3392 2843 so viel Plage war peinlich.
691 2772 1751 2833 an Schuß und Gistmord wird die Handlung auch durch
1764 2776 2814 2862 tenden Schwadron stackerte in dem atemlosen Auf¬
2818 2812 3401 2880 innerte man sich, daß man di
687 2808 1753 2897 folgenden Umstand „ausgefüllt“: Der Alte, der von der
1750 2815 2824 2925 schreien des lebenshungrigen Kranken unheimlich auf.
2822 2862 3405 2937 abschieden darf und es wurde
695 2855 1756 2948 Hano der gemarierten Tochter stirbt, hat einst als
1758 2871 2823 2965 Das stumme Spiek, mit dem Fr. Weiser diese Er¬
2820 2916 3393 2991 hafte zählten noch ein dreize
693 2921 1747 2976 Rittmeister die Schmach jenes Regiments verursacht,
1764 2917 2817 3021 zählung des Vaters begleitet, war so plastisch, daß
2833 2961 3399 3032 Vorhanges. Es war also, wer
689 2963 1750 3049 desten Jugend jetzt vor dem schuldigen, achtzigjähri¬
1761 2984 2824 3062 man Worte zu hören meinte. Herr Andersen glüht
703 3013 1763 3101 gen Vamphr das Leben lassen muß. Also unausgesetzt
1766 3022 3353 3106 als Leu nant von So datenseuer, Fri. Dürr als die das ein Durchsall mit Beifall.
3308 3055 3406 3125 50
693 3060 1754 3141 kachende Handlung und dazwischen ein e was kümmer¬
704 3082 2866 3195 liches Resichen echter Schnitzher: das echt wienerische] Leben preijende, todesmutige Frau, Herr Kainz als
