3484 4352
1585 267 2027 368 box 24/1
1084 296 1177 363 L
913 301 973 371 d
812 303 860 361 P
275 303 1427 418 19. Der Ru.s ebens
1717 499 2770 582 an dem Förster, der um Marie wirbt, und dem sie
1727 557 2778 619 all ihre Verbrechen beichtet, auch an der Tante, deren
1726 607 2782 676 Tochter die Schwindsucht hat und die Mutter verläßt,
1735 648 2775 708 um den Lebensrest noch in wüstem Liebesraumel zu
1725 671 2781 753 vergenden, die dem „Ruf des Lebens“ folgt, weil sie
1733 714 2789 779 den Ruf des Todes hört, auch sie finden den Weg zu
1727 760 2793 820 Lunserer Teilnahme, zu unserem Empfinden nicht, weil
1732 809 2783 867 Psie uns an ihrem Empfinden nicht teilnehmen lassen.
1724 853 2400 927 Wir sehen nur ihre Handlungen.
1787 868 2786 946 In diesem dreiaktigen Fortsetzungsroman ist auch
1717 920 2786 976 der Dialog Roman=Sprache. Getragene sogar,
1735 968 2786 1021 ein wenig im empfindsamen Werther=Ton, einmal zu
1727 1002 2791 1076 Versen sich steigernd. Alle: Offiziere, der Förster, der
1735 1057 2783 1107 Arzt, die Frauen reden dasselbe Papierdeutsch, das zu¬
1729 1084 2795 1158 weilen fein zugespitzte Bemerkungen, geistvolle, in seinerem
1740 1138 2793 1185 Sinne witzige Wendungen enthält. So wenn der Oberst
1736 1168 2798 1229 über den Soldatenberuf nach drei Friedensjahrzehnten
1738 1212 2784 1278 klagend sagt: „Wo gibt es einen Arzt, dem man
1739 1247 2795 1321 immer nur ausgestopfte Puppen in die Krankenbetten
1741 1295 2797 1353 legt? Wo Richter und Anwälte, die ihr Leben lang
1739 1330 2715 1393 Inur gemalte Verbrecher sehen? Nur der Soldat ..
1747 1359 2798 1434 Im ganzen: Schnitzler ist auch hier der Schriftsteller
1379 1397 1568 1476 Tiak
2041 1423 2796 1488 hat uns nur keine neue Dichtung von
1750 1426 2039 1490 von Geist, er
1745 1466 2036 1526 Wert gegeben.
753 1450 1748 1509 — Wenn das Lessing=Theater“ oder sagen wir
1800 1472 2794 1568 Das „Lessing=Theater“ hat dem Werk die liebe¬
727 1518 1811 1565 die Direktion Brahm, ein Werk von Schuitlers¬
721 1552 1741 1604 ankündigt, dann ist der Aufführung die lebhafte An¬
1752 1534 2803 1591 vollste Inszenierung angedeihen lassen. Das Zimmer
1756 1579 2801 1642 des alten Moser, — dieser Lebensgeizhals, der an der
721 1587 1744 1656 teilnahme der literarischen Welt, dann ist ihr das
1756 1596 2809 1684 Schwelle der Achtzig sich zäh ans Dasein klammert
717 1625 1747 1710 gesteigerte Interesse unserer Gesellschaft sicher. Auch
1765 1662 2806 1723 und die Jahre zählt wie ein Harpagon die Taler, ist
737 1662 1760 1732 gestern Abend war die engere Literatur=Gemeinde ver¬
1764 1707 2725 1764 vielleicht die lebensechteste Figur des Stückes
732 1703 1747 1766 hsammelt, und die neue Darbietung des stärksten
1759 1738 2815 1806 das Zimmer dieses keifenden Alten, die Kostüme
725 1753 1755 1819 [Theater=Talents unter den Wiener Autoren
1764 1787 2804 1850 alle geben ein gutes Bild vom Wien der
725 1789 1758 1849 fwurde mit einer gewissen Spannung erwartet. Auf
1755 1828 2815 1885 Biedermeierzeit. Das Landhaus am Waldes¬
729 1824 1752 1889 Spannung blieb nun aber auch der ganze Abend
1767 1876 2808 1928 rand inmitten üppiger Wiesenwar vollends ein Regie¬
727 1878 1762 1941 gestellt. Mehr als uns für den feinnervigen und
1760 1910 2809 1967 Virtuosenstückchen, das mit seinen üppiggrünen Hügeln,
736 1915 1751 1982 geistvollen Autor, mehr als uns für sein Werk
1754 1951 2816 2001 auf denen sich Kinder tummeln, die Waldszenerie des
728 1967 941 2025 lieb war.
1751 1982 2808 2070 „Sommernachtstraum“ übertrumpfen zu wollen schien.
785 1973 1761 2046 Unter einem langwährenden Zankduett zwischen
1767 2031 2807 2097 Der Vorbeimarsch des Reiterregiments im ersten Akt
733 2041 1763 2094 Klatschen und Zischen ging das Stück zu Ende. Die
1769 2074 2820 2136 war nicht minder ein fein durchgeführtes Regiekonzert
733 2079 1763 2131 Ausdauer der Applaudierenden, der Freunde, die sich
1764 2118 2817 2177 von Emil Lessing. Die Darstellung nahm sich des
731 2116 1759 2178 Arthur Schnitzler mit einer langen Reihe von einem
1774 2152 2807 2219 Werkes in gleicher Weise an. Der grämliche und
730 2154 1761 2218 vornehmen poetischen Parfüm durchzogener Dichtungen
1770 2189 2823 2265 polternde Kranke war ein prächtiges Gesellenstückchen von
739 2204 1767 2257 erworben hat, hielten wacker aus, und so wurde denn
1769 2238 2809 2297 [Hans Marrs Charakterisierungskunst — er wird
738 2239 1761 2316 der Verfasser wohl auch nach dem dritten
1617 2284 1765 2332 o leb¬
1770 2272 2819 2342 es zum Meister bringen. Irene Triesch verstand
732 2276 1559 2350 und letzten Akt gerufen, nur nicht
1783 2318 2821 2383 es wieder, ihrer „Rolle“ Seele, eine sturmbewegte, von
734 2328 1770 2390 haft wie nach den ersten beiden. Was an
734 2372 2815 2428 diesem Beifall und diesen Hervorrufen Erfolg ist, verhaltener Leidenschaft aufgewühlte Seele einzu¬
1783 2406 2813 2468 hauchen. Wie keine andere vermag es die Triesch, in
739 2413 1772 2468 bleibt Schnitzler immerhin zu gönnen, denn sein
1782 2443 2815 2508 einem diskreten Ton, in einem Blick, das Leid eines
736 2447 1762 2511 überlegener tiesdringender Verstand, der kritische Blick,
1784 2470 2817 2554 gepeinigten, vornehmeren Wesens auszudrücken und mit¬
742 2488 1765 2552 der die Welt so unbefangen ansieht, durch Schminken
1773 2527 2824 2581 zuteilen. Den betrogenen Obersten, eine feingedachte
733 2533 1766 2589 und Hüllen gehend, verrät sich auch in dem gestern
1783 2570 2814 2633 Figur, einen Philosophen und witzigen Spötter im
744 2571 1774 2628 vorgeführten Roman. Ja, ein Roman, ein auf
1774 2604 2817 2675 Waffenrock, wußte Herr Bassermann sehr an¬
755 2605 1771 2670 Spannung gestellter, handlungsreicher Fortsetzungs¬
743 2653 1769 2709 Roman ist dieser „Ruf des Lebens“. Viel äußere
1778 2649 2828 2717 ziehend zu gestalten und ihm den Ton des er¬
743 2688 1771 2758 und wenig innere Vorgänge, viel Worte, oft sehr kluge
1781 2703 2827 2754 leuchteten, auf den Exerzier= oder Turnierplätzen des
1783 2732 2817 2796 Geistes heimischen Offiziers zu geben. Else Leh¬
745 2737 1770 2791 und geistvolle Worte, aber selten sind sie Ausdruck
1783 2764 2831 2834 mann wandte ihre Wärme des Empfindens, ihre
739 2781 1773 2840 eines starken Empfindens, an dem wir Anteil nehmen
1786 2814 2817 2883 schöne Herzlichkeit der Tante Toni, einer wenig er¬
744 2819 1778 2886 können. Probleme, die einer gründlicheren Erörterung
1795 2858 2829 2917 giebigen Aufgabe, zu. Die Tochter dieser Tante, die
751 2860 1774 2918 wert sind, werden gestreift, aber schnell wieder ver¬
1784 2893 2828 2955 Schwindsüchtige, die ihren Lebensrest wild vertollt,
751 2901 1784 2955 lassen. Gegensätze in Charakteren und Anschauungen
762 2940 1783 3001 scheinen sich emporzurecken, aber sie werden nur als
1782 2939 2823 3006 spielt Frau Grete Hofmann. Die Gattin unseres
755 2985 1775 3043 Requisiten für eine Effektszene verwendet. Ungewöhn¬
1793 2978 2832 3040 trefflichen Heldentenors Kraus hat echtes Schauspieler¬
1781 3020 2827 3085 blut in den Adern, hat Temperament und Bühnensicherheit.
758 3021 1784 3088 liche Vorgänge, nur bei vulkanisch erregten, revolu¬
1791 3061 2832 3123 Mit dieser an die Genußtollheit der florentinischen
749 3063 1780 3127 tionierten Menschen erklärbar, ziehen an uns
1786 3103 2832 3168 Pestzeit erinnernden Gestalt, die wieder auch etwas
753 3103 1786 3171 vorüber, wir sehen nur die gewaltsamen Ereignisse,
1788 3148 2835 3212 phantastisch ist, mag an sich wenig anzufangen sein,
753 3146 1799 3221 wenig oder nichts von den inneren Triebfedern ....
1794 3178 2837 3245 und das innerlich wie äußerlich urgesunde Wesen der
802 3182 1794 3252 Wir sind in Wien, aber nicht im sonnigen der
1787 3223 2841 3294 Frau Hofmann wollte für die sterbende Schwindsüchtige
761 3232 1792 3305 „Liebelei“ und der Anatol=Szenen. I eine ziemlich
1795 3266 2842 3327 nicht passen. Immerhin verriet sich das ererbte
756 3274 1787 3330 abstoßende Gesellschaft und beklemmen#e Stimmung
1788 3307 2839 3370 Talent der Baison wie der Hofmann auch hier in
762 3313 1777 3380 führt uns das Stück zunächst. Der alte Moser ist ein
1790 3343 2834 3416 so manchem Moment. Den philosophischen Arzt gab
769 3351 1784 3429 schwerkranker, widerwärtiger Egoist, der seine Tochter
1799 3390 2840 3456 Herr Reicher mit feiner, milder Ueberlegenheit, und
761 3393 1797 3457 quält und martert. Diese stille Tochter fühlt in sich
759 3455 2845 3493 den mächtigen „Ruf des Lebens“. Eine Ballnacht mit gesunder Naturfrische stattete Herr Rittner
762 3462 2840 3537 brachte sie einmal mit einem jungen Offizier den Förster aus. Dem jungen Offizier lieh Herr
759 3507 2840 3579 von den „blauen Kürassieren“ zusammen. Nun sies Stieler edle Haltung, und Frl. Else Schiff fand
764 3585 2830 3623 erfährt, daß dieses Regiment eben in den Krieg zieht, sich mit der undankbarsten Aufabe, mit der Obersten¬
1792 3593 2820 3662 frau, geschickt ab. So hat denn das „Lessing=Theater“
766 3602 1787 3666 und Offiziere wie Soldaten sich geschworen haben,
1808 3638 2848 3700 seinem Dichter diesmal mehr gegeben als der Dichter
1535 3640 1785 3700 es gilt eine
764 3656 1475 3709 keiner dürfe lebend aus dem Kampf
1800 3682 2843 3739 dem Theater. Immerhin kann es ganz wohl möglich
779 3685 1791 3750 frühere Schmach, die das Regiment durch eine Flucht auf
1802 3719 2849 3797 sein, daß die spannende Geschichte im Publikum ihre
774 3734 1797 3791 sich lud, zu fühnen — zurückkehren, nun treibt ein wildes
2609 3760 2783 3833 J. L.
772 3767 1800 3836 Verlangen sie zu jenem Offizier. Hier sind wir nun
1796 3770 2134 3850 Liebhaber findet.
780 3811 1803 3873 bei einem Problem, das der Arzt Dr. med.
776 3850 1799 3912 Schnitzler dem Dramatiker Schnitzter vermittelt hat.
776 3889 1809 3957 Darf die Tochter den schwerkranken Vater verlassen?
770 3931 1809 3987 Darf sie ihm, da er sie keinen Augenblick von seiner
783 3974 1811 4029 Seite läßt, einen Schlastrunk geben? Der Arzt, der
770 4002 1817 4081 Marie selbst liebt, rät ihr dazu und gibt ihr das
778 4048 1819 4118 verhängnisvolle Faust=Fläschchen. Gretchen=Marie gibt
774 4096 1812 4154 dem Alten den Trunk, der ihm Schlaf, ewigen Schlaf
781 4140 1816 4206 bringt; sie läßt den sterbenden Vater liegen und eilt
772 4177 1173 4257 zu ihrem Leutnant.
1003 4229 1098 4274 H 1
1101 4227 1158 4289 1
