3484 4256
767 63 1300 139 er an uid Ttvens¬
606 119 1447 205 Schauspiel in drei Akten von Arthur Schnitzler.
761 177 1302 245 Aufführung im Neuen Theater
649 229 1520 288 Vor einem vollen Haus ging gestern die
543 279 1523 328 jüngste Tragödie Arthur Schnitzlers in Szene. Von
544 324 1515 371 Anfang an wußte sie durch das mächtig pulsierende
541 367 1525 427 Leben, durch die interessanten Charaktere zu fesseln
543 406 1516 467 und durch ihre dichterischen Schönheiten zu er¬
532 450 1512 502 greifen. Man fühlte sich in dem Bann eines
532 482 1516 559 Dichters, der nicht zögert, dem Hörer zu mißfallen,
536 542 1521 589 wenn es ihm nur gelingt, ihn zu überzeugen, eines
541 576 1520 639 Dichters, der in weiterem Maße als je vorher die
528 628 1513 682 Kühnheit gehabt hat, das auszusprechen und Ge¬
537 673 1516 727 stalt werden zu lassen, was die Wissenden sonst
531 707 1516 775 einander zurannen oder mitleidig verdecken. Man
523 753 1515 813 würde fehlgehen zu glauben, daß Schnitzler etwa
526 801 1516 856 ein Tendenzdrar.a hat schreiben wollen. Er kündet
535 841 1505 904 den Rüf des Lebens und zeigt an einer ganzen
524 888 1509 942 Reihe von Personen, wie verhängnisvoll er wird,
534 923 1508 986 ob nun dieser Ruf wirklich erklang, oder nur
533 964 1507 1040 die Tänschung einer erregten Phantasie ge¬
519 998 725 1067 wesen ist.
632 1047 1513 1116 Die mächtigste Wirkung hatte der zweite
515 1065 1509 1159 Akt, der eine ganze Reihe wirkungsvoller Ge¬
526 1143 1508 1204 schehnisse in rascher Steigerung aufeinanderhäuft
521 1184 1507 1252 und auch schauspielerisch die dankbarsten Handhaben
521 1227 1499 1291 bietet. Aber auch der dritte letzte Akt hielt das
518 1275 1498 1326 teilnahmsvolle Interesse wach. Er ist naturgemäß
518 1305 1505 1378 nur ein Ausklang und eine Perspektive zu jener
517 1349 1499 1418 Sühne, die der Dichter nach den Gewalttaten des
514 1403 1495 1466 ersten und zweiten Aktes absichtlich vermied. Es
517 1447 1495 1494 bedarf wohl auch nichts mehr. Denn es braucht
512 1483 1508 1552 uns im dritten Akt nichts bewiesen zu werden, was
511 1533 1504 1594 wir nicht nach dem zweiten Akt schon wissen. In
516 1565 1509 1651 der gegen die Büchausgabe etwas veranderten
512 1631 1504 1710 Gestalt des britten Aktes tritt die Erscheinung der
510 1668 1496 1752 Katharina stärker in den Vordergrund,
521 1719 1492 1816 während Marie nur noch die Aufgabe hat, sich
515 1757 1117 1833 vor sich selbst zu rechtfertigen.
618 1811 1489 1888 Das Stück war fast durchwegs gut besetzt.
503 1834 1490 1926 Vor allen ist Fräulein Medelsky als Marie zu
516 1888 1492 1972 nennen, die die verbissene Resignation vortrefflich
510 1937 1493 2021 zum Ausdruck brachte und den halben Atem der
513 1985 1487 2048 sieberhaften Erwartung mit großer Wahrheit dar¬
507 2021 1489 2090 stellte. Frl. Fels gab der Katharina, der dem
517 2071 1489 2138 Tode geweihten Schwindsüchtigen, deren Sinnlich¬
515 2108 1481 2178 keit durch ihre Krankheit erhöht wird, einen visi¬
505 2149 1484 2219 onären Ausdruck, den sie erfolgreich mit dem kind¬
504 2186 1496 2276 lichen Ton des Töchterleins abwechseln ließ. Frl.
501 2251 1497 2334 von Helling stieg in der einzigen Szene, die sie
507 2292 1485 2363 als Oberstenfrau hat, zu beträchtlicher leidenschaft¬
504 2330 1488 2385 licher Starke empor. Frl. Klein, die Blutsver¬
493 2373 1483 2451 wandte des alten Weiring, hatte natürliche, innige
497 2414 1487 2490 Töne. Von den Herren ist zunächst Herr Onno
502 2463 1486 2536 als Leutenant Max zu nennen, dessen todessichere
498 2505 1475 2576 Entschlossenheit von Schleiern der Wehmut um¬
495 2539 1491 2622 hüllt war. Herr Max Schütz greinte den alten
499 2590 1486 2669 Moser mit treffender Charakteristik und erreichte
494 2644 1486 2706 einen Höhepunkt in der Erzählung seiner Fahnen¬
488 2659 1477 2746 flucht. Die Vorzüge ihres Könnens und Verstehens
501 2723 1489 2799 erwiesen die Herren Manning (Dr. Schindler,)
489 2770 1480 2827 Rittig (Adjunkt,) Faber (Oberst,) Balder
492 2805 1234 2879 (Albrecht), Paul Schütz (Sebastian.)
603 2852 1463 2913 Die Regie (Dr. Paul Eger) war sorgsam
480 2883 1457 2962 bemüht gewesen, den Angaben des Dichters möglichs
480 2945 1470 3011 zu entsprechen und die theatralische Wirkung nach
483 2975 1467 3055 der schauspielerischen, wie nach der szenischen Seite
482 3034 1472 3084 hin zu erzielen. Nur im ersten Akt wäre ein ra¬
487 3076 1472 3135 scheres Tempo sowie lauteres Sprechen der Darstel¬
478 3107 1472 3173 ler angezeigt. Es berührt seltsam, daß gerade der
472 3160 1471 3236 totkranke Mann rascher und lauter spricht, als alle
472 3180 1465 3271 die anderen Gesunden. Die Aufgabe der Regie
485 3235 1461 3317 ist es, den Sinnen des Publikums möglichst enige¬
484 3299 1473 3360 genzukommen, ihnen die Arbeit so leicht als möglich
480 3344 1462 3412 zu machen, damit der Geist umso freier nachschaf¬
475 3377 692 3445 fen kann.
556 3410 1463 3494 Der Beifall war stark. Arthur Schnitzler,
468 3470 1462 3535 der anwesend war, mußte nach dem zweiten und
480 3507 1468 3565 dritten Akt mit den Darstellern und ohne sie erschei¬
476 3550 1466 3644 nen. Der gewissenhafte Statistiker verzeichnet für
469 3586 904 3666 ihn zehn Hervorrufe.
589 3644 1465 3723 Wir dürfen den Abend, der uns das Werk
474 3668 1448 3754 eines echten Dichters vermittelte, das uns zu den¬
464 3732 1450 3804 ken und zu rätseln gibt, das den Schauspielern nicht
469 3768 1459 3842 alltägliche Aufgaben stellt und der Bühne Gelegen¬
465 3829 1453 3886 heit bot, ihre Kraft zu beweisen, als einen ernsten
464 3863 1456 3937 und weihevollen Auftakt zu den Maifestspielen, be¬
470 3913 1449 3980 grüßen, die ja dieses Jahr am Schauspiel achtlos
473 3944 770 4015 vorübergehen.
1249 3954 1407 4027 H/r.
2455 1424 2851 1514 Telephon 12.801.
1755 1594 1862 1649 S
1961 1525 2586 1695 „OBSERVER“
1738 1656 2839 1738 I. österr. behördl. konz. Unternehmen für Zeitungs-Ausschaltte
1874 1711 2716 1832 Wien, I., Concordiaplatz 4.
2067 1807 2517 1875 Vertretungen
1757 1842 2835 1927 in Berlin, Budapest, Chicago, Christiania, Genf. Kopen¬
1766 1884 2853 1980 hagen, London, Madrid, Mailand, Minneapolls, New-Vork.
1796 1926 2803 2007 Paris, Rom, San Francisco, Stockholm, St. Petersburg.
2084 1979 2525 2041 (Quellenangsbe ohme Gowübs).
2257 1981 2913 2102 Hamburger Nachrichten
1748 2047 2152 2138 Ausschnitt aus:
2432 2074 2749 2170 Hamburg
1758 2121 2245 2221 vom: 29 4. 1909
2390 2244 2950 2328 eten. —Im Prager
1718 2280 2384 2366 Theater hatte gestern Schm##
2439 2303 2949 2371 „Ruf/des Lebens“
1717 2321 2953 2412 nach einem Telegramm Aferes börtigen A. B.=Korrespondenten
1721 2383 2966 2470 einen starken äußeren Erfolg. Der Dichter wurde nach dem zweiten
1720 2417 1981 2478 Akt gerufen.
