3484 4256
351 46 1616 110 hat. Die „blauen Kürassiere“ fühlen sonderbarer Weise die moralisch¬
365 88 1648 140 Verpflichtung, diese Schmach ihrer Vorfahren abzuwaschen und
366 131 1650 178 schwören Mann für Mann. Offiziere und Soldaten, nicht wieder aus
368 157 1651 219 dem eben einsetenden Kriege hein kehren zu wollen. Ein ungemein
368 194 1653 252 theatralisch=herosscher, in Wahrheit aber recht alberner Schwur, der
378 235 1649 292 im übrigen bei Schnitzler richtig zur Ausführung gelangt, trotzdem er
376 279 1655 332 in der Realität einer Schlacht gar nicht zur Ausführung gelangen
376 318 1654 371 kann. Denn am Ende tötet nicht jede Kugel und Verwundete werden ja
363 345 1648 413 wohll wenn es sein muß, auch gegen ihren Willen, wieder geheilt.
374 391 1655 443 Vorerst aber leben die „blauen Kurassiere“ noch. In der Nacht vor
370 426 1659 480 dem Ausmarsch hat ihr Oberst, der übrigens wegen seines Pechs als
373 480 1657 521 Ehegatte bei dem Sühneschwur die treibende Kraft gewesen ist (daß
367 505 1653 566 er aus solchen Privatgründen nicht 1198 Unschuldige in den Tod
366 541 1656 611 jagen darf, sagt sich dieser „witzige“ Kopf nicht), mit einem seiner
372 581 1652 639 Herren Leutnants eine kleine, intime Aussprache, die Frau Kom¬
366 621 1660 677 mandeuse betreffend. Als er fort ist, erscheint die Kommandense
366 655 1662 716 selbst nächtlicher Weile beim Herrn Leutnant. Der Oberst aber kehrt,
370 713 1663 755 durchs Fenster springend (aber Herr Oberst!) unvermutet zurück und
369 735 1657 800 knallt seine leichtsinnige Frau Gemahlin coram publico nieden
369 780 640 857 Gattenmord!
432 797 1659 867 Der Herr Leutnant, ein junger Mann mit ungemein weiten
353 873 1672 927 Herzen, bleibt bei der Toten zurück und zwar in Gesellschaft von
372 936 1680 984 Fräulein Marie, jener starknervigen Vatermörderin aus dem ersten
371 981 1669 1031 Akt, die hinter einem Fenstervorhang versteckt (aber Frl. Marie!)
374 1009 1677 1068 die ganze blutige Geschichte mitangesehen hat. Die Beiden feiern
363 1050 1684 1115 dann noch rasch ihre erste und letzte Liebesnacht, worauf sich der Leut¬
370 1100 1396 1160 nant mit dem weiten Herzen erschießt. Selbstmord!
467 1096 1684 1198 Im dritten Aufzug geht es etwas sanfter zu. Man erfährt nur
367 1155 1685 1222 noch, daß die „blauen Kürassiere“ richtig Mann für Mann in der
376 1203 1676 1276 Schlacht gefallen sind und daß der einzige, überlebende Leutnant (auch
371 1246 1677 1305 er hatte ein weites Herz) sich ebenfalls selbstgemordet hat. F####r
372 1287 1670 1345 stirbt Maries Cousine, ein junges Mädchen, die der Ruf des Lebens
379 1327 1668 1394 ## zu Leutnants, später aber auch zu Zwilisten gerufen hat, an der
384 1348 1681 1439 Schwindsucht, an der vor ihr schon ihre beiden Schwestern gestorben
384 1396 1687 1481 sind. Die wenigen Ueberlebenden des personenreichen Stuckes, zu
386 1439 1685 1512 denen auch die ungewöhnlich widerstandsfähige Vatermörderin ge¬
372 1485 1675 1550 hört, führen noch einige philosophische Reden und das Stück ist aus.
460 1544 1679 1590 Wenn eine ganz sinnlose Häufung von brutalen Schrecknissen:
370 1564 1686 1641 Handlung ist, dann ist der „Ruf des Lebens“ voller Handlung. Aber
382 1613 1674 1675 ich hätte gern auf diese grobsträhnige Sorte von Handlung ver¬
374 1648 1672 1722 zichtet und dafür lieber den früheren Schnitzler wieder gesehen, der
394 1685 1682 1750 seine Dramen aus den Charakteren zu entwickeln pflegte. Charakteren
386 1730 1686 1789 sind freilich diesmal bei ihm nicht zu finden. Vor lauter Mordtalen¬
376 1766 1674 1840 haben die Theaterfiguren Schnitzlers keine Zeit, Menschen zu sein.
375 1811 1670 1869 Leider haben sie um so mehr Zeit, endlose, tiefsinnige Phrasen zu ver¬
380 1833 1684 1913 lautbaren, die den Zweck verfolgen, diesen Schauerroman mystisch zu
379 1884 1669 1954 verklären. Allerdings wird dieser Zweck nicht erreicht, Schauerkoman
382 1925 1679 1991 bleibt eben Schauerroman, und wenn die beteiligten Herrschaften noch
407 1969 1682 2031 so schön und weise daherreden. Höchstens sällt dabei unliebsam auf¬
384 2019 1687 2058 daß sie alle, Junge und Alte, Frauen und Männer, Offiziere and
394 2037 1695 2110 Unteroffiziere, Soldaten und Zivilisten das gleiche, prätentiöse weit¬
388 2068 1699 2145 schweifige Papierdeutsch sprechen. Ist es unter solchen Umständen
379 2116 1689 2179 nötig, hervorzuheben, daß manche Szene der beiden Vorderaufzüge —
382 2159 1688 2224 der letzte ist heillos langweilig — mit virtuoser Theaterkunst gemacht
380 2203 1681 2264 ist, oder daß sich in der Flut allgemeiner Beredtsamkeit auch hie und
395 2244 1693 2301 da ein gutes, seines nachdenkliches Wort findet? Ich glaube nicht.
393 2282 1689 2341 Schnitzler hätte besser getan, diesen „Ruf des Lebens, wenn er ihn
391 2330 1697 2386 durchaus ausstoßen mußte, in den tiefsten Tiefen seiner Schreibtisch¬
396 2370 1684 2425 schublade zu bergen und die Direktion des Sommertheaters hätte dem
400 2415 1682 2466 Autor nur einen Gefallen erwiesen wenn sie das Stück, das schon vor
388 2443 1681 2503 drei Jahren in Berlin durchgefallen ist, nicht auf ihren Spielpian
386 2485 1689 2543 gesetzt hätte. Wenn ein Dichter sich so viel Liebe redlich verdient hat,
394 2525 1705 2597 wie Schnitzler, so ist es nur schmerzlich, ihn auf Abwegen zu eehen,
389 2574 1532 2642 die nach den dunkelsten Niederungen des Theaters führen.
469 2620 1713 2668 Auch die darstellerische Ausbeute des Abends war nicht stark
403 2637 1716 2699 genug, um für das mißtönige Stück zu entschädigen. Insbesondere
394 2676 1699 2747 herrschte auf der Bühne eine sast allgemeine Abhängigkeit vom
398 2696 1726 2780 Kastengeist, die den Ruf des Souffleurs bisweilen lauter erklingenh
405 2766 1740 2826 ließ, als den Ruf des Lebens. Frau Horwitz ist keine geborenese
403 2815 1700 2858 Tragödin. Sie spielt wohl tragische Nollen mit feiner Anpassungs¬
405 2827 1701 2901 fähigkeit an ihre Bedingungen, aber den Ton unbedingter tragischer
404 2863 1703 2940 Wahrheit trifft sie nicht immer. Und nun diese Marie, die von ihrer
394 2922 1722 2990 Darstellerin erst Individualität und Daseinsberechtigung erhalten;
400 2975 1706 3022 muß, soll sie abstoßend wirken! Viel zu schwer war die äußerst ge¬
402 2990 1726 3069 fährliche Rolle der leichtsinnigen Katharina für die jugendlichen!
407 3045 1742 3108 Schultern der Frau Nakaricz. Für die Sterbeszene hatte sie sich;
401 3084 1719 3139 eine kindliche Sprache zurechtgelegt, die der Schlesier „tallen“ nennt
400 3123 1691 3180 und die mit dem angeborenen Dialekt der Dame eine recht merk¬
405 3155 1700 3227 würdige Mischung ergab. Den beiden romantischen „blauen
403 3224 1702 3265 Kürassier"=Offizieren, denen die Frauen= und Mädchenherzen nur so
395 3239 1700 3299 zufliegen, sahen die Herren Kober und Göbel nicht allzu ähnlich
406 3284 1706 3344 Da war ihr Oberst in der starken, hartlinigen Verkörperung durch
401 3337 1706 3381 Herrn Ziegel ein anderer Kerl! Die ruhige Haltung, die Herr
408 3365 1702 3412 Landsberg neuerdings gewonnen hat, kam seinem warmherzigen
400 3409 1699 3458 Arzte (der allerdings seine Patienten kaltlächelnd um die Ecke bringen
404 3454 1710 3512 hilft) wohl zu statten und Herrn Keßlers stattliche Repräsentation
415 3483 1697 3551 machte den Adjunkten vom alten Bühnenstamme der Toggenburgs
411 3519 1701 3577 wenigstens ertraglich. Das alte Ekel von Vater, das nach Verdienst
412 3554 1712 3628 schon im ersten Akt tot auf der Szene liegt, ist eine Aufgabe recht
418 3600 1704 3646 nach dem Herzen des gern mit starken Mitteln arbeitenden Herrn
413 3634 1711 3698 Nunberg. Ein scharf umrissenes Charakterbild zu schaffen,
402 3694 1698 3736 glückte ihm freilich mit allen seine Detail=Geschicklichkeiten nicht
417 3722 1710 3797 vielleicht weil ganz besonders ihm die textliche Herrschaft über seine
416 3769 673 3829 Rolle fehlte.
481 3790 1700 3856 Die Regie des Herrn Ziegel hatte auf Kostüme, Uniformen und
413 3847 1712 3894 Szenerie (nur das Kasernenzimmer entsprach nicht den Forderungen.
412 3890 1710 3942 der Zeit des Stückes) viel Sorgsalt gewendet. Der Liebe Mühe war
408 3917 1702 3988 umsonst. Von Akt zu Akt sank die Stimmung der gequälten Hörer,
415 3971 1548 4033 bis sie zum Schluß auf dem Nullpunkt angekommen war.
2152 145 2831 242 „ODOERTER
1961 224 3044 286 # Seterr. behördl. konz. Unternehmen für Zellungs-Ausschaltte
2150 276 2871 355 Wien, I., Concordiaplatz 4.
2363 331 2684 394 Vertretungen
1959 363 3043 440 in Berlin, Basel, Budapest, Chicago, Cievelund, Christlanis,
1962 432 3043 477 Oeuf, Kopenhagen, London, Madrid, Malland, Minneapolls,
1972 459 3044 519 New-Vork, Paris, Rom, San Francisco, Stockheim, St. Petere
2357 502 2654 560 burg, Toronto.
2284 516 3037 615 (Asellenangühe ehee derähr.
1966 603 2417 678 Ausschnitt aus:
2306 669 2747 759 21. AulG. 1909
1970 696 2151 766 vom:
2220 807 2842 995 byélauer Cheater.
1932 961 3196 1044 I. I. Breslauer Sommertheater (Liebich). „Der Ruf
1861 1029 3192 1091 [des Lebens“. Es muß für jeden Dramatikev etwas Verlockendes
1876 1086 3197 1140 haben, sein Werk auf Voraussetzungen aufzubauen, die eine ungewöhnlich
1882 1144 3197 1196 rasche Entwickelung, wie sie die kurzen Akte eines Dramas bedingen,
1883 1174 3195 1228 nicht nur als wahrscheinlich, sondern als notwendig erscheinen lassen¬
1881 1223 3177 1288 So sehen wir denn in einer größeren Zahl von Dramen als Voraus¬
1875 1274 3196 1346 setzung die Gewißheit des baldigen Todes, die alle Rücksichten und Be¬
1881 1321 3187 1378 denken verblassen läßt, zu raschem Genießen einer letzten seligen Stunde
1881 1371 3185 1425 drängt, alle Leidenschaften entflammt und Herz zu Herzen treibt. Die
1874 1418 3197 1489 Schauer der Todesgewißheit, aus denen ein allzu kurzes letztes Liebesglück
1874 1479 3184 1533 serblüht, hat unter den modernen Dramatikern Georg Engel in seinem
1878 1527 3189 1582 „Hexenkessel“ vielleicht am glücklichsten dramatisch verwertet. Auchpin
1878 1570 3190 1617 [Schnitzlers „Ruf des Leben“ dreht es sich, wie im „Hexen¬
1868 1612 3189 1687 eeer  ganzes Regiment, das dem sicheren Untergange geweiht
1871 1670 3193 1745 sist, dessen Offiziere geschworen haben, daß keiner lebend zurückkehrt, um
1878 1715 3184 1772 so die alte Schmach zu sühnen, daß das Regiment vor einem Menschen¬
1875 1759 3226 1811 alter geflohen ist und damit de Schicksal einer Schlacht und des ganzen
1873 1800 3229 1883 Krieges entschieden hat. Aber Schnitzler schädigt seine Wirkung nicht
1876 1862 3201 1926 nur dadurch, daß er nach alter Gewohnheit seine Figuren viel zu viel
1873 1928 3197 1980 und viel zu klug über ihr Schicksal reden läßt, sondern daß
1877 1966 3195 2026 er den „Ruf des Lebens“ in zu viel Varianten ertönen
1877 2005 3197 2061 läßt. Da ist Marie, die Tochter eines alten, widerwärtigen, brutal
1876 2057 3205 2122 segoistischen ehemaligen Rittmeisters, die den rettungslos dem Tode ver¬
1878 2105 3208 2194 Fallenen Vater mit der größten Hingebung pfleg, ne auch nur eine
1872 2165 3213 2233 Sekunde von seinem Lager weichen zu können. Au in ihrem junen
1879 2192 3197 2270 Herzen leben heiße Wünsche, und als sie hört, daß der Offizier, den sie
1885 2256 3197 2331 Tiebt, zu den blauen Kürassieren, eben jenem totgeweihten Regiment.
1874 2302 3196 2388 gehört, das am nächsten Morgen ausrückt, und als sie vollends hört,
1885 2361 3203 2430 daß ihr eigener Vater damals vor dreißig Jahren, aus ganz simpler
1878 2415 3187 2476 Liebe zum Leben, das Beispiel zur Flucht gegeben hat, und so daran
1886 2457 3185 2529 schuld ist, daß jetzt hunderte blühender Menschen ihr Leben opfern wollen,
1884 2513 3198 2578 da gibt sie dem Vater genügend von jenen Tropfen, durch die schon
1886 2557 3182 2628 Gretchens Mutter „zur langen, langen Pein hinüberschlief“, und eilt
1875 2613 3183 2687 zu dem Geliebten, weil sie dem Ruf des Lebens nicht länger wider¬
1889 2676 3192 2734 lehen kann und will. Dieser erste Akt bringt #ar manches Quälende,
1892 2732 3180 2787 st aber von starker Wirkung; es ist eigentlich ein in sich abgeschlossener,
1884 2772 3205 2829 raftvoller Einakter. Aber im zweiten Akte häufen sich die Effekte und
1887 2819 3200 2877 Komplikationen zu sehr. Der Offizier, zu dem Marie nächt¬
1889 2876 3192 2935 ich eilt, hat ein Verhältnis mit des Obersten junger
1874 2918 3197 2990 Frau, die ihn verleiten will, mit ihr zu fliehen, zumal der
1878 2961 3196 3031 Oberst den Todesentschluß für das ganze Regiment weniger aus
1872 3030 3180 3088 Heldenmut, als aus egoistischen Motiven gefaßt hat. Der Oberst über¬
1878 3069 3184 3142 rascht beide; er erschießt seine Frau, und auch der junge Off## r erschießt
1868 3139 3176 3186 sich apf Morgen vor dem Ausmarsch, nachdem er vorher noch mit Marie,
1875 3171 3193 3234 die Alles hinter einem Vorhang (!) belauscht hat, einige Stunden heißen
1873 3222 3182 3290 Ljebesglückes genossen. Der Schlußakt bringt einige recht wortreiche
1870 3271 3195 3335 Unterhaltungen über das Thema, daß von des Lebens Gütern allen der
1874 3326 3194 3389 Ruhm nicht das höchste ist, sondern daß das Leben selbst das höchste Gut ist;
1872 3369 3182 3442 auch bringt er noch das reichlich rührselige Endt einer Cousine von Marie,
1882 3419 3188 3490 die gleichfalls in der sicheren Aussicht des Todes — sie weiß, daß sie wie
1877 3470 3190 3547 ihre Schwestern an Schwindsucht sterben muß — den Rest ihres jungen
1882 3524 3183 3589 Lebens in einem tollen Liebesrausch ausgekostet hat. Dieser letzte Alt
1877 3578 3188 3636 vermochte kaum noch einen Achtungserfolg zu erzielen, während die beiden
1868 3626 3186 3695 ersten Akte nicht ohne Wirkung blieben. — Unter den Darstellern stand
1877 3670 3188 3740 an erster Stelle Frau Horwitz als Marie. Diese stille, resignierte
1866 3734 3186 3784 Verzweiflung, dieses trotzige Hervorbrechen eines heißen, ungestümen
1864 3764 3189 3823 Lebensbranges, diese wilden Selbstanschuldigungen konnten kaum desser
1878 3817 3185 3883 zur Geltung gebracht werden. Auch Herr Ziegel als Oberst in seiner
1880 3873 3174 3931 undurchdringlichen Ruhe und festen Entschlossenheit, in seinem großen,
1878 3936 3177 3988 wortlargen Schmerze bot eine vortreffliche Leistung. Geradezu überraschend
1877 3971 3188 4028 gut wur Herr Nunberg als der alte Vater Mariens, der nichts kennt.
1883 4012 3183 4077 als die zitternde Angst um das kümmerliche Restchen seines Lebens. Dieler
1877 4060 3215 4109 Künstler, der sonst zumeist nur kleine Chargen mit wechselndem Erfolge
