3436 4320
1037 209 2291 337 Berichte über Uraufführungen:
383 459 2922 573 Arthur Schnitzler: der Ruf des Lebens. schausptel in drei Akten.
567 599 2780 714 Zum ersten male aufgeführt am 24. Februar 1906 im Lessing=Theater zu Berlin.
2130 751 2732 868 — Nürnberg, Stadttheater.
582 760 2149 866 Angenommen: Leipzig, Schauspielhaus — hannover, deutsches Theater
328 893 3010 985 Arthur Schnitzlers dreiaktiges Schauspiel „Der Ruf des Lebens“ hatte bei seiner Premiere im Lessing=Theater einen nach
332 974 2997 1067 den beiden ersten Akten starken, nach dem letzten Akte nicht unbestrittenen Beifall. Alle Kritiken, ob lobend oder tadelnd,
646 1045 2715 1138 stimmen darin überein, daß dieses Werk des Autors theatralischste, kräftigste Bühnenarbeit sei.
410 1160 2999 1262 Dieses Stück ist erfüllt vom besten, was Schnitzler zu bieten vermag. eine kontrapunktische fugenartige Abwandlung jener beiden vielfach
338 1235 3004 1321 Alle Motive, die Schnitzler je beschäftigten, die er als sein Eigentum individualisierten „Rufe“, eine große geistreiche dichterische Konstrukton;
333 1301 3011 1364 ansprechen darf, haben hier einen tieferen, volleren Klang. Hier ist das wie ein feingewobener Teppich, dessen vielverschlungene Arabesken, aufs
336 1352 1673 1419 Aufrauschen des Lebens vor der großen Stille des Todes. Hier ist ein
1674 1364 3015 1430 geschickteste die Motive verbindend, ein riesiges großes Gleichnis darstellen.
330 1408 1684 1465 Schicksal nur lose im anderen verschränkt, und jeglicher bleibt am Schlusse
2336 1408 2975 1493 Freie Deutsche Presse, Berlin.
340 1460 1687 1547 doch einsam. Die Gleichwertigkeit alles Geschehens ist hier wieder aus¬
1747 1450 3009 1550 Gewiß. — „Der Ruf des Lebens“, Schauspiel in drei Akten von
330 1521 1674 1587 gesprochen, nur mit reineren, von einer seltsamen Schönheit vibrierenden
1664 1535 3008 1611 Arthur Schnitzler und zum ersten Male am Sonnabend im „Lessing¬
330 1577 1661 1647 Akzenten. Und ein Duft von Wien, ein Hauch von österreichischer Land¬
1673 1594 3014 1651 Theater“ gegeben, hat seine mancherlei Mängel.... Wir indessen, die wir
333 1634 1667 1700 schaft ruht über diesem Werk, wie er niemals vorher an einer Schnitzler¬
1664 1634 3015 1717 zu den alten Philistern gehören, welche im Drama immer noch Tat und
334 1677 1682 1754 schen Arbeit haftete. So klar und scharf ist die wienerisch=österreichische
1663 1702 3010 1764 und Geschehen wollen, fühlten es wie eine Erfrischung, diese antiquierten
336 1734 1667 1803 Atmosphäre dieses Stückes, daß man wie an schönen Herbsttagen alle
1668 1753 3012 1836 Forderungen wieder einmal reichlich erfüllt zu sehen. (Folgt Inhalt.) Also, es
336 1784 1527 1871 Höhen, alle Täler, alle Gipfel des Landss zu erkennen glaubt.
1665 1812 3019 1882 passiert etwas in diesem Schauspiel von Arthur Schnitzler. Es flammen starke
1030 1826 1646 1930 Berliner Zeitung am Mittag.
1645 1869 3016 1923 Leidenschaften. Es mordet eine Tochter ihren Vater, eine Rächerin und
407 1894 1665 1975 Im „Lessing=Theater“ ist gestern Artur Schnitzlers neueste Bühnen¬
1670 1924 3021 1984 Sklavin ihres heißen Blutes zugleich. Es tötet ein Soldat seine treulose
330 1971 1672 2054 dichtung, das Schauspiel „Der Ruf des Lebens“ nach seinem ersten Akte
1674 1972 3008 2044 Gattin, um die Tat alsbald vor dem Feinde an der Spitze seiner Reiter
334 2031 1672 2097 mit enthusiastischem Beifall begrüßt worden. Gegen die sehr freundliche
1681 2040 3019 2097 zu fühnen. Es opfert sich ein junger Leutnant nach des Satzes noblesse
328 2089 3017 2133 Aufnahme, die der zweite Akt fand, erhob sich eine schüchterne Opposition. oblige dringendem Gebot. Eine düstere Tragik waltet, welche in der
1661 2127 3015 2210 Verkettung der Umstände, die die Tochter zur Mörderin des Vaters
328 2141 1679 2201 Hatte man nach dem eine volle Stunde währenden ersten Akt den Ein¬
334 2182 3016 2256 druck gehabt, am Beginn eines ungewöhnlich großen Erfolges zu stehen, werden lassen, fast einen antiken Hauch verspüren läßt. Wenn Sie das
332 2240 3017 2317 so glich dagegen die Aufnahme, die dem dritten Akt mit seinem leise auch „konstruiert“ nennen, meine Herren! Muß doch der Dramatiker
330 2282 3009 2372 verklingenden Finale zuteil ward, im ersten Augenblick einer entschiedenen ein sorglicher Konstrukteur sein. Hat etwa Friedrich v. Schiller nicht
1678 2350 1957 2428 „konstruiert“?
333 2350 1678 2417 Ablehnung — dann aber erhob sich wieder lauter Beifall, und der
2447 2354 2972 2433 Nordd. Allgem. Zeitung.
334 2400 1675 2474 Dichter konnte, wie nach den früheren Aufzügen, auch zum Schluß
1827 2418 3006 2486 Und doch ist es vielleicht das feinste, sicher aber das reifste, reichste
326 2433 1667 2520 wieberholt erscheinen. Dieser Schlußakt bietet wieder eine Fülle feinster
1662 2473 3017 2533 und vollwertigste Werk des Dichters. Ein Werk der Selbstbefreiung, in dem er
323 2498 1675 2596 Schnitzler=Schönheiten, ist reich an klugen und tiefgründig=phychologischen
1671 2531 3006 2607 sich, wie mir scheint, für immer mit einem Thema abgefunden hat, das
331 2562 1646 2656 Gedanken, an weichen, stillen Stimmungen. Berliner Lokalanzeiger.
1653 2576 3010 2639 ihn seit seiner ersten größeren Novelle nicht mehr verließ: das Leben an
1654 2635 3015 2691 der Schwelle des Todes. In diesem letzten Akt, der dem Publikum
408 2652 1672 2746 Der neue Schnitzler, von dessen Première im Lessing=Theater“ ich
1673 2692 3014 2762 gestern so sonderbar vorkam, hat er es hoffentlich abgetan, nachdem es
333 2721 1681 2802 eben komme, hat der kleinen Gemeinde, die ein wirkliches Verständnis
1675 2747 3020 2807 im „Schleier der Beatrice“ eine so wundervoll purpurn leuchtende
337 2790 1671 2857 für die zarte Problemkunst seiner Dramen hat, eine große Ueberraschung
1676 2796 3023 2873 Renaissance aus Sterben, Liebelei und Vermächtnis gefeiert hatte. Nun
326 2844 1680 2912 bereitet. Er, dessen Stücke, um ein Nietzschewort zu gebrauchen, wie
1666 2862 2981 2926 hat er den Weg frei, wenn ihn das Leben mit anderer Stimme ruft. —
327 2893 1679 2965 auf Taubenflügeln daherkommen, dem man im gegnerischen Lager die
1660 2903 3021 2976 Marie wird von ihrem Vater, einem sterbenden, harten, verbitterten
334 2947 3006 3034 Fähigkeit absprach, starke Bühnenwirkung zu geben, hat diesmal ein Stück Mann quälerisch und roh eingeschlossen gehalten. In einer Nacht, in
333 3008 1438 3084 geschrieben, in dem er alles bisher bei ihm Vermißte nachholt.
1652 3013 3020 3093 der sie dem Gefängnis entfliehen durfte, hat sie auf einem Ball einen
1261 3061 3015 3144 Die Post, Berlin. Offizier kennen und lieben gelernt; sie hat ihn seitdem nicht gesehen,
419 3103 3008 3194 Im „Lessing=Theater“ rief am Sonnabend der warme, ob auch aber alles um sie her ist versunken, sie haßt den Vater und weist einem
338 3176 3014 3246 zum Schluß abflauende und nicht widerspruchslose Beifall eines aus= früheren Verlobten die Türe. Da hört sie, daß mit dem Morgengrauen
332 3232 3008 3292 verkauften Hauses Arthur Schnitzler nach allen drei Akten seines neuen des nächsten Tages das Regiment jenes Offiziers ins Feld zieht, um
326 3269 3021 3360 Schauspiels „Der Ruf des Lebens“ mehrmals vor den Vorhang. In nicht wiederzukehren. Sie haben sich dem Tode geweiht, um eine Schmach
334 3342 3006 3402 feiner dichterischer Kraft, psychologisch analysierend, steigt der erste Akt des Regiments im vorigen Feldzug abzuwaschen. Der Arzt des Vaters,
335 3394 3004 3463 an in dem Ruf des Lebens, der mit elementarer Macht laut wird in der der sie liebt und mit ihrer Jugend Mitleid empfindet, bläst ihr ahnungs¬
338 3452 3014 3515 Brust eines jungen geknechteten Weibes, in dem Verlangen nach der los den Gedanken ein, nun den Vater zu verlassen und dem Ruf des
333 3495 3015 3574 Seligkeit selbstvergessenen Sichhingebens. Andere Töne des gleichen Lebens zu folgen. Wieder sperrt sie der Vater ein, und sein Verhängnis
336 3558 3011 3622 Themas mischen sich in die Melodie. Und leise schon klingt hinein, was treibt ihn, ihr zu erzählen, daß es seine Feigheit war, um die die jungen
323 3595 3015 3650 in den starken theatralischen Effekten des zweiten Aktes die Grundnote Helden jetzt sterben müssen, er hat die Schwadron geführt, die damals
338 3659 3007 3739 gibt, der Ruf des Todes. In poetischer Kontrapunktik, fugenartig in die Flucht ergriff. Da gibt sie ihm einen Schlaftrunk für hundert Nächte
330 3719 3016 3785 einander verwoben, durchdringen sich dann die Themata in einem Höhe= und flieht zu „ihm“. Der aber freut sich auf den Tod, denn er will in
336 3775 3012 3825 punkt. Aber der Ruf des Lebens führt selbst in die Nähe des Todes. ihm fühnen, daß er die Ehre seines Obersten, den er liebt, der ihn liebt,
332 3825 3017 3878 In einem von den ersten zwei Aufzügen esentlich verschiedenen weichen beschmutzt hat. Schon hat er von der schönen Frau Oberst Abschied
330 3875 3002 3944 Schlußakt gibt der Dichter dann des Aus= und Abklanges Lebensweisheit, genommen, aber sie kommt wieder, um ihn zu schimpflicher Flucht ins
331 3928 3016 3996 zwischen melancholischer Resignation und Lebensbejahung die Mitte Leben zu bereden. Vorher aber ist Marie in sein Zimmer geschlüpft
338 3985 3020 4061 haltend: schwankend und willkürlich ist der Wert aller Lebensgüter und und hat sich verborgen. Der Oberst überrascht das Paar und schießt
331 4042 3023 4110 großen Worte, und nur das Leben selber ist gewiß. Das Ganze wie seine Frau nieder. Den Herrn Leutnant begnadigt er dazu, die Schuld
