3436 4320
1080 252 1200 323 Le
891 256 971 324 d
1582 253 2049 352 box 24/1
263 252 1442 357 19. Der Ruf des Lebens
2363 1471 2939 1564 —.—
1490 1528 3377 1604 das saubere Parchen in tlagranti und schießt sein Weib, verkunden. Der Herr Arzt also tröst
581 1578 1338 1651 Kunst und Wissenschaft.
1494 1600 3374 1652 ohne sich lange bei der Vorrede aufzuhalten, nieder. Also auf den Sonnenschein, auf die grü
268 1613 539 1705 0
1067 1614 1503 1696 Berlin, 26. Februar.
1504 1621 3377 1695 die zweite Leiche . . ... Max will sich nun auch erschießen. Blumen pflückende Dorfkinder dami
1514 1670 3372 1736 (beinahe dritte Leiche). Aber da tritt Marie binter dem Vor= auch noch einen anderen Inbalt hat,
410 1675 1530 1741 *Der Ruf des Lebens. Schauspiel in drei Akten von
375 1734 3363 1789 Artbur Schnitzler. Erstaufführung im Lessingtheater bang hervor. „Der Ruf des Lebens“ lockt das Pärchen Man sicht das saunische Lächeln d
2657 1767 2887 1828 Vorhang
1515 1770 1759 1833 hiaus
374 1782 740 1850 am 24. Februur.
2699 1799 3372 1882 So ist also „der Ruf des Leben
1546 1789 2684 1874 Im dritten Akt lebt Marie ruhig weiter, begreift
414 1798 1537 1878 Wieder stehe ich vor der peinlichen Verpflichtung, ein neues
2648 1839 2879 1922 phantasie
1527 1838 2665 1915 aber nicht, wie ihr dies nach soviel Schandtaten noch
373 1867 1529 1926 „Werk“ von Arthur Schnitzler besprechen zu mussen. Ich
2685 1875 3380 1970 Natürlich ist das Machwerk mit sch
1519 1883 2668 1961 möglich ist. Sie lebt auf dem Lande bei ihrer Tante, deren
370 1904 1542 1970 werde mch — die Leser mögan es mir nicht verdenken! —
2669 1935 3371 2004 durchtränkt. In den Morgenblättern
377 1938 2675 2013 so leicht wie möglich aus der Affaire zu ziehen suchen. Ber schwindsüchtige Tochter im ersten Akte erklärt hat daß sie vor
1504 1971 2676 2058 ihrem mit Scherheit zu erwartenden Tode keine Lust habe, zu
2663 1970 3369 2048 etzliche Dubyramben auf den „Geda
372 1995 1414 2079 unappetilichen Dingen hält man sich nicht lunge auf!
2659 2027 3376 2100 „gemale Erfassen tiefer psycholog sche
414 2025 2675 2097 Der „Ruf des Lebens“ ist bei Schnitzler hier wie in allen versauern, sondern das bischen Rest des Lebens genießen und
2662 2076 3371 2135 „wirklichen Dichter“ und was de
380 2074 2666 2142 seinen Elaboraten der Ruf zum wusten, uneing=schränkten dem „Ruf des Lebens“ grünrlich folgen wolle. Sie ent¬
2660 2118 3363 2181 Scherze mehr sind. Ich aber fühle n
374 2106 2679 2201 Sinnengenuß unter Beiseitesetzung jeglichen Schamgefühls. liei also auf die Straße, um im letzten Akte todwund
2666 2146 3372 2232 mi dem parfümierten Faiseur und se
1526 2163 2675 2228 zurückzukehren. Nachdem sie noch mit wurrem Blick Einiges
372 2167 1551 2234 Das Leben ist das Amüsement unter Ausschluß jeder sittlichen
1526 2203 2683 2277 von ihren galanten Fahrten berichtet, stirbt sie. Also im
2662 2199 3368 2291 noch wener abzugeben. Lassen wir
383 2213 1536 2281 Pflicht — und zwar das Amüsement auf sexuellem Gebiete.
1529 2243 2445 2309 dritten Akt die dritte Leiche auf der Bühne ...
2659 2246 2903 2329 begraben!
381 2232 1549 2314 Im ersten Akte sehnt sich ein Mädchen, das seinen schwer
1555 2285 2678 2351 Dem Verdienste seine Kione! Jedem Akte seine Leiche! Im
377 2296 1553 2378 kranken, 79jährigen Vater pflegen muß und dadurch gezwungen
1524 2324 2684 2398 Hintergrunde erscheinen aber außerdem noch die Gespenster von
376 2349 1547 2407 ist, sittsam zu Hause zu bleiben, nach diesem Amüsement. Sie
386 2386 2691 2449 ist in einen Leutnant der blauen Kürassiere verliebt. tausend blutigen Leichen, denn man erfahrt noch, daß der
379 2438 2699 2501 die blauen Kürassiere haden vor 30 Jahren durch seige Flucht Herr Max sich am Morgen vor dem Todesritt selbst entleibt
386 2468 2698 2545 den Verlust einer Schlacht bewukt. Jetzt geht es wieder in hat, und daß in der Schlacht das ganze Regiment der blauen
2502 2504 2699 2570 In die
379 2513 2522 2581 den Krieg. Da schwört das ganze Regiment, um die alte Kurassiere bis auf den letzten Mann gefallen ist
379 2557 2714 2627 Schmach abzuwischen, sich dem Tode zu weihen. Aber in der Handlung binein spielt noch ein lederner Forstadjunkt, der s#
387 2594 2704 2678 Nacht vor dem Aufbruch zum Todesritt wollen die Herren im ersten Akt Morie erklärt, daß er ein Weid, wenn er es
1532 2645 2700 2706 liebt, heiraten würde, selbst wenn sie Untreue, Buhlerei und
387 2661 1547 2720 Offiziere noch einmal „dem Ruf des Lebens“ folgen. Fräulein
1537 2688 2705 2744 Mord begangen hätte. Im dritten Akt begegnet er Marie#
382 2701 1543 2768 Marie, die ihren Max liebt, möchte dasselbe. Sie muß zu
1531 2727 2691 2784 hoffnungsfroh, geht aber noch für ein Weilchen seitwärts in
391 2738 1540 2805 diesem Ende ihren Vater vergisten. Der menschenfreundliche
1526 2774 2701 2841 die Busche. Wahrscheinlich wird er demnächst noch das
389 2784 1539 2850 Arzt bringt ihr auch eine große G siflasche, die sie verständnis¬
1521 2822 2692 2888 Mädchen heiraten. Hat sie doch die geforderten Qualitäten —
393 2818 1358 2919 innig anwendet. Im ersten Akt die erste Leiche
2419 2850 2696 2923 Der Weis¬
438 2848 2371 2928 Der zweite Akt bringt wieder eine Leiche. Marie dringt näckte Untrene, Buhlerei und Mord — erfüllt! ..
391 2881 2700 2980 licherweile in das Zimmer des Lettnants Max und versteckt sich. heit letzter Schluß sind die rührenden Betrachtungen des
395 2951 2711 3032 Warum versteckt sie sich? Damit vor ihr die schöne Frau des philosophischen Arztes, der Marie einst das Gift für
377 3017 2716 3069 Obersten dem Herrn Max sich an den Hals werfen kann. Der den Vater in die Hand gegeben. Solche Leute sind ja aucht¬
385 3030 2738 3142 Oberst aber zerschmettert die Fensterscheibe, steigt ein, erlappt die geeigneisten, die Weltweisheit dem staunenden Publiko zu!
