3484 4256
1578 211 2056 316 box 24/3
281 229 1455 330 19. Der Ruf des Lebens
1008 1444 1429 1554 K
1617 1489 3385 1587 mur, wenn er frägt aber die Blick, wenn sie sich fort. Oualen bringenden Dasein in
1626 1567 3379 1629 schleicht von ihm, zum Fenster hin, verraten die Wünsche, junger Menschen in den Tod
493 1541 1602 1656 de. Feuilieton. Bu#
1617 1613 3388 1675 die sich in ihr regen, die Klagen, die nie über ihre Lippen Krieges auf blutgetränkter Wa
1022 1615 1210 1700 —01)
1313 1615 1595 1725 Go
2754 1655 3385 1719 Denn Oesterreich ist in einen
1635 1669 2562 1737 kommen, aber immer an ihrem Herzen nagen.
698 1664 1423 1765 Böhmisches Schauspiel.
1731 1706 3368 1769 Das alles weiß der alte Mann ganz genau. Er Nachrichten kommen von der
457 1716 1649 1796 (Stadttheater der Königl. Weinberge. Zum erstenmale: „Zivot
1634 1738 3398 1825 weiß, daß das Leben sie lockt, das Leben, das überall, Stunden, da durch die Str#
463 1778 1644 1834 volá.“ (Der Ruf des Lebens.) Schauspiel in drei Aufzügen von
1629 1803 3390 1874 nur nicht in dieser kalten düsteren Krankenstube blüht. Schlachtfelde abgehenden Reg
468 1829 1645 1894 Arth. Schnitzler. Uebersetzt von K. Kaminek. Regie Herr
1629 1848 3393 1920 Eben deshalb will er sie nicht auf einen Augenblick von Adjunkt Reiner in die Wohn
887 1862 1246 1934 Jirikovsky.)
1633 1902 3389 1972 sich lassen. So lange er lebt, soll sie ihn nicht verlassen. Moser, um Marie seine Hand
584 1895 1637 1982 In gewitterschwerer Atmosphäre hebt Schnitzlers
465 1948 3388 2028 Schauspiel an und die düsteren Schatten tragischer Ge= Erst bis er seinen letzten Athemzug getan, soll sie frei wohl die gegenseitigen Bezieh
1639 2014 3367 2069 sein. Marie hätte schon ihr Glück machen können. Zwei merklich kühler geworden,
467 2016 1640 2091 schehnisse lagern gleich über den ersten Szenen. Wir sind
1639 2038 3366 2113 Männer, beide ihrer würdig, haben ihr ihre Liebe ge= unbeantwortet geblieben sind.
474 2063 1637 2124 in der einfachen, fast ärmlichen Behausung des gewesenen
1644 2090 3389 2175 standen. Der Forstadjunkt Reiner und der Hausarzt der auf irgend einer kaiserlichen H#
473 2117 1635 2174 Rittmeisters Moser, der, neunundsiebzig Jahre alt, lang¬
2772 2138 3384 2218 ernannt worden, wird ein he
1632 2156 2791 2218 Familie Dr. Schindler. Sie durfte keinem von ihnen die
474 2156 1648 2223 sam dahinsiecht in seinem Lehnstuhl, ein böser, verbitterter
469 2195 3384 2282 Greis, der seine Tochter Marie durch seine morosen Lau= Hand reichen, weder dem Förster, der um ihretwillen sein eigen nennen, wie Marie
464 2240 3398 2315 nen und Stimmungen quält und ihr nicht einen goldigen seine frühere Geliebte Katharina, eine Verwandte Marias, will daher ihre Entscheidung
474 2299 3386 2372 Lichtstrahl, nicht einen frohen Augenblick gönnt. Sie pflegt verließ, noch dem Arzte, der sie dringend auffordert, Nicht wegen des Vaters wille
2778 2333 3379 2403 dung einwilligen würde, aber
467 2372 2796 2434 ihn, erträgt ergeben die bösen Launen des lebensmüden, endlich einen Beschluß zu fassen und aus dem Hause des
2778 2396 3358 2459 kann, nicht angehören darf.
478 2402 2792 2464 Greises und merkt es gar nicht, daß ihre Jugend rasch Vaters fortzugehen, in dem sie notwendigerweise verkümmern
478 2458 3397 2502 verblüht, daß ihre Jugend bereits in der Stickluft dieser müßte, und der ihr den Rat erteilt, ihren Weg, wenn es anderem gehört, hat sich jemar
463 2492 3393 2567 unfreundlichen Stube, in der es nach Arzneien duftet, fast nicht anders möglich wäre, über den Leichnam ihres sie dem Rufe des Lebens folg
468 2564 3387 2607 schon erstorben ist. Sie liebt den Vater nicht, aber sie hat Vaters zu nehmen. Es genügt, ihm ein paar Tropfen verließ und eine stürmisch ben
1632 2574 3399 2654 mehr von dem Schlafmittel zu reichen, das den Schlummer saale verlebte, in den Arm
471 2598 1645 2683 micht den Mut, die Bande, die sie an ihn fesseln, zu sprengen
1641 2640 3391 2717 auf seine Lider zaubern soll, und der greise Mann wird blauen Kürassieren, die soeben
465 2650 1646 2716 kund ihrem Glück nachzugehen, ihrer Sehnsucht zu folgen. Und
1630 2694 3036 2760 nicht mehr ihrem Glück im Wege stehen. Es ist ein ver= Tod reiten.
469 2700 1647 2766 sie klagt nicht. Auch ihre verstorbene Mutter klagte nicht,
2892 2711 3399 2810 Sie reiten in den Tod#
1631 2739 2805 2805 zweifeltes, ein verbrecherisches Mittel, aber es ist das
479 2745 1649 2813 obwohl auch sie sich an der Seite des schweigsamen, un¬
2781 2770 3397 2855 sühnen, die nicht ihre Schuld
1629 2779 2792 2844 einzige, das es gibt. Sonst kann dieses qualvolle würgende
483 2802 1649 2861 freundlichen Mannes nicht glüclich fühlte, der stets müde
483 2826 3395 2911 von seiner Schreiberei nach Hause kam aus dem Amt, wo Dasein noch lange Jahre dauern, denn das Leiden des Schmach bedeckte. Die blauen
468 2912 3395 2959 er sich um die paar lumpigen Gulden plagte, die er drin= Greises ist nicht von der Art, daß der Tod unmittelbarf daran, daß der Feind vor dre
483 2955 3402 3016 gend brauchte, denn die Pension reichte nicht, um die Fa= bevorstünde. Es ist ein sonderbarer Rat, den Dr. Schindler Lindbach gewann. Denn dama
485 3009 3383 3057 milie zu ernähren. Wie stumm saß sie mit ihrer Tochter dem Mädchen erteilt, und berührt doppelt peinlich, weil ergriffen. Das schändlichste
1636 3022 3397 3094 es ein Arzt, der Hausarzt des alten Rittmeisters ist, der Kriegsmann schuldig machen i#
478 3042 1641 3099 da, als er heimkam. Nicht ein Vorwurf, nicht ein Wort
480 3093 3396 3165 der Klage kam über ihre Lippen, aber umso mehr empfand ihn da bietet. Aber Dr. Schindler weiß, wie namenlos durch den Tod gesühnt werd
476 3154 3384 3194 er, wie sie ihn hassen, wie sie ihm die Schuld daran zu=Marie leidet und sie dauert ihn. Was liegt an diesem zur dem Kaiser versprochen. Kein
477 3194 3375 3266 schreiben, daß ihr Leben verpfuscht ist. Gerade so ist es Neige gehenden Leben, das niemandem Nutzen bringen kann? zurückkehren. Sie werden sich
1740 3227 3396 3311 Was liegt an einem kümmerlichen, qualvollen und sie werden Wunder an Tapfer
478 3238 1685 3333 mit Marie. Stundenlang sitzt sie stumm neben ihm, spricht
