3436 4320
1530 161 2000 258 box 24/1
217 168 1390 264 19. Der Ruf des Lebens
123 1203 3233 1340 m von den deutschen Literaten, Publizisten die Studenten für einen fidelen Kneipabend verfassen. Dies; Eskapaden ins Reich der Tragödie suchen seine Anhänger als
132 1313 3234 1363 kleitern das höchst zweifelhafte Verdienst ge=zeigte sich vor allem in der fünfaktigen historischen Komödie besondere Eigenart ihres Meisters auszubeuten, während es
120 1302 3223 1405 n irländischen Parodisten Beruard Shaw nach „Cäsar und Kleopatra“, welche Direktor Rein= sich in Wirklichkeit um Verlegenheitsszenen handelt, weil die
127 1354 3225 1455 ingeschmuggelt zu haben. Denn der Kultus, hardt in seinem „Neuen Theater“ kürzlich zum erstenmale Witzchen und Mätzchen Shaws nicht annähernd einen Zeit¬
134 1406 3217 1505 esem englischen Schriftsteller auf den deutschen gab. Der Rubikon=Ueberschreiter ist als alternder, stark raum von fünf langen Akten amüsant ausfüllen können.
135 1489 3226 1536 eben wird, ist um so auffallender, als das verbrauchter Lebemann gezeichnet, welcher die Welt von Ueberhaupt macht sich Mr. Shaw die Sache viel zu leicht,
147 1526 3230 1585 h zu den Schöpfungen des Mr. Shaw voll= dem nüchternen Standpunkte des durch Börsenspekulationen wenn er die Leute damit zum Lachen bringen will, daß er
130 1531 3227 1632 end verhält. Und das mit Fug und Recht! reich gewordenen Plutokraten betrachtet, dem bei seinenzum Beispiele den Britannius beim Anblicke der ins Meer
993 1599 3231 1642 erfolgreichen Geschäften alle Illusionen zum Teufel gingen, springenden Helden ausrufen läßt; „Hipp. Hipp, Hurra!“
133 1603 1010 1670 Ets anderes als ein mittelmäßiger Parodist,
130 1651 3233 1720 karischen Ehrgeiz besitzt und weit mehr gelten der an keine Tugend mehr glaubt, an nichts, was den Menschen Oder wenn ein römischer Feldherr von Cäsar sagt: „Er
992 1657 3094 1741 adelt. Die erst 16 Jahre alte Kleopatra behandelt er mit beschäftigt sich eben mit der Lösung der Judenfrage!“
128 1686 1017 1758 re Schriftsteller, die ernste Werke in mehr oder
2178 1678 3232 1762 Auch das Schiller=Theater brachte dem Shaw=Kultus
135 1739 2123 1801 gener Weise zu travestieren pflegen. So gibt dem überlegenen Humor des mit allen Salben geschmierten
2097 1735 3224 1807 sein Opfer, indem es die „Helden“ aufführte, aber
1007 1764 2114 1826 alten Lüstlings, der mit diabolischem Vergnügen beob¬
131 1784 1012 1847 Haw den Anschein, als sei er ein Satiriker,
2098 1778 3241 1850 hatte damit bei seinem Stammpublikum, das zwar nicht
997 1801 2108 1863 achtet, wie empfänglich sich das frühverdorbene Gesch öpf
147 1822 1016 1889 k hervorragender literarischer Bedeutung, und
2090 1834 3236 1912 literarisch so hochgelalt wie das des Neuen Theaters
1000 1857 2111 1915 für die ars amandi zeigt. Was aber jene schillernde Nil¬
136 1868 1009 1939 nd an seiner poetischen Serdung zweifle, ge¬
2104 1869 3235 1944 ist, dafür jedoch ein esünderes künstlerisches Empfinden
997 1898 2105 1963 schlange betrifft, in deren wollüstigen Umschlingungen
137 1905 1006 1977 n seine Arbeiten so etwas wie eine nihilisti¬
2095 1923 3237 1998 besitzt kein Glück. Das Lustspielhaus führte im März
999 1929 2102 1997 später Antonius seine Manneskraft, Reich und Leben ein¬
125 1952 1010 2021 hauung hinein, welche alle Erscheinungen von
2107 1966 3238 2028 als N'ovität einen dreiktigen Schwank „Die vom
1006 1979 2114 2041 büßte, so trägt sie in der ihr durch Shaw verliehenen
136 2006 1013 2066 en Seite aus betrachtet, spielt mit doppel¬
2109 2006 3240 2072 Hochsattel“ auf, hergestellt in der Schwankfabrik
1007 2025 2108 2084 Charakteristik wahrlich nicht die Keime jener dämonischen
123 2040 1019 2104 wendungen, kurz, er treibt allerlei Hokuspokus,
2100 2059 3238 2113 der Wiener Judenfirma Leo Walter Stein und Ludwig
1010 2062 2106 2127 Größe in sich, welche nicht nur die Kleopatra bei Shake¬
138 2075 1011 2157 te über sein bescheidenes parodistisches Talent
2102 2111 3240 2161 Heller. Eine unverschämtere Verhöhung des deutschen
1009 2105 2105 2184 speare, sondern auch die der Geschichte zeigt. Shaws
137 2124 1026 2196 chen. Im Gegensatze zu der Heldenverehrung
2105 2139 3228 2200 Geburtsadels und größere Glorifizierung des jüdischen
1002 2159 2114 2226 gekrönte Kurtisane Aegyptens gibt sich wie ein modernes
131 2172 1008 2246 sentiert er sich als Heldenverhöhner, schnüffelt
2109 2184 3229 2243 Geldadels ist mir noch nicht auf der Bühne begegnet!
1006 2198 2113 2258 verzogenes Mädchen, welchem die Lektüre von Wildas
138 2215 1011 2285 in Behagen auf den Hintertreppen der Welt¬
2114 2237 3233 2289 Dieser Schwank, der im übrigen nach dem urältesten
1014 2231 2110 2307 „Salome“ und anderer perverser Bücher das Köpfchen
121 2255 1021 2327 Eum, guckt mit Vorliebe in Schlafgemächer und
2116 2267 3247 2331 Rezepte angefertigt hund mit den dümmsten Witzen garniert
1001 2280 2120 2346 verdreht hat und der niemand die Blutgelüste zutraut,
133 2309 1014 2369 kete Räumlichkeiten, nur um etwa den Beweis
2113 2305 3244 2381 ist, hält sich trotzdem dauernd auf dem Spielplan! Selbst¬
1007 2341 2118 2392 von denen sie alle Augenblicke kindlich=naiv plaudert.
132 2347 1021 2415 aß sich auch ein Julius Cäsar nicht mit der
2105 2354 3243 2419 verständlich, denn Spree=Athen zählt doch gut 300.000
1015 2376 2122 2442 Ebenso unglaubwürdig sind auch die anderen Gestalten ge¬
121 2392 1025 2446 Gelteroberers ins Bett legte und der große
2110 2407 3244 2466 Juden! Und die vermögen einem so kleinen Musentempel
1020 2412 2116 2486 zeichnet, mit einziger Ausnahme des Britannius, Cäsars
145 2433 1018 2503 ich wie jeder andere Sterbliche kratzte, wenn es
2102 2450 3240 2528 schon eine stattliche Reihe gut besuchter Vorstellungen zu
1021 2468 2124 2526 Sekretär, in dem Shaw den Typus des Engländers ka¬
118 2476 1014 2539 Um zu dieser tiefsinnigen Weisheit zu gelangen,
2108 2490 3254 2557 garantieren. Zum Schlusse nenne ich noch Wolf-Ferraris
1023 2504 2127 2573 ritiert. Natürlich ist auch die Handlung als Travestie auf¬
137 2523 1026 2593 uns wahrlich nicht den Mr. Shaw aus Irland
2116 2537 3247 2608 neueste Oper: „Die vier Grobiane“, die im
1013 2546 2125 2617 gefaßt, aber da zeigte es sich, daß der Antor nicht im¬
113 2567 1021 2631 en! Nichts ist leichter, als den bekannten Schritt,
2122 2576 3148 2647 „Theater des Westens“ einen hübschen Erfolg
1013 2592 2128 2651 stande war, den gewaltigen historischen Stoff ganz ins
118 2605 1025 2673 habenen zum Lächerlichen führt, gerade auf den
2111 2617 3253 2683 zielte, obgleich sie gegen die „Neugierigen Frauen“ nicht
1015 2641 2130 2705 Possenhafte aufzulösen, und so schnallte er sich mehr als ein¬
135 2650 1027 2729 den Brettern zu tun, und die Mittelchen,
145 2672 3258 2769 Shaw sein Publikum ab und zu zum mal den hohen Kothurn an, um in der ernsten Maske Melpo- den geringsten Fortschritt in der Entwicklung des Kom¬
122 2710 3017 2839 at, sind auch in jeder Parodie zu finden, menes über die weltbedeutenden Bretter zu stelzen. Diese ponisten zeigt, eher vielleicht einen Rückschritt!
