3248 4352
291 170 1445 262 19. Der Ruf des Lebens
485 1253 1558 1345 Gem, Repennagelt, London, Madrid, Mailand, Minneapolis,
452 1318 1549 1386 New-Vork, Paris, Rom, San Francisco, Stockholm, St. Peters¬
861 1365 1159 1421 burg, Toronto.
751 1402 1258 1476 (Gluellenangabe ohne Gewähr.)
455 1460 1586 1548 Ausschnitt aufs Schlesische Presse, Trope
664 1532 941 1619 71. 9. 1077
469 1589 613 1635 vom:
653 1676 1352 1789 Theater unc Kunst.
589 1779 1421 1882 Stadttheater in Mähr.=Ostrau.
547 1860 1551 1953 „Der Ruf des Lebens“, Drama in 3 Ak¬
443 1919 1050 2002 ten von Arthur Schnitzler.
529 1970 1554 2035 Mit diesem interessanten, spannenden Drama
456 2030 1543 2095 führte sich Mittwoch, den 18. ds., das neue Schau¬
451 2072 1550 2152 spiel=Ensemble im großen und ganzen vorteilhaft ein,
445 2125 1550 2195 obgleich man einzelnen Darstellern einen gewissen
448 2180 1543 2246 Grad von Ermüdung ansah. Solche schwere Stim¬
455 2241 1561 2296 mungskomödien erfordern volles Studium und einen
454 2276 1560 2346 innigen Kontakt zwischen Schauspieler und Publi¬
455 2322 1559 2388 kum, der bei ersten Vorstellungen immer fehlt. Die
450 2379 1553 2442 Wiedergabe Schnitzler'scher Sachen stellt an die Mit¬
448 2423 1553 2487 wirkenden stets große Anforderungen und wurden
454 2464 1559 2553 diese dank der bekannten, vortrefflichen Regieführung
453 2526 1111 2594 Direktor Popps gut bewältigt.
558 2533 1592 2648 Als liebe Bekannte begrüßten wir Frl. Ida Si¬
455 2628 1557 2689 nek, welche mit ihrer Marie eine gefühlvolle, präch¬
460 2672 1560 2734 tige Leistung schuf. Herr Karl Wald als Dr. Schind¬
459 2720 1568 2787 ler gefiel ganz besonders durch sein warmes, sympa¬
454 2769 1574 2832 thisches Organ und ruhiges Spiel. Ausgezeichnet wie
467 2820 1563 2895 immer war Herr Direktor Popp als Oberst. Die
461 2868 1561 2938 zwei jungen Offiziere wurdeh von den Herren Mahr
467 2923 1570 2989 und Froon einwandfrei gegeben. Hübsch in der
465 2963 1570 3038 Erscheinung und mit vielem Verständnis entledigte
466 3008 1569 3097 sich Frl. Margit Funtan ihrer schwierigen Rolle
465 3066 1571 3134 als Katharina. Viel zu theatralisch wirkte Frl. Ol¬
460 3132 1565 3185 den. Herr Schneider brachte sich durch seine ab¬
464 3150 1572 3245 gerissene, monotone Sprechweise um den ganzen Ef¬
463 3212 1573 3279 fekt seiner Partie. Die kleineren Episoden waren bei
469 3265 1580 3337 Frl. Frolda und den Herren Dunay und Back
459 3325 966 3394 in den besten Händen.
1609 161 2048 257 box 24/4
2521 45 2810 107 butg, Toronio.
2416 82 2906 164 (Quellenangabe ohne Gewähr.)
2108 139 2886 254 Ausschnitt aus: Stesla,
2889 153 3218 245 Teschen
2470 209 2612 291 22 9
2115 253 2291 323 vom:
2078 299 2132 358 —0
2108 337 3224 452 Theater, Kunst und Wissenschaft.
2160 434 3253 505 Mähr.=Ostrau. (Stadttheater.) „Der Ruf des
2067 480 3242 538 Lebens“ von Artur Schnitzler. In dieser eigenartigen,
2078 528 3253 596 bielbestrittenen und dochs##wirksamen Dichtung unseres gro¬
2089 565 3243 648 ßen österreichischen Dramatikers hat sich unser Schauspiel¬
2089 612 3243 680 ensemble gestern abends vorgestellt, und zwar, gleich voraus¬
2095 660 3249 736 geschickt, mit einem glänzenden, aufrichtigen, wohlverdienten
2094 699 3252 775 Erfolge. Es war von der Führung des genialen Regisseurs
2090 757 3253 821 und Dramaturgen, als welchen sich Direktor Popp seit jeher
2092 806 3252 861 als Meister gezeigt, wohl nicht anders zu erwarten, und wir
2084 843 3253 920 wollen nur hoffen, daß diese erfahrene Meisterhand auch
2094 889 3253 971 während der ganzen Saison die Führung des Dramas nich
2094 946 3252 1012 lassen wird. Wohl benötigt der Zuhörer für dieses grausig
2096 995 3242 1057 Stück, das trotz seines Titels eigentlich ein Drama des Tode¬
2101 1040 3254 1113 iste starke Nerven, in jedem Akt eine Leiche auf der Szen
2101 1085 3253 1152 und noch zahlreiche andere hinter der Szene, muten den
2082 1131 3253 1201 Zuseher mehr zu, als er vertragen kann. Allein die scharf
2096 1185 3245 1246 Psychologie dieses Stückes und die unbarmherzige Logik recht
2103 1225 3243 1319 fertigen diese schauerlichen Vorgänge hinreichend und erhalte
2108 1272 3243 1346 die Spannung bis zum letzten Augenblick. Der Erfolg diese
2102 1330 3252 1393 Vorstellung ist wohl vorwiegend dem verständnisvollen Er
2098 1366 3247 1457 fassen der Hauptrollen und der fleißigen und gründliche
2109 1416 3254 1486 Ausarbeitung derselben zu danken. Im ganzen Personen
2104 1463 3254 1530 verzeichnis fanden wir nur einen bekannten Namen, aller
2105 1513 3244 1589 dings einen sehr lieben und anerkannten, Fräulein Sine
2110 1559 3254 1646 welche in der Rolle der „Marie“ ihre alte Meisterschaft i
2109 1600 3245 1690 der Zeichnung solcher Charaktere bewährte. Wie dieses vo
2112 1652 3253 1723 eigensinnigen kranken Vater gequälte und gepeinigte Geschöp
2114 1709 3246 1795 jeder Lebenslust und Lebensfreude beraubt, verbittert un
2113 1751 3253 1833 sich endlich aufrafft, um dem Rufe des Lebens zu folgen, u
2111 1811 3246 1874 dem Geliebten die letzte Nacht zu opfern, wie sie dann en
2119 1848 3247 1919 täuscht und reuig ihr Leben als Krankenschwester zu opfer
2115 1894 3252 1983 sich entschließt, diese Wandlung der Stimmung, wie wir
2117 1942 3244 2021 ähnlich schon in ihrer „Monika Hardt“ im vorigen Jah
2115 1992 3252 2087 bewundert, wußte sie mit Kraft und Leidenschaft zu zeichn
2121 2044 3242 2131 und zu schildern. Nur eine solche Darstellung yermagi
2118 2088 3239 2176 an und für sich wenig sympathische Rolle annehmhar
2118 2135 3253 2212 machen. Daß Dikektor Popp die Rolle des Obersten n
2868 2193 3143 2279 nnrere
2828 2193 2869 2276 —
2086 2289 3253 2369 gewohnter schauspielerischer Meisterschaft in allen ihren feiner
2093 2356 3253 2409 Nuancen von Heroismus, Güte und Zorn aufs feinste aus
2095 2399 3252 2466 führte, brauchen wir wohl nicht erst zu erwähnen. Von der
2094 2446 3253 2507 neuen Kräften fiel in erster Linie der Charakterdarstelle
2088 2503 3254 2559 Herr Schneider angenehm auf, welcher den alten Offizie
2089 2542 3254 2606 Moser mit allen Härten des tückischen, boshaften und ver
2094 2593 3252 2654 grämten Kranken ohne Übertreibung in wirksamer Weise dar
2089 2642 3252 2703 stellte. Ebenso vollendet führte Fräulein Frolda die Roll
2091 2683 3247 2740 der Frau Richter aus, überraschte aufs angenehmste durch
2093 2737 3253 2800 ihre elegante Bühnenerscheinung, ihr angenehmes Organ un
2094 2783 3243 2845 die schöne Sprechweise. Die Naive, Fräulein Funtan hatt
2091 2842 3252 2891 die ungemein schwierige Rolle der Katharina, mit ihren
2093 2891 3253 2947 zerfahrenen, dämonischen Wesen, anfänglich etwas unsiche
2095 2924 3253 2986 aufgefaßt. Ihre Kranken= und Sterbeszene im dritten Ak
2096 2977 3247 3043 gelang mit grandioser Meisterschaft und zeigte sie als talent
2093 3020 3247 3078 volle, erprobte junge Schauspielerin. Einen vortrefflichen
2094 3075 3246 3134 jugendlichen Liebhaber haben wir in Herrn Mahr gewonnen
2098 3127 3253 3183 der den jungen Offizier Max mit Eleganz und innigen
2091 3163 3245 3227 herzlichen Tone ausführte und an dem Erfolg des Abend
2096 3207 3247 3270 einen guten Anteil hat. Ebenso gut verwendbar zeigte sich
2097 3257 3246 3324 Herr Wald in der Rolle des Dr. Schindler. Wenig sym
2094 3308 3254 3380 pathisch war der Forstadjunkt durch Herrn Dunay dargestellt
2098 3355 3254 3418 dessen Organ, wohl noch von der Reise ermüdet, ibenig an
2085 3399 3253 3466 sprach. Wir hoffen, ihn in einer seiner größeren Rollen au
2097 3453 3253 3510 einem besseren Platz zu sehen. Frl. Olden, die wegen eines
2095 3499 3252 3567 Unfalls auf der Probe um Nachsicht bitten ließ, zeigte in
2084 3544 3247 3607 der Oberstensgattin eine schöne Bühnenerscheinung, groß
2097 3590 3244 3662 Routine und Sprechgewandtheit, wenn auch der kurländisch
2087 3642 3253 3694 Dialekt manchmal merklich war. Sehr wenig ansprechen
2092 3688 3252 3752 war Herr Froon als zweiter Offizier. Dieser Schauspiele
2098 3734 3253 3798 scheint bisher noch überhaupt keine zusagende Verwendung
2091 3781 3245 3839 gefunden zu haben. In der kleinen Rolle des Unteroffizier¬
2091 3837 3245 3886 lernten wir in Herrn Back einen guten Sprecher kennen
2101 3869 3250 3934 Der wiederholte stürmische Beifall, der jedem Aktschluß folgte
2096 3927 3253 3987 zeigte von der vollständigen Befriedigung des Publjkums, und
2090 3969 3253 4052 kann das Schauspielensemble auf den Erfolg seiner ersten Lei¬
2089 4028 2840 4090 stung mit Befriedigung zurückblicken.
