3436 4352
251 149 1413 264 19. Der Ruf des Lebens
1573 161 2019 266 box 24/2
1483 1001 1868 1059 Hermann Kienzl.
1032 1113 2407 1185 Ist es der Sinn des Lebens, daß der Lebende um jeden Preis, und wäre
939 1171 2396 1235 es auch nur für einen Augenblick des Triumphes, über allen Jammer des Daseins
946 1223 2399 1284 emporgehoben werde, so gibt diese Auffassung nicht minder dem rücksichtslosen
939 1279 2409 1333 Egoisten Recht als dem Idealisten, der nicht über Leichen schreiten, der nur an
942 1337 2401 1405 den Früchten seiner säenden Hand sich beglücken kann. Die Theorie der lebendigen
949 1393 2399 1446 Stunde steht demnach wirklich jenseits von Gut und Böse, auf ihr baut sich
950 1446 2407 1514 keine Sittlichkeit, wohl aber ein Recht, das noch über der sittlichen Pflicht steht
941 1501 2407 1547 und das auch Grillparzer anerkannte: „Wer Sittlichkeit zum alleinigen Zweck der
955 1551 2412 1600 Menschen macht, kommt mir vor wie Einer, der die Bestimmung einer Uhr da¬
953 1615 2414 1674 rin fände, daß sie nicht falsch gehe. Das Erste bei der Uhr aber ist, daß sie
938 1665 2408 1727 gehe. Wenn das Nichtfehlen das Höchste bei Uhren ist, so möchten die un¬
950 1720 1505 1786 aufgezogenen die besten sein“.
1037 1763 2390 1819 Nun wenden wir aber einmal das Grillparzerische Gleichnis auf ein be¬
948 1826 2406 1895 stimmtes Gebiet der Lebensäußerungen an; auf die dramatische Produktion.
942 1878 2412 1949 Auch da scheint es mir die conditio sine qua non, daß die Uhren, die Erzeugnisse
937 1935 2410 2004 des Dichter=Uhrmachers, überhaupt gehen, d. h. daß die Personen des Dramas
948 1997 2418 2078 uns von ihrer Naturähnlichkeit vollkommen überzeugen; und erst, wenn alle
945 2038 1804 2109 Räderchen laufen, sehen wir nach dem Zeiger.
1042 2107 2401 2161 Schnitzler ist ein Gestalter, das hat er mit den wunderbar echten Menschen
947 2159 2410 2217 im Wiener Stück „Liebelei“, hat er im „Grünen Kakadu“, im „Schleier
937 2203 2411 2258 der Beatrice“ und in manchem kleinen dramatischen Juwel bewiesen. Er ist unter
937 2265 2404 2328 den weichen, sinnenden Wiener Poeten vielleicht der stärkste, sicher der kundigste
943 2311 2400 2381 Gestalter. Fast möchte man beklagen, daß er so sehr auch denkender Kopf ist.
940 2370 2401 2431 Eine Reihe seiner Dramen leidet unverkeunbar an der Blässe des Gedankens,
940 2420 2397 2475 die nicht nur die frische Farbe zeugender Entschließung ankränkelt, auch sogar für
942 2482 2399 2547 die fragliche Wahrheit des Theorems die innere Wahrheit der Geschöpfe opfert.
946 2517 2410 2589 Seine scharfsichtige Beobachtung der Wirklichkeit schützt ihn nicht immer davor,
950 2582 2398 2658 in der Konsequenz des dogmatischen Eifers bei der Abschilderung der Natur in¬
946 2639 2401 2708 konsequent zu werden. Lebensfähige Embryonen werden auf solche Art gewisser¬
949 2698 2399 2764 maßen wissenschaftlich getötet. Schon in den vier Einaktern „Lebendige Stunden“.
948 2749 2412 2811 kam dieser Hang des Dichters, der nicht nur „bilden“, durchaus auch „reden“.
954 2808 2405 2877 wollte, zur Geltung. Noch mehr in den doktrinären Schauspielen „Der einsame
951 2854 2402 2916 Weg“ (das übrigens voll erlesener psychologischer Feinheiten ist) und „Zwischen¬
943 2913 2408 2994 spiel“ — und am meisten in dem jüngsten Drama Schnitzlers „Der Ruf des
944 2965 2139 3016 Lebens“, das am 24. Februar im Lessingtheater aufgeführt wurde.
1031 3015 2404 3068 In Wien und um die Mitte des 19. Jahrhunderts spielt das Stück. Von
942 3072 2407 3141 der Revolution zittert nicht einmal ein Nachhall an die Fenster, diese alten und
943 3130 2406 3187 jungen Wiener sind auch gar nicht Typen des Vor= und Nachmärz, kaum über¬
937 3182 2409 3239 haupt Wienerische Typen, und die Wiener Kaserne stellt sich nicht literarisch
950 3235 2412 3281 neben die preußische in „Rosenmontag“; seine Soldaten braucht der Dichter
948 3287 2409 3342 nur für die Notbrücke der Fabel. Um nämlich die Scheidewand zwischen Leben
949 3347 2421 3437 und Sterben möglichst dünn zu machen, müssen die „Blauen Kürassiere“ in den
938 3443 1090 3514 376
