3436 4352
1441 286 2016 379 box 24/5
858 313 923 380 d
661 320 718 384 R
245 306 1401 423 19. Der af es Lebens
1659 1223 2027 1277 THE COMEDY THE
153 1251 742 1336 TRE ADVERTISING MEDIUM
212 1316 979 1454 Questions Einswered
1390 1373 2420 1508 Actors Theatre Plans
214 1431 975 1536 Regarding the Drama
319 1507 964 1606 &# Toselhodgreleten2n
448 1575 709 1653 Jurt In R
1308 1613 2594 1689 The Actors’ Theatre announces that after“ The Call of
223 1624 405 1711 434
1224 1687 2596 1745 Life“, it will present four more plays of distinctive merit,
223 1706 968 1784 NTACELAND EDITOR, Sir: Please
1236 1747 2166 1822 wich some unusual matinee productions.
313 1760 984 1830 publish an oulkine of the carcer of jon
217 1788 511 1866 □ k. Brown.
800 1796 940 1848 R. R.
253 1833 989 1905 Joe E. Brown was born in Holgate, Ohio,
231 1896 982 1939 and received his slage training in ihe circus.
1292 1875 2596 1952 Special appeal is made now for subscription members.
221 1920 971 1980 He started in the show business atthe age
1229 1942 2598 1997 This plan affords a substantial reduction over box-office
224 1954 988 2015 of 10 as an acrobat with the Sells-Downs
223 1983 987 2045 circus and was one ol the Five Marvelous
1218 1989 2604 2059 prices and insures the subscriber choice locations for each
223 2039 983 2085 Ashtons. Remained inthe circus for hve
1222 2051 2605 2118 ofthe plays presented. Orchestra seats are twelve dollars
230 2070 975 2134 years after which hie became the junior part¬
234 2109 987 2159 ner of ihe team of Prevost and Brown.
1226 2116 2595 2173 each for the five plays in this season’s program. Sub¬
222 2144 981 2209 Played eleven years in vaudeville and onc
1228 2168 2604 2245 scribers will also be given preference of seats for the
239 2177 996 2251 in burlesque. Was ihen signed by Johr Cort
226 2218 978 2283 for the part of Lester in Listen Lester,
1238 2226 1570 2299 matinee bills.
231 2257 966 2321 opening October 18. 1918, at ihe Lyce
235 2298 996 2355 Theatre. Washington, D. C. In New Vern
237 2332 975 2398 appeared as Phillip Quick in im Jam Jems.
1287 2319 2597 2402 In addition to“ The Cali of Life' there will be three
226 2363 978 2433 opening at ihe Cort, October 4, 1920;
1223 2408 2593 2453 other plays new to the American stage. These are:-
235 2421 980 2461 Greenwich Village Follies of 1921,“ Shu¬
241 2444 998 2501 bert, January 16, 1922; Greenwich Village
1230 2454 2609 2517 Moral' by Ludwig Thoma, translated by Charles Recht;
235 2484 987 2530 Follies of 1923.“ Winter Garden, September
1234 2516 2608 2575 Storm' by C. K. Munro, the young Irish dramatist so
234 2530 1004 2580 20, 1923; Larry Class in Betty Lee,“ 440h
241 2560 987 2628 Street, December 25, 1924; Hap Jones in
1228 2574 2607 2640 highly praised by Pernard Shaw, and a play by Samuel
240 2595 999 2649 Captain Jinks, Martin Beck, September 8,
1237 2629 2596 2690 K. Lauren, a new American author ol considerable pro¬
237 2635 998 2704 1925. Has also played all of ihe above
236 2683 495 2749 roles en lour.
1230 2684 2604 2751 mise. There is also to be a classic revival done in the
1230 2727 2593 2819 same spirit as Shaw's“ Candida“ and“ The Wild Duck
261 2739 998 2820 Stageland Editor, Sir: Please publish ihe
238 2785 996 2846 cast of A Good Bad Woman as it was
1241 2783 2608 2846 which attracted international attention for brilliart direc¬
239 2833 1009 2908 origmally produced in New Tork last season.
819 2868 962 2920 M. B.
1247 2859 1624 2936 tion and acting.
281 2875 1000 2966 A Good Bad Woman“ opened al ihe
246 2939 999 2994 Comedy Theatre, February 9, 1925, with the
1295 2956 2607 3031 All of these productions will profit by the accomplished
242 2981 1008 3041 following cast: Archie Capper, Doaald
244 3018 1008 3069 Cameron; Mrs. Copper, Florence Earle:
1231 3029 2601 3084 direction of Dudley Digges. The splendid record the
241 3056 1012 3106 Dr. Carlyle Lamler, Robert Strange: June
1246 3085 2602 3152 Actors’ Theatre achieved last season under its new man¬
250 3094 1014 3150 Lawler, Edith King; Bobbie Lawler, Doris
259 3145 995 3185 Freeman; Eileen Donovan, Helen Mac¬
1228 3126 2615 3210 agement and direction assures distinction to this year’s
246 3170 1005 3236 Kellar; Tim Donovan, Walter Law; Otlo,
1240 3202 1482 3274 program.
260 3212 527 3277 Waller Kenny.
260 3269 997 3356 For information address Stageland Edilor,
1309 3288 2612 3380 The subscription books are now open and applications
273 3335 977 3398 Nem Vort Theatre Program Corporation,
1234 3360 2615 3450 for membership should be addressed to David Wallace,
299 3378 960 3457 108-114 Wooster Sireet, Nem Vork.
1238 3416 2137 3509 Actors' Theatre, 45 West ayth Street.
279 3429 1008 3504 A program conlaining answer will be sent
201 3432 249 3511 4
262 3483 1020 3542 on receipt of stamped envelope. No attention
166 3529 828 3607 erk. 1 paid lo unsigned communications.
