3436 4352
1550 319 2035 408 box 24/5
275 334 1442 456 19. Der Ruf des Lebens
653 827 1805 921 die verstimmende Absicht, liegt in einer leid
1445 885 1809 956 hat beim An¬
585 893 1352 959 erkennbaren Anspielung zu Tage
581 941 1805 998 bruche eines Krieges beschlossen, mit feinem ganze
589 986 1808 1048 Regiment in den Tod zu gehen, weil an dessen Fahne
582 1031 1814 1097 aus einew früheren Feldzuge her die Schuld eine
584 1065 1817 1134 großen F#heit als Makel haftet. Aber natürlich gib
1570 1110 1816 1177 Erklärung
579 1119 1541 1174 Herr Schnützler die modern psychologische
587 1156 1819 1216 der Oberst will diese Regimentsschmach nur zun
1705 1204 1813 1256 den
1216 1195 1579 1260 sein Regiment
1029 1208 1173 1258 um
574 1200 1031 1263 Vorwande nehmen,
579 1236 1821 1295 Tod zu führen und sich einen geschichtlichen Heldenruhm als
590 1289 1820 1347 theatralischen Abgang zu sichern, während er in Wirklich¬
581 1330 1820 1384 keit den Tod wegen der Untreue seiner Gattin sucht.
592 1373 1830 1436 Eine geradezu klassisch=jüdische Eitelkeitsspielerei! Ihrer
1113 1420 1828 1480 Schilderung der übrigen Per¬
584 1420 859 1494 gleichwertig
578 1454 1827 1530 sonen. Die ehebrecherische Gattin erfährt die Absicht des
1098 1518 1825 1575 ihrem Geliebten, um diesen zu
579 1507 1088 1583 Obersten und eilt zu
591 1547 1832 1622 feiger Flucht zu überreden, wird vom Gatten über¬
587 1593 1839 1654 rascht und erschossen. Zeugin dieser Szene aber wird die Tochter
583 1637 1837 1693 jenes alten Rittmeisters a. D., der in Wirtlichkeit Schuld an der
597 1678 1831 1745 Feigheit trägt, die dem Regimente zur Schande gereicht. Die
597 1724 1840 1790 Tochter vergiftet ihn, um die eine letzte Nacht, die ihrem
591 1768 1843 1830 Geliebten, dem jungen Leutnant, verblieben ist, in dessen
592 1820 1840 1871 Armen zu verbringen. In einen Mantel gehüllt verläßt
676 1863 1836 1911 mit ihm die Stube, auf deren Fußboden der
669 1908 1847 1959 mnam der erschossenen Frau allein zurückbleibt.
665 1963 1840 2016 uß: Erzählung von dem Untergange des Regimentes,
595 1997 1841 2054 Erzählung von dem, was man sich über den Obersten und
590 2038 1840 2091 den Leutnant erzählt habe und der mehr als dunkle Hinweis
584 2081 1837 2147 auf einen Ruf des Lebens, den Marie in der Erinnerung
590 2135 1836 2202 an den um einer Liebesnacht willen ermordeten Vater er¬
597 2165 1841 2225 wartet, derweilen sie ihrem Oberförster lange Jagdstrümpfe strickt.
597 2219 1847 2275 Um was in aller Welt ist es dem Dichter bei diesem Mach¬
596 2271 1843 2323 werke gegangen? Schnitzler hat früher mit Vorliebe die an¬
597 2296 1848 2363 mütig herausgeputzte „Liebelei“ der Wiener Wäschermädeln
599 2354 1849 2406 behandelt. Aber schon in „Der einsame Weg“ trat das Grob¬
605 2395 1848 2448 knige seiner Entartung stark hervor, im „Ruf des Lebens“
616 2440 1850 2499 feiert jene Perversität ihren Triumph, die sich als Veits¬
630 2499 1849 2536 kanz eines untergehenden ganzen Zeitalters
647 2533 1842 2590 ibt. Daneben leitet ihn, der wegen einer das österreichische
607 2579 1855 2632 Heer beleidigenden Novelle den Charakter eines Militärarztes
626 2608 1836 2671 durch ehrengerichtlichen Spruch verlor, der Haß des Ausge¬
623 2662 1851 2721 stößenen gegen die gute Gesellschaft und den ehrenhaften Geist
606 2714 1848 2774 des Heeres. Grund genug, ihn zu feiern — — im Schatten
598 2758 1024 2840 des Schillerjahres!
965 2956 1493 3065 Freie Freude.
797 3034 1674 3143 Nicht an die Gunst der sonnigen Stunden
748 3114 1412 3183 ist unsre freie Freude gebunden,
750 3166 1324 3234 ihre weißen Flügel schwellt
745 3213 1415 3303 ewiger Wind der ewigen Welt.
791 3286 1630 3372 Huschende Schatten sind ihr die Sorgen,
737 3369 1623 3438 und sie tanzt zwischen heute und morgen;
750 3416 1406 3489 wenn ein leiser Wunsch gebeut,
745 3472 1368 3558 wird ihr gestern wieder heut.
782 3548 1586 3639 Ueber die Wolken mit leichten Füßen
741 3612 1525 3686 (chreitet sie, ewige Sterne zu grüßen,
753 3666 1431 3735 und sie taucht wie Sonnenschein
742 3725 1237 3810 tief in Rosenkelche ein.
801 3794 1702 3883 Selbst, wo die Schatten des Todes weben,
755 3869 1443 3936 lebt sie ihr freies, ewiges Leben -
751 3906 1619 4003 lächelnd spielt sie mit Schatten und Licht,
744 3972 1467 4054 und der Wandel berührt sie nicht.
802 4037 1685 4134 Nicht an die Gunst der sonnigen Stunden
757 4111 1421 4186 ist unsre freie Freude gebunden,
752 4173 1323 4245 ihre weißen Flügel schwellt
748 4216 1406 4303 ewiger Wind der ewigen Welt.
