3248 4352
1549 187 2037 287 box 24/4
269 203 1426 317 19. Der Ruf des Lebens
1736 680 2723 772 Die sündige Oberstenfrau wurde durch Frl.
655 694 1681 786 genblick später zieht sie aus der Tasche des To¬
1704 739 2717 813 Olden pikant und keck verkörpert. Frl. Hal¬
665 769 1518 836 ten den Schlüssel und stürzt davon. ..
1719 785 2718 874 den hatte in einer Nebenrolle Gelegenheit, sich
714 810 1687 894 Bis hierher ist es ein grausiges, aber mei¬
1705 851 2705 918 als vorzügliche Schauspielerin wiederum zu be¬
670 864 1683 938 sterhaft aufgebautes Drama voll starker Span¬
1704 905 1912 967 währen.
674 918 1680 986 nung. Aber nun zeigt es sich, daß Schnitzler
1758 928 2713 1001 Den Oberst gab Herr Rückert vornehm und
2736 941 2826 1012 A
674 961 1690 1026 nicht die Kraft hat, ein solches Trauerspiel
1716 983 2725 1055 mit dem ironischen Blick aufs Leben, den der
679 1012 1693 1078 durchzuführen. Wie immer, wenn der Dichter
1718 1029 2721 1109 Dichter bei ihm sehen will. Herr Hoffmann
2737 1039 2830 1121 gi
674 1056 1693 1129 zierlicher Sächelchen à la „Abschiedssouper“ und
1719 1078 2719 1155 war ein guter Interpret des schwankenden Leut¬
674 1119 1692 1173 dergl. große oder wilde Bilder entwerfen will,
1722 1128 2715 1204 nants. Herr Connard gab den schrecklichen
2739 1115 2839 1205 9
678 1161 1692 1218 zeigt sich auch hier ein Mangel an Kraft, der
1720 1181 2726 1249 alten Moser mit oft bewährter Darstellungs¬
682 1201 1692 1268 in sehr bitterer Weise störend wirkt. Was nun
1713 1229 2729 1299 kunst. Herr Eckhof verstand es ausgezeichnet,
684 1251 1701 1330 folgt, ist ein Zuviel an wüsten Schreckensszenen,
1716 1287 2726 1343 den gutmütigen, nicht festen, aber von wohl¬
675 1297 1695 1362 wobei man das Gefühl hat, daß der Dichter
1722 1299 2826 1404 wollenden Absichten geleiteten Arzt, den Raison=2
687 1362 1694 1422 sich sehr anstrengt, aber nur noch allerlei Bruch¬
1721 1393 2616 1444 neur des Stückes, zur Geltung zu bringen.
685 1410 1701 1469 stücke anstatt einer konsequenten Fortsetzung des
1773 1414 2733 1505 Zum Schluß sei wiederholt; wir haben jetzt
687 1446 1704 1520 Begonnenen zu geben vermag. Marie eilt in
2505 1475 2691 1543 B. E.
1730 1479 2389 1557 ein wirklich gutes Schauspiel.
678 1498 1704 1577 die Kaserne und verbirgt sich im Zimmer des
1775 1514 2733 1624 Tennisturnier in der „Union“ Gestern wur¬
689 1548 1708 1611 Leutnants. Sie erlebt die herbe Enttäuschung,
1734 1595 2735 1657 den folgende Spiele ausgetragen: Im Her¬
684 1597 1703 1652 daß sie ihm zuletzt nur ein Liebchen für ei¬
1729 1645 2741 1711 ren=Einzelspiel um die Meisterschaft
682 1648 1701 1714 nige Stunden bedeutet, denn eigentlich ist er der
2753 1679 2845 1758 t#
691 1688 1710 1767 Liebhaber der Frau des Obersts. Marie muß
1725 1694 2745 1748 der Stadt Riga siegte in der ersten Runde
1726 1749 2746 1808 Herr Truhart über Herrn Baron Rosenberg
683 1752 1714 1805 aus ihrem Versteck sehen, wie der Oberst seine
1729 1799 2741 1863 mit 6:2, 6:2; Herr S. Specht über Herrn
690 1790 1709 1858 Frau bei dem Untergebenen entdeckt, sie nieder¬
1732 1847 2486 1904 W. Wencelides mit 7:5 und 6:4.
694 1838 1709 1918 schießt und sich mit kaltem Hohn von dem Leut¬
1781 1884 2748 1958 Im Herren=Doppelspiel mit Vor¬
694 1893 1703 1953 nant verabschiedet. Marie stürzt nun fast be¬
1729 1944 2750 2006 gabe siegten: in der 2. Runde die Herren
693 1936 1715 2013 sinnungslos in das Zimmer, und jetzt, an der
1733 1986 2735 2049 Herskind=Hogg (—30) über die Herren Specht¬
690 1995 1696 2053 Leiche der anderen vorbei, rennen die beiden,
1738 2041 2643 2098 Wencelides (—15.4) mit 6:5 und 6:3.
698 2038 1650 2106 der Offizier und Marie, zusammen davon
1776 2096 2750 2148 Im Handicap=Single in der 1. Runde
691 2096 1302 2173 ihre Geberden sagen wozu.
742 2124 1717 2202 Mit Revolverknallen und Giftbecher soll uns
1733 2146 2742 2212 Herr J. Hogg (—30.4) über Herrn W. Wen¬
1735 2177 2738 2246 celides (—15.4) mit 6:5, 6:3; in der 2.
694 2181 1703 2252 demonstriert werden, daß der „Ruf des Lebens“
1745 2233 2741 2302 Runde Herr L. Schoeler (—50) über Herrn
692 2227 1704 2301 die Geschöpfe von Fleisch und Blut über Tod
2166 2281 2747 2348 1) mit 6:3, 6:3; Herr
693 2278 1714 2341 und Verderben hinweg immer wieder lockt und
1746 2289 2123 2355 H. Thienemann
1739 2337 2752 2400 W. Bierich (—15.3) über Herrn H. Truhart
696 2328 1718 2401 kirrt. Aber ließe sich nicht mit etwas weniger
1785 2376 2755 2434 —40) mit 6:4, 4:6 und 6:4; in der Vor¬
700 2380 1725 2442 Mordtaten ein Drama über die Gewalt des
1745 2442 2759 2504 schlußrunde siegte Herr L. Schoeler (—50) über
698 2424 1722 2488 Blutes und der Triebe abfassen? Hier weiß
1753 2483 2751 2551 Herrn C. Vajen (+¾) mit 6:4, 2:6 und 6: 4.
709 2478 1727 2549 man zuletzt gar nicht mehr, wo hinaus mit all
698 2523 1725 2595 den Schrecknissen. Denn im letzten Akt hören
1792 2535 2750 2624 Feuerbericht. Gestern um 5¼ Uhr nachmit¬
707 2572 1721 2638 wir nun noch, daß alle Offiziere richtig tot
1752 2599 2755 2663 tags war in einer Wohnung des an der Säulen¬
699 2638 1717 2715 sind, der Oberst, der Leutnant, das ganze Re¬
1758 2650 2746 2716 straße Nr.: 60a belegenen Gebäudes von Stei¬
702 2672 1722 2751 giment. Marie haust einsam und zerbrochen in
1751 2685 2766 2755 nert durch eine heruntergefallene Wandlampe
713 2726 1720 2796 einem Häuschen, der Arzt ihres Vaters ist ihr
1750 2758 2768 2802 diverses Mpbiliar in Brand geraten. Das Feuer
1153 2765 1724 2839 Die oben erwähnte
705 2784 1156 2850 einziger Umgang.
1753 2790 2770 2871 konnte von Hausleuten noch vor Eintreffen der
1624 2817 1724 2879 der
1207 2818 1581 2890 nochmals auf
938 2830 1200 2897 erscheint
705 2834 941 2894 Freundin
1749 2838 2765 2900 Feuerwehr unterdrückt werden, so daß der von
1214 2868 1719 2933 nunmehr eine Cour¬
713 2877 1216 2952 Bildfläche, sie ist
1749 2888 2772 2965 der Moskowischen Feuer=Assekuranz=Kompagnie
713 2929 1726 2994 tisane geworden, befindet sich aber im letz¬
1750 2933 2773 3018 zu vergütende Materialschaden unbedeutend ist.
711 2957 1732 3042 ten Stadium der Schwindsucht und ergeht sich
2610 2983 2737 3053 M.
708 3010 1731 3079 in den sonderbarsten nach Fieberdelirium klin¬
716 3061 1735 3133 genden Reden, aus denen wir nur die Absicht
720 3102 1724 3180 des Autors vermuten, wieder einmal die Ge¬
716 3152 1745 3225 walt des Lebenstriebes zu erklären. Den Schluß
712 3217 1734 3274 bilden einige Betrachtungen des Arztes über die
722 3261 1750 3327 Unzerstörbarkeit der Natur, die die Blumen
714 3320 1742 3378 blühen und die Vögel singen läßt, mögen die
718 3353 1749 3440 Menschen es nun so oder anders treiben. Also
720 3400 1740 3492 wiederum der Satz: das Leben geht unaufhalt¬
725 3466 1128 3535 sam seinen Gang.
774 3508 1737 3566 Ein Bericht kann natürlich die Farbe, den
726 3554 1742 3626 Duft einer Dichtung nie erschöpfend geben, ja
724 3605 1755 3660 sogar nur schwer andeuten. So sei denn nur
729 3638 1759 3731 gesagt, daß dieses Drama selbstverständlich nicht
724 3683 1754 3767 nur die erwähnten Vorgänge enthält, sondern
725 3754 1746 3816 dazwischen auch eine Reihe sehr stimmungsvoller
726 3800 1746 3868 Szenen mit gescheuten Dialogen. Als ganzes
727 3844 1747 3925 aber vermag es wohl kaum zu befriedigen.
732 3890 1756 3960 Kein einziger Charakter ist ausgeführt, alles
727 3932 1750 4017 steckt in der Andeutung, in wilden Zickzacksprün¬
739 3979 1755 4065 gen bewegt sich die Handlung und dabei ist
734 4040 1771 4105 von all den Nebenfiguren eigentlich auch noch
742 4106 1771 4150 allerlei zu erzählen! Und ist es nicht eigentlich
2772 2255 2862 2332 sah
2787 2316 2836 2382 b
2769 2362 2844 2429 ∆
