3484 4224
311 221 1477 306 19. Der Ruf des Lebens
1193 505 1601 591 Telephon 12.501
1216 603 1371 692 P.
698 638 1316 733 „USSLITER
467 732 1567 799 L.österr. behördl. konz. Unternehmen für Zeitungs-Ausschnitte
614 783 1454 871 Wien, I., Concordiaplatz 4.
803 852 1253 931 Vertretungen
488 897 1581 969 in Berlin, Budapest, Chicago, Christiania, Genf, Kopen¬
476 965 1576 1014 hagen, London, Madrid, Mailand, Minneapolis, New-Vork,
517 997 1533 1073 Paris, Rom, San Francisco, Stockholm, St. Petersburg.
815 1042 1154 1093 (Quellenangabe ohne Ger
1062 1041 1269 1140 4. 1909
471 1080 851 1167 Ausschnitt aus:
464 1117 1523 1256 vom: Berliner Börsen Courier, Berlin
863 1199 1331 1311 Morgenausgabe
510 1359 1504 1429 Aus Prag schreibt uns unser Korrespondent
441 1431 1502 1484 unterm 27. d.: Das Ensemble des „Berliner Theater“
447 1469 1483 1522 absolviert eben hier unter Führung der Direktoren
446 1513 1493 1560 Bernauer und Meinhard ein mehrabendliches Gast¬
449 1557 1503 1604 spiel, das von großem künstlerischen und materiellen
440 1590 1489 1642 Erfolge begleitet ist. Das Publikum begrüßte in
459 1637 1500 1688 mehreren Mitgliedern des Ensembles Prager Kinder,
455 1676 1515 1718 vornehmlich den Direktor Meinhard, der hier
444 1717 1512 1779 seine ersten theatralischen Gehversuche machte, und
451 1755 1504 1821 auch mehrere Künstler, die schon bei früheren Gust¬
459 1805 1500 1853 spielen sich in die Gunst der Prager gesetzt hatten. 15
453 1839 1506 1895 vor Allem Albert Heine, die den Erfolg der hiesigen
448 1884 1503 1938 „Jugend“=Aufführungen trug. Die Berliner eröffnelen
480 1929 1496 1977 ihr Gastspiel mit Hebbels „Herodes und
446 1969 1507 2025 Mariamne“ Das Drama übte durch das fein
446 2004 1502 2061 abgetönte Ineinanderspiel, durch die Herausarbeitung
449 2051 1505 2112 des Ganzen, eine machtvolle Wirkung. Albert
455 2089 1494 2141 Heine und Alma Renier erzielten mit der Dar¬
450 2132 1503 2181 stellung die große Wirkung. Noch lebhafter war die
450 2172 1501 2220 Wirkung der Gesangsposse „Einer von unsere Leut“
446 2214 1492 2265 mit Direktor Meinhard in der Titelrolle, die bisher
443 2255 1497 2324 zweimal vor einem bis an den Giebel gefüllten Haus
445 2303 1504 2354 gegeben wurde und noch ein drittesmal wiederholt
441 2344 1502 2388 werden muß. Einige nationale Kupletstrophen und
445 2382 1504 2441 verschiedene treffende lokale Anspielungen, die für
448 2413 1507 2478 Prag der Posse eingelegt wurden, boten Anlaß zu
442 2461 1503 2522 nationalen Demonstrationen. Das Duett der Herren
457 2505 1393 2553 Sabo und Clewing war der Clou des Abends.
506 2536 1509 2592 Knapp vor dem Gastspiel brachte uns das heimische
447 2589 1495 2640 Schauspiel noch eine Première, die uns lange vor¬
442 2629 1500 2683 enthalten war: Das letzte große Schauspiel Arthur
667 2674 1503 2731 „Der Ruf des Lebens“. Schnitzler
443 2673 1506 2772 #######eitten Akt einer Umarbeitung unterzogen.
435 2755 1497 2796 Es sei kurz daran erinnert, daß die Heldin des
445 2798 1494 2858 Stückes, ein Wiener Bürgermädchen, den Ruf des
443 2832 765 2889 Lebens mit
802 2843 1499 2902 unwiderstehlicher Macht ver¬
450 2867 1520 2951 nimmt, daß sie ihrem totkranken, sie fast zu
452 2918 1510 2968 Tode quälenden Vater den Schlaftrunk als Todes¬
452 2956 1500 3018 trunk reicht und zu dem Geliebten stürzt, sich
446 3002 1497 3055 mit diesem vereinigend, obzwar sie es bei ihm erleben
451 3043 1497 3106 muß, daß eine Frau, mit der er Ehebruch beging, von
436 3080 1495 3134 ihren Mann in Gegenwart des Geliebten erschossen
435 3126 1506 3178 wird. Die Handlung, so wie sie bis zum zweiten
450 3164 898 3222 Akte gediehen ist,
904 3159 1511 3227 läßt einen katastrophalen
441 3198 1328 3269 Ausklang im dritten Akt gar nicht zu.
1366 3210 1498 3269 s lag
447 3243 1503 3297 wohl auch in der Absicht des Dichters, seine
447 3295 1498 3345 Heldin schließlich absolvieren zu lassen. Für das
448 3325 1503 3399 Theater schien jedoch diese Absolution nicht einleuchtend
444 3382 1489 3433 und so hat Schnitzler das Schauspiel mit der Aussicht
549 3414 1494 3473 eine freiwillige Sühne des schuldbeladenen
434 3415 554 3466 auf
448 3460 1488 3517 Mädchens abgeschlossen und dem dritten Akte noch
431 3504 1492 3556 dadurch kräftigeres Leben gegeben, daß er eine Neben¬
436 3538 1489 3595 figur des ersten Aktes, die Base Katharina, in
439 3575 1504 3640 wirkungsvollen Gegensatz zu der Heldin stellt. Gewiß
441 3627 1484 3678 hat die Anwesenheit des Dichters, der hier sehr beliebt
460 3663 1486 3714 ist, den Erfolg erhöht; aber auch ohne das konnte
439 3697 1490 3759 über die starke Wirkung des ersten und zweiten Aktes.
431 3748 1492 3791 insbesondere des letzteren, der den Höhepunkt des
438 3789 1486 3845 Stückes und auch der Regie (Dramaturg Dr. Paul
441 3824 1499 3902 Eger) Gelegenheit zu stimmungsvollem Herausarbeiten!
448 3865 895 3933 gab, kein Zweifel sein.
473 3945 1212 4011 Schnitzler begab sich von hier nach
424 4006 1195 4048 er eine Zusammenkunft mit dem Komp
1360 4000 1471 4078 ra
416 4047 1198 4096 [Neumann haete, dem Kapellmeisten
1336 4067 1499 4136 ichstes
880 4077 1258 4140 r des Dichters erf
407 4081 829 4158 furter Oppsauses,
422 4117 1462 4173 (Schauspter „Liebckel“ in Musiksetzt. R. M.
1621 189 2072 273 box 24/4
2839 230 3220 324 Telephon 12801.
2169 415 3220 507 MinMTRTRRTTRSInnen
2098 494 3252 561 O l. österr. behördl. konz. Unternehmen für Zeitungs-Ausschnitte
2111 559 2172 603 60
2259 560 3150 660 Wien, I., Concordiaplatz 4.
2495 638 2932 700 Vertretungen
2133 668 3245 768 □ in Berlin, Budapest, Chicago, Christiania, Genf, Kopen¬
2159 710 3245 785 hagen, London, Madrid, Mailand, Minneapolis, New-Vork,
2213 758 3216 818 Paris, Rom, San Francisco, Stockholm, St. Petersburg.
2511 801 2918 873 QQuelienangabe ohne Gowähr.)
2121 841 2593 940 4 Ausschnitt aus:
2325 909 2729 1015 MMILWer 1
2107 975 2317 1063 vom
2726 951 3046 1081 rist. Wies
2367 1066 3125 1169 Prager Theaterbrief.
2167 1135 3399 1244 “ Wir haben jüngst ein feines Schauspiel kennen gelernt, das
2059 1183 3390 1294 ins Artur Schnitzler-geschenkt hat, eines jener wenigen Bühnen¬
2077 1257 3382 1342 stücke, die uns vergessen lassen, daß wir im Theater sitzen, daß
2075 1302 3383 1380 sich der oder jener unbequeme Nachbar neben uns breit gemacht
2074 1351 3376 1437 hat, daß im Zwischenakt Schinkensemmein verkauft werden, und
2063 1410 3378 1479 daß da oben auf den Brettern schließlich alles eitel Gaukelei ist.
2062 1450 3392 1535 [„Der Ruf des Lebens“ ist ein Stück Leben mitten in uns hin¬
2054 1518 3385 1582 teingestellt, rauh und zart, nichts beschönigt und nichts mit Absicht
2064 1558 3381 1638 schlecht gemacht. Menschen von unserem Fleisch und Blut, Gefühle
2064 1609 3381 1686 von unseren Gefühlen. Das eben ist die große Kunst Schnitzlers,
2052 1656 3377 1722 daß sie uns alles eng verwandt erscheinen läßt, daß sie uns Bilder
2050 1702 3380 1783 aus unserem eigenen Wandel vorführt, Geschehnisse und Tat¬
2055 1748 3377 1830 sachen, denen wir auf allen unseren Wegen begegnen. Als störend
2061 1801 3388 1884 empfand ich nur das Erscheinen Schnitzlers auf der Bühne. In
2046 1848 3406 1947 diesem Moment wurde ich aus allen meinen Illusionen gerissen¬
2035 1939 3365 2010 Denn ich zwang mich, nicht zu glauben, daß dieses Stück nur
2044 2005 3364 2064 „geschrieben“ worden sei und nun sah ich, mußte ich den Mann
2049 2051 3362 2110 sehen, der die Arbeit geleistet; da wurde es mir klar, daß das
2050 2100 3373 2165 alles nur eine „Arbeit“ gewesen war. Vorzügliches leistete diesmal
2050 2149 3365 2210 die Darstellung. Frl. Medelsky, Frl. Klein und die Herren
2039 2203 3367 2275 Schütz, Onno, Dr. Manning, Faber, Rittig und Bal¬
2044 2237 3131 2307 der suchten ihr Bestes zu geben und gaben es auch.
2157 2281 3359 2356 Auch einer anderen Novität, der Komödie „Kater Lampe“
2049 2341 3377 2416 von Emil Rosenow, war mit Recht ein starker Erfolg beschieden
2050 2393 3368 2462 gewesen. Erinnert ein imsig an Hauptmanns „Biberpelz“. Eine
2048 2442 3365 2493 köstliche Satire, ein meisterhaftes Festhalten des ländlichen Milieus.
2041 2496 3380 2538 Rosenow, der vor wenigen Jahren Verstorbene, besaß eine her¬
2054 2536 3379 2592 vorstechende Beobachtungsgabe und vor allem den treffenden Blick
2051 2591 3374 2642 für kleine, im Leben leicht übersehbare Eigentümlichkeiten, die vor
2049 2640 3377 2706 dem Rampenlicht allerdings an Prägnanz gewinnen. Von den
2042 2685 3366 2754 Darstellern, denen die dankbare Aufgabe übertragen war, Rose¬
2036 2745 3365 2806 now'sche Typen zu charakterisieren, sind primo loco Manning,
2038 2787 3368 2851 Viktora, Hofer, Rittig und die Damen Klein, Baum¬
2042 2835 2758 2902 gart und Medelsky zu nennen.
2152 2885 3369 2949 Den dritten großen Erfolg (ja, Prag übertrumpft momentan
2034 2941 3369 3007 in Erfolgen sämtliche Provinztheater) zeitigte der erste Gastspiel¬
2038 2984 2802 3050 abend des Berliner Theaters
2808 2984 3357 3049 unter der Direktion Mein¬
2051 3028 3372 3084 hard=Bernauers. Man war begierig, den lieben Meiahard,
2040 3082 3375 3151 der in unserer Stadt so viele Phasen durchgemacht, nunmehr als
2039 3137 3378 3181 Leiter einer großen berliner Bühne wiederzusehen. Und warm¬
2039 3186 3367 3247 und herzlich war der Willkomm, den man ihm und seinem erst¬
2038 3234 3373 3299 klassigen Ensemble bereitete. Kein geringeres Werk als Hebbels
2034 3281 3372 3330 „Herodes und Mariamne“ wurde zur Aufführung gebracht, dieses
2036 3334 3374 3390 schwierige Werk, das so grandiose Akzente erheischt. Da war
2037 3377 3360 3439 Albert Heine der rechte Interpret für den Herodes. Das
2033 3417 3363 3478 Ideale dieser Gestalt strich er, aber er brachte uns den Herodes
2037 3475 3372 3538 insoferne weit, weit näher, als er uns einen Menschen von
2036 3531 3359 3580 menschlich erreichbarer Größe gab. Frau Alma Renier als
2036 3561 3384 3643 Mariamne, Alwine Wiecke, Olga Engl, Direktor Meinhord
2036 3614 3381 3693 und Clewing vertraten die übrigen Rollen mit sinngemäßem?
2041 3667 2262 3735 Nachdruck.
2137 3716 3359 3783 Ein Sohn Hermann Winkelmanns, Dr. Hans Winkel¬
3318 3775 3362 3820 7
2029 3743 3342 3835 mann aus München, ließ sich als Erik im „Fliegenden Holländer“
2029 3825 3349 3875 hören und erweckte für den Wohllaut seiner Stimme und die Ent¬
2037 3864 3367 3936 wicklung seiner schauspielerischen Fähigkeiten großes Interesse. Sollte
2042 3908 3369 3993 man mit der Absicht umgehen, Herrn Winkelmann für unsere
2016 3952 3352 4039 Bühne zu verpflichten, so wäre dies eine Absicht, der man nuy
2016 4023 2740 4088 gerne und willig beistimmen kann.
3091 4021 3301 4078 Haimon.
3215 4119 3373 4163 WE
