<?xml version="1.0" encoding="UTF-8" standalone="yes"?>
<PcGts xmlns="http://schema.primaresearch.org/PAGE/gts/pagecontent/2013-07-15" xmlns:xsi="http://www.w3.org/2001/XMLSchema-instance" xsi:schemaLocation="http://schema.primaresearch.org/PAGE/gts/pagecontent/2013-07-15 http://schema.primaresearch.org/PAGE/gts/pagecontent/2013-07-15/pagecontent.xsd">
    <Metadata>
        <Creator>prov=University of Rostock/Institute of Mathematics/CITlab/Gundram Leifert/gundram.leifert@uni-rostock.de:name=ONB_Newseye_GT_M1+(htr_id=10810)::::v=2.4.2
prov=University of Rostock/Institute of Mathematics/CITlab/Tobias Gruening/tobias.gruening@uni-rostock.de:name=de.uros.citlab.module.baseline2polygon.B2PSeamMultiOriented:v=2.4.2
prov=University of Rostock/Institute of Mathematics/CITlab/Tobias Gruening/tobias.gruening@uni-rostock.de:name=/mnt/transkribus/LA/DEA/URO/LA_news_onb_att.pb:de.uros.citlab.segmentation.CITlab_LA_ML:v=2.4.2
Transkribus</Creator>
        <Created>2019-10-07T11:20:03.891+02:00</Created>
        <LastChange>2019-10-08T07:12:26.852+02:00</LastChange>
        <TranskribusMetadata docId="223969" pageId="9496999" pageNr="160" tsid="16505820" status="IN_PROGRESS" userId="40391" imgUrl="https://files.transkribus.eu/Get?id=IIYZEXSGRQSPFDZVVDVIRUYO&amp;fileType=view" xmlUrl="https://files.transkribus.eu/Get?id=CONOHINJZKNATPSLSPKSOPZS" imageId="6187226"/>
    </Metadata>
    <Page imageFilename="223969_0160.jpeg" imageWidth="3484" imageHeight="4352">
        <ReadingOrder>
            <OrderedGroup id="ro_1711451252648" caption="Regions reading order">
                <RegionRefIndexed index="0" regionRef="r1"/>
            </OrderedGroup>
        </ReadingOrder>
        <TextRegion orientation="0.0" id="r1" custom="readingOrder {index:0;}">
            <Coords points="346,278 346,3641 3408,3641 3408,278"/>
            <TextLine id="r1l1" custom="readingOrder {index:0;}">
                <Coords points="330,308 1916,346 2102,311 2102,235 330,240"/>
                <Baseline points="346,300 433,305 520,309 607,313 694,316 781,318 868,319 955,320 1042,321 1129,320 1216,320 1303,319 1390,318 1477,317 1564,315 1651,314 1738,312 1825,311 1912,309 1999,308 2086,307"/>
                <TextEquiv>
                    <Unicode>19. Der Ruf des Lebens box 24/2</Unicode>
                </TextEquiv>
            </TextLine>
            <TextLine id="r1l2" custom="readingOrder {index:1;}">
                <Coords points="526,1266 1783,1253 1818,1213 1731,1182 525,1213"/>
                <Baseline points="545,1255 607,1254 670,1253 733,1251 796,1250 859,1249 921,1247 984,1246 1047,1245 1110,1243 1173,1242 1235,1241 1298,1240 1361,1239 1424,1239 1487,1238 1549,1237 1612,1237 1675,1236 1738,1236 1801,1236"/>
                <TextEquiv>
                    <Unicode>sterben für eine große Idee, sie sterben für den leichten Sinn</Unicode>
                </TextEquiv>
            </TextLine>
            <TextLine id="r1l3" custom="readingOrder {index:2;}">
                <Coords points="3146,1259 3182,1270 3189,1263 3221,1270 3232,1259 3257,1266 3422,1259 3422,1191 3400,1191 3368,1216 3332,1216 3307,1202 3272,1202 3261,1213 3232,1213 3221,1202 3200,1216 3189,1209 3146,1216"/>
                <Baseline points="3163,1252 3189,1252 3216,1253 3243,1253 3270,1253 3297,1254 3324,1254 3351,1253 3378,1252 3405,1250"/>
                <TextEquiv>
                    <Unicode>Sowel vu</Unicode>
                </TextEquiv>
            </TextLine>
            <TextLine id="r1l4" custom="readingOrder {index:3;}">
                <Coords points="524,1318 3045,1281 3112,1190 524,1264"/>
                <Baseline points="542,1305 669,1302 797,1300 924,1298 1052,1296 1180,1295 1307,1293 1435,1292 1562,1291 1690,1290 1818,1288 1945,1287 2073,1286 2200,1284 2328,1282 2456,1279 2583,1276 2711,1273 2838,1270 2966,1265 3094,1260"/>
                <TextEquiv>
                    <Unicode>der kleinen Kommandeuse. Die Höllenmaschine, die ihre Massen= urbiruher und Bergangangolostenf habe fast edensoont betlagen,</Unicode>
                </TextEquiv>
            </TextLine>
            <TextLine id="r1l5" custom="readingOrder {index:4;}">
                <Coords points="519,1380 3419,1303 518,1309"/>
                <Baseline points="538,1355 681,1352 824,1350 967,1347 1110,1346 1254,1344 1397,1342 1540,1340 1683,1339 1826,1337 1970,1335 2113,1333 2256,1330 2399,1328 2542,1325 2686,1321 2829,1317 2972,1313 3115,1308 3258,1302 3402,1296"/>
                <TextEquiv>
                    <Unicode>tötung bewirkt, — der Mann, dem sie Gehorsam schulden und wie der Inhalt des Geldbeutels der Baronin. Im übrigen gesteht Da das von Well</Unicode>
                </TextEquiv>
            </TextLine>
            <TextLine id="r1l6" custom="readingOrder {index:5;}">
                <Coords points="528,1421 3424,1302 527,1356"/>
                <Baseline points="544,1400 687,1398 830,1396 973,1394 1116,1392 1259,1391 1402,1389 1545,1388 1688,1387 1831,1386 1975,1384 2118,1382 2261,1380 2404,1378 2547,1375 2690,1372 2833,1368 2976,1363 3119,1358 3262,1352 3406,1345"/>
                <TextEquiv>
                    <Unicode>volles Vertrauen schenken, hat sie ihnen hergerichtet. Das ist ders er alle Taten, auch die von sechs weiteren Zeuginnen ihm nach= sprechenden Ausrü</Unicode>
                </TextEquiv>
            </TextLine>
            <TextLine id="r1l7" custom="readingOrder {index:6;}">
                <Coords points="1784,1441 3428,1418 3426,1342 1783,1391"/>
                <Baseline points="1801,1438 1881,1437 1961,1436 2042,1435 2122,1434 2202,1432 2283,1431 2363,1429 2443,1428 2524,1426 2604,1424 2684,1422 2765,1419 2845,1416 2925,1414 3006,1411 3086,1408 3166,1404 3247,1400 3327,1397 3408,1393"/>
                <TextEquiv>
                    <Unicode>gesagten, ohne weiteres zu und spricht sämtlichen Damen sein Godard in Auftra</Unicode>
                </TextEquiv>
            </TextLine>
            <TextLine id="r1l8" custom="readingOrder {index:7;}">
                <Coords points="527,1479 624,1487 680,1460 799,1481 849,1462 874,1476 924,1463 989,1476 987,1415 894,1400 525,1421"/>
                <Baseline points="545,1455 571,1454 598,1452 624,1451 651,1449 677,1448 704,1447 730,1446 757,1445 783,1444 810,1444 836,1443 863,1443 889,1443 916,1443 942,1443 969,1443"/>
                <TextEquiv>
                    <Unicode>„Witz“ des Obersten.</Unicode>
                </TextEquiv>
            </TextLine>
            <TextLine id="r1l9" custom="readingOrder {index:8;}">
                <Coords points="1790,1490 3416,1455 3414,1398 3274,1395 1789,1440"/>
                <Baseline points="1809,1483 1888,1482 1967,1482 2047,1481 2126,1479 2206,1478 2285,1476 2365,1474 2444,1472 2524,1470 2603,1467 2682,1465 2762,1463 2841,1460 2921,1457 3000,1454 3080,1452 3159,1449 3239,1446 3318,1443 3398,1441"/>
                <TextEquiv>
                    <Unicode>aufrichtiges Bedauern für sein unkavaliermäßige“ Verhalten aus. schon im Laufe d</Unicode>
                </TextEquiv>
            </TextLine>
            <TextLine id="r1l10" custom="readingOrder {index:9;}">
                <Coords points="650,1557 3418,1497 649,1503"/>
                <Baseline points="668,1552 804,1552 941,1552 1077,1550 1214,1548 1350,1546 1487,1544 1623,1541 1760,1538 1896,1534 2033,1530 2169,1527 2306,1523 2442,1519 2579,1515 2715,1511 2852,1507 2988,1503 3125,1499 3261,1495 3398,1492"/>
                <TextEquiv>
                    <Unicode>Schnitzler selbst hat davor gegraut, das Furchtbare seiner Das Gericht verurteil ihn darauf zu vier Jahren Gefängnis, so dürfte der wohl</Unicode>
                </TextEquiv>
            </TextLine>
            <TextLine id="r1l11" custom="readingOrder {index:10;}">
                <Coords points="1804,1584 3408,1549 3406,1495 3302,1494 1802,1537"/>
                <Baseline points="1822,1578 1900,1576 1978,1575 2057,1574 2135,1572 2214,1571 2292,1569 2371,1568 2449,1567 2528,1565 2606,1563 2684,1561 2763,1560 2841,1557 2920,1555 2998,1553 3077,1551 3155,1548 3234,1545 3312,1542 3391,1539"/>
                <TextEquiv>
                    <Unicode>daß Herr Marco v. Goldenberg, der noch eine Rechnung von drei kaum den erwünse</Unicode>
                </TextEquiv>
            </TextLine>
            <TextLine id="r1l12" custom="readingOrder {index:11;}">
                <Coords points="533,1613 1815,1591 1814,1544 532,1563"/>
                <Baseline points="550,1605 612,1604 674,1604 737,1604 799,1603 861,1602 924,1602 986,1601 1048,1600 1111,1599 1173,1598 1235,1597 1298,1596 1360,1594 1422,1593 1485,1591 1547,1590 1609,1588 1672,1587 1734,1585 1797,1583"/>
                <TextEquiv>
                    <Unicode>dichterischen Erfindung klar vorzulegen. Er hat die Linien ver¬</Unicode>
                </TextEquiv>
            </TextLine>
            <TextLine id="r1l13" custom="readingOrder {index:12;}">
                <Coords points="529,1670 3415,1598 528,1620"/>
                <Baseline points="548,1658 690,1655 832,1653 975,1650 1117,1648 1259,1645 1402,1642 1544,1639 1686,1636 1829,1633 1971,1629 2113,1626 2256,1622 2398,1618 2540,1614 2683,1610 2825,1605 2967,1601 3110,1596 3252,1591 3395,1585"/>
                <TextEquiv>
                    <Unicode>wischt, die Farben grau in Grau gehalten und von dem durch die Jahren zu begleichen hat, erst wieder in sieben Jahren wird zu rufen. Norwegisch</Unicode>
                </TextEquiv>
            </TextLine>
            <TextLine id="r1l14" custom="readingOrder {index:13;}">
                <Coords points="3045,1656 3199,1655 3263,1639 3296,1656 3310,1642 3385,1647 3424,1635 3422,1578 3348,1605 3326,1595 3226,1601 3204,1584 3122,1611 3108,1601 3044,1606"/>
                <Baseline points="3061,1645 3087,1644 3114,1644 3140,1644 3167,1644 3194,1643 3220,1643 3247,1642 3273,1642 3300,1641 3327,1639 3353,1638 3380,1636 3407,1633"/>
                <TextEquiv>
                    <Unicode>bindende Verab</Unicode>
                </TextEquiv>
            </TextLine>
            <TextLine id="r1l15" custom="readingOrder {index:14;}">
                <Coords points="1806,1688 1957,1705 1981,1683 2036,1704 2096,1684 2436,1676 2479,1668 2478,1618 1912,1635 1804,1616"/>
                <Baseline points="1823,1676 1854,1676 1886,1676 1918,1676 1950,1675 1982,1675 2014,1675 2046,1674 2078,1673 2110,1673 2142,1672 2173,1671 2205,1670 2237,1669 2269,1668 2301,1667 2333,1666 2365,1665 2397,1664 2429,1663 2461,1662"/>
                <TextEquiv>
                    <Unicode>Durand frühstücken gehen können.</Unicode>
                </TextEquiv>
            </TextLine>
            <TextLine id="r1l16" custom="readingOrder {index:15;}">
                <Coords points="3041,1706 3420,1688 3418,1638 3311,1642 3290,1654 3246,1627 3204,1654 3039,1653"/>
                <Baseline points="3057,1694 3083,1693 3110,1693 3136,1692 3163,1691 3190,1690 3216,1690 3243,1688 3269,1687 3296,1686 3323,1685 3349,1683 3376,1682 3403,1681"/>
                <TextEquiv>
                    <Unicode>Reederei in Tron</Unicode>
                </TextEquiv>
            </TextLine>
            <TextLine id="r1l17" custom="readingOrder {index:16;}">
                <Coords points="527,1723 1791,1696 1816,1649 527,1662"/>
                <Baseline points="545,1707 607,1704 670,1702 732,1700 795,1699 858,1698 920,1697 983,1697 1045,1697 1108,1697 1171,1697 1233,1696 1296,1696 1358,1696 1421,1695 1484,1694 1546,1693 1609,1691 1671,1688 1734,1685 1797,1681"/>
                <TextEquiv>
                    <Unicode>skandinavischen Dichter eingesetzten Rechte, sich um das, was man</Unicode>
                </TextEquiv>
            </TextLine>
            <TextLine id="r1l18" custom="readingOrder {index:17;}">
                <Coords points="3052,1750 3130,1744 3152,1757 3187,1742 3213,1752 3234,1733 3256,1750 3342,1743 3356,1757 3384,1738 3421,1748 3418,1680 3340,1700 3232,1686 3208,1702 3050,1693"/>
                <Baseline points="3069,1743 3094,1742 3120,1741 3145,1740 3171,1739 3196,1739 3222,1739 3247,1738 3273,1737 3298,1736 3324,1735 3349,1734 3375,1731 3401,1728"/>
                <TextEquiv>
                    <Unicode>früheren Polarsah</Unicode>
                </TextEquiv>
            </TextLine>
            <TextLine id="r1l19" custom="readingOrder {index:18;}">
                <Coords points="528,1756 1828,1753 1826,1674 527,1706"/>
                <Baseline points="547,1756 610,1755 673,1753 736,1751 799,1750 862,1749 925,1748 988,1747 1051,1746 1114,1745 1178,1744 1241,1743 1304,1742 1367,1740 1430,1739 1493,1738 1556,1737 1619,1735 1682,1734 1745,1732 1809,1730"/>
                <TextEquiv>
                    <Unicode>nicht frei heraus sagen darf, mit Andeutungen herumzubrücken,</Unicode>
                </TextEquiv>
            </TextLine>
            <TextLine id="r1l20" custom="readingOrder {index:19;}">
                <Coords points="3053,1806 3095,1793 3117,1803 3153,1792 3178,1805 3207,1793 3314,1790 3343,1803 3364,1785 3407,1791 3405,1737 3359,1756 3345,1742 3320,1750 3298,1740 3169,1744 3155,1759 3133,1746 3051,1748"/>
                <Baseline points="3071,1791 3097,1790 3123,1790 3150,1790 3176,1790 3203,1789 3229,1789 3255,1788 3282,1787 3308,1786 3335,1784 3361,1782 3388,1778"/>
                <TextEquiv>
                    <Unicode>und Baldwins</Unicode>
                </TextEquiv>
            </TextLine>
            <TextLine id="r1l21" custom="readingOrder {index:20;}">
                <Coords points="538,1822 638,1813 663,1827 710,1811 771,1824 813,1805 878,1818 931,1799 931,1760 898,1750 737,1750 673,1766 537,1758"/>
                <Baseline points="557,1796 582,1797 607,1798 633,1798 658,1797 684,1797 709,1796 735,1796 760,1795 785,1793 811,1793 836,1792 862,1792 887,1791 913,1791"/>
                <TextEquiv>
                    <Unicode>Gebrauch gemacht.</Unicode>
                </TextEquiv>
            </TextLine>
            <TextLine id="r1l22" custom="readingOrder {index:21;}">
                <Coords points="3050,1842 3201,1850 3236,1841 3265,1854 3286,1839 3422,1837 3420,1790 3381,1785 3342,1801 3313,1791 3181,1804 3152,1791 3091,1793 3049,1810"/>
                <Baseline points="3067,1838 3092,1839 3118,1839 3144,1839 3170,1839 3196,1838 3222,1838 3247,1837 3273,1836 3299,1833 3325,1831 3351,1829 3377,1827 3403,1824"/>
                <TextEquiv>
                    <Unicode>Das genaunte </Unicode>
                </TextEquiv>
            </TextLine>
            <TextLine id="r1l23" custom="readingOrder {index:22;}">
                <Coords points="1823,1879 3069,1849 3065,1702 2941,1741 1820,1754"/>
                <Baseline points="1841,1854 1901,1853 1961,1852 2022,1850 2082,1849 2143,1847 2203,1846 2263,1844 2324,1843 2384,1841 2445,1840 2505,1838 2565,1836 2626,1835 2686,1833 2747,1832 2807,1831 2867,1830 2928,1828 2988,1827 3049,1826"/>
                <TextEquiv>
                    <Unicode>Im Luftballon zum Nordpol;</Unicode>
                </TextEquiv>
            </TextLine>
            <TextLine id="r1l24" custom="readingOrder {index:23;}">
                <Coords points="654,1863 1778,1866 1828,1836 1827,1779 653,1816"/>
                <Baseline points="670,1857 729,1857 789,1856 849,1856 909,1856 969,1855 1029,1854 1089,1853 1149,1852 1209,1851 1269,1850 1329,1848 1389,1847 1449,1846 1509,1845 1569,1844 1629,1843 1689,1842 1749,1841 1809,1841"/>
                <TextEquiv>
                    <Unicode>Seine Künstlerschaft ist auch in diesem Verfahren, mit dem</Unicode>
                </TextEquiv>
            </TextLine>
            <TextLine id="r1l25" custom="readingOrder {index:24;}">
                <Coords points="3046,1893 3236,1897 3275,1884 3337,1893 3347,1881 3393,1880 3392,1844 3288,1837 3263,1856 3159,1839 3044,1840"/>
                <Baseline points="3065,1887 3090,1888 3116,1888 3142,1888 3168,1888 3194,1887 3220,1886 3245,1884 3271,1883 3297,1881 3323,1880 3349,1878 3375,1876"/>
                <TextEquiv>
                    <Unicode>Rechnung der</Unicode>
                </TextEquiv>
            </TextLine>
            <TextLine id="r1l26" custom="readingOrder {index:25;}">
                <Coords points="540,1920 784,1933 1045,1902 1199,1924 1435,1894 1434,1852 1356,1850 539,1873"/>
                <Baseline points="557,1909 600,1908 643,1908 686,1907 729,1906 772,1905 815,1905 858,1904 901,1903 944,1902 987,1901 1030,1900 1073,1899 1116,1898 1159,1897 1202,1896 1245,1895 1288,1895 1331,1894 1374,1893 1417,1893"/>
                <TextEquiv>
                    <Unicode>ich mich nicht befreunden kann, unverkennbar.</Unicode>
                </TextEquiv>
            </TextLine>
            <TextLine id="r1l27" custom="readingOrder {index:26;}">
                <Coords points="1810,1929 3006,1907 3005,1850 2940,1844 1809,1861"/>
                <Baseline points="1827,1920 1885,1919 1943,1917 2001,1916 2059,1914 2117,1913 2175,1912 2233,1911 2291,1910 2349,1909 2407,1908 2465,1907 2523,1906 2581,1905 2639,1904 2697,1902 2755,1901 2813,1899 2871,1898 2929,1895 2987,1893"/>
                <TextEquiv>
                    <Unicode>Andrées Schicksal. — Die wissenschaftliche Abronantik.</Unicode>
                </TextEquiv>
            </TextLine>
            <TextLine id="r1l28" custom="readingOrder {index:27;}">
                <Coords points="2997,1939 3105,1947 3133,1936 3152,1950 3287,1932 3409,1937 3408,1883 3090,1898 3042,1866 2996,1871"/>
                <Baseline points="3015,1935 3040,1935 3065,1934 3090,1934 3115,1934 3140,1933 3165,1933 3190,1933 3215,1932 3240,1932 3265,1931 3290,1930 3315,1929 3340,1928 3365,1927 3391,1925"/>
                <TextEquiv>
                    <Unicode>am es scheint sonach</Unicode>
                </TextEquiv>
            </TextLine>
            <TextLine id="r1l29" custom="readingOrder {index:28;}">
                <Coords points="2495,1945 2606,1954 2721,1935 2750,1950 2871,1945 2900,1959 2946,1944 2993,1958 2992,1887 2735,1892 2495,1919"/>
                <Baseline points="2512,1944 2537,1943 2563,1941 2589,1941 2614,1940 2640,1939 2666,1939 2692,1939 2717,1939 2743,1939 2769,1939 2794,1939 2820,1939 2846,1939 2872,1939 2897,1939 2923,1938 2949,1938 2975,1937"/>
                <TextEquiv>
                    <Unicode>Drahtlose Telegraphie</Unicode>
                </TextEquiv>
            </TextLine>
            <TextLine id="r1l30" custom="readingOrder {index:29;}">
                <Coords points="1811,1964 2101,1976 2133,1954 2201,1964 2226,1942 2248,1959 2434,1963 2433,1909 2057,1927 1810,1914"/>
                <Baseline points="1829,1953 1858,1954 1887,1955 1916,1955 1946,1954 1975,1954 2004,1954 2034,1953 2063,1952 2092,1952 2122,1951 2151,1950 2180,1949 2209,1948 2239,1947 2268,1947 2297,1946 2327,1946 2356,1946 2385,1946 2415,1946"/>
                <TextEquiv>
                    <Unicode>Wellmans neuester Versuch.</Unicode>
                </TextEquiv>
            </TextLine>
            <TextLine id="r1l31" custom="readingOrder {index:30;}">
                <Coords points="648,1969 1543,1942 1719,1971 1812,1951 1811,1883 647,1930"/>
                <Baseline points="667,1962 723,1963 779,1963 836,1963 892,1963 949,1962 1005,1962 1061,1961 1118,1960 1174,1959 1231,1957 1287,1956 1343,1955 1400,1954 1456,1952 1513,1951 1569,1949 1625,1948 1682,1947 1738,1946 1795,1945"/>
                <TextEquiv>
                    <Unicode>Auch in der Verschlingung und Entwirrung der psycholo¬</Unicode>
                </TextEquiv>
            </TextLine>
            <TextLine id="r1l32" custom="readingOrder {index:31;}">
                <Coords points="3058,2005 3151,1981 3169,1999 3276,1981 3291,1992 3380,1982 3412,1992 3411,1924 3279,1942 3164,1938 3153,1949 3124,1935 3056,1941"/>
                <Baseline points="3077,1983 3103,1982 3129,1982 3156,1981 3182,1981 3208,1981 3235,1980 3261,1979 3287,1979 3314,1978 3340,1977 3366,1975 3393,1973"/>
                <TextEquiv>
                    <Unicode>des phantastischen</Unicode>
                </TextEquiv>
            </TextLine>
            <TextLine id="r1l33" custom="readingOrder {index:32;}">
                <Coords points="2089,1989 2859,1998 2916,1971 2915,1925 2604,1951 2470,1918 2421,1948 2088,1964"/>
                <Baseline points="2106,1996 2145,1995 2185,1993 2225,1993 2264,1991 2304,1990 2344,1989 2383,1988 2423,1986 2463,1985 2503,1984 2542,1983 2582,1982 2622,1981 2661,1980 2701,1979 2741,1979 2780,1978 2820,1978 2860,1977 2900,1977"/>
                <TextEquiv>
                    <Unicode>Die Gefahren der Eisnadelbildungen.</Unicode>
                </TextEquiv>
            </TextLine>
            <TextLine id="r1l34" custom="readingOrder {index:33;}">
                <Coords points="1820,2003 2028,1998 2027,1965 2009,1966 1988,1952 1956,1964 1927,1964 1902,1954 1877,1969 1819,1964"/>
                <Baseline points="1840,1998 1868,1998 1897,1998 1925,1997 1954,1995 1982,1995 2011,1995"/>
                <TextEquiv>
                    <Unicode>Nordpol.</Unicode>
                </TextEquiv>
            </TextLine>
            <TextLine id="r1l35" custom="readingOrder {index:34;}">
                <Coords points="528,2028 1821,2008 1820,1947 527,1975"/>
                <Baseline points="547,2021 609,2020 672,2018 735,2017 798,2016 860,2015 923,2013 986,2012 1049,2011 1111,2009 1174,2008 1237,2007 1300,2006 1362,2005 1425,2004 1488,2003 1551,2002 1613,2001 1676,2000 1739,1999 1802,1998"/>
                <TextEquiv>
                    <Unicode>gischen Fäden zeigt sich sein seines dichterisches Empfinden, das</Unicode>
                </TextEquiv>
            </TextLine>
            <TextLine id="r1l36" custom="readingOrder {index:35;}">
                <Coords points="1814,2068 2247,2058 2350,2020 3006,2048 3067,2028 3066,1982 2943,1942 2858,1987 2160,1999 2066,1965 1812,2000"/>
                <Baseline points="1830,2040 1890,2039 1951,2037 2012,2036 2073,2034 2134,2033 2195,2032 2255,2030 2316,2029 2377,2028 2438,2026 2499,2025 2560,2024 2621,2022 2681,2021 2742,2019 2803,2018 2864,2016 2925,2015 2986,2013 3047,2011"/>
                <TextEquiv>
                    <Unicode>Nordseite von Spitzbergen als Ausgangspunkt.— Wellman</Unicode>
                </TextEquiv>
            </TextLine>
            <TextLine id="r1l37" custom="readingOrder {index:36;}">
                <Coords points="3048,2065 3069,2064 3094,2039 3323,2038 3405,2022 3404,1982 3344,1991 3268,1981 3172,2001 3154,1984 3089,1992 3071,1975 3046,1979"/>
                <Baseline points="3065,2033 3091,2031 3118,2030 3145,2029 3172,2029 3199,2029 3226,2029 3252,2029 3279,2029 3306,2028 3333,2027 3360,2025 3387,2021"/>
                <TextEquiv>
                    <Unicode>nicht realisierbar</Unicode>
                </TextEquiv>
            </TextLine>
            <TextLine id="r1l38" custom="readingOrder {index:37;}">
                <Coords points="544,2071 1737,2063 1826,2050 1825,1996 543,2031"/>
                <Baseline points="562,2069 624,2067 686,2065 748,2063 811,2062 873,2060 935,2059 997,2058 1060,2058 1122,2057 1184,2056 1246,2055 1309,2054 1371,2053 1433,2052 1495,2051 1558,2049 1620,2048 1682,2046 1744,2043 1807,2041"/>
                <TextEquiv>
                    <Unicode>mit erstaunlicher Keckheit gepaari ist. Dieser unausgesprochene</Unicode>
                </TextEquiv>
            </TextLine>
            <TextLine id="r1l39" custom="readingOrder {index:38;}">
                <Coords points="2249,2082 2603,2073 2653,2058 2652,2011 2391,2034 2362,2020 2248,2029"/>
                <Baseline points="2265,2063 2291,2064 2317,2065 2344,2066 2370,2066 2397,2066 2423,2065 2450,2064 2476,2064 2502,2063 2529,2062 2555,2061 2582,2060 2608,2060 2635,2059"/>
                <TextEquiv>
                    <Unicode>rüstet zur Fahrt.</Unicode>
                </TextEquiv>
            </TextLine>
            <TextLine id="r1l40" custom="readingOrder {index:39;}">
                <Coords points="3051,2096 3101,2083 3187,2084 3216,2097 3255,2078 3316,2090 3412,2079 3410,2026 3389,2023 3049,2042"/>
                <Baseline points="3067,2083 3092,2083 3117,2082 3142,2082 3167,2081 3193,2080 3218,2079 3243,2078 3268,2076 3294,2076 3319,2075 3344,2074 3369,2073 3395,2072"/>
                <TextEquiv>
                    <Unicode>erneut in Angriff</Unicode>
                </TextEquiv>
            </TextLine>
            <TextLine id="r1l41" custom="readingOrder {index:40;}">
                <Coords points="539,2106 1825,2107 1824,2049 538,2060"/>
                <Baseline points="556,2115 618,2114 681,2113 743,2112 806,2111 869,2110 931,2109 994,2107 1056,2106 1119,2105 1182,2104 1244,2103 1307,2102 1369,2101 1432,2099 1495,2098 1557,2096 1620,2095 1682,2094 1745,2092 1808,2090"/>
                <TextEquiv>
                    <Unicode>Bund zwischen dem Arzt und dem Mädchen zur Beseitigung des</Unicode>
                </TextEquiv>
            </TextLine>
            <TextLine id="r1l42" custom="readingOrder {index:41;}">
                <Coords points="2388,2120 3413,2127 3413,2084 3026,2080 2862,2042 2389,2077"/>
                <Baseline points="2405,2120 2454,2118 2504,2116 2553,2114 2603,2113 2652,2113 2702,2112 2751,2112 2801,2113 2850,2113 2900,2114 2949,2115 2999,2116 3048,2117 3098,2118 3147,2120 3197,2121 3246,2122 3296,2124 3345,2125 3395,2126"/>
                <TextEquiv>
                    <Unicode>Stockholm, Ende Februar.; setzung, daß der</Unicode>
                </TextEquiv>
            </TextLine>
            <TextLine id="r1l43" custom="readingOrder {index:42;}">
                <Coords points="536,2167 1785,2152 1824,2097 534,2106"/>
                <Baseline points="555,2163 617,2161 680,2160 742,2158 805,2156 867,2155 930,2154 992,2153 1055,2153 1117,2152 1180,2150 1242,2149 1305,2148 1367,2147 1430,2146 1492,2144 1555,2143 1617,2141 1680,2138 1742,2136 1805,2133"/>
                <TextEquiv>
                    <Unicode> unnützen und schädlichen Vaters, diese von aller phrasenhaften Be¬</Unicode>
                </TextEquiv>
            </TextLine>
            <TextLine id="r1l44" custom="readingOrder {index:43;}">
                <Coords points="1921,2181 3081,2165 3080,2104 1920,2110"/>
                <Baseline points="1937,2173 1993,2174 2049,2174 2106,2174 2162,2173 2218,2173 2275,2171 2331,2171 2387,2170 2444,2168 2500,2167 2556,2165 2613,2164 2669,2163 2725,2162 2782,2161 2838,2160 2894,2160 2951,2159 3007,2159 3064,2159"/>
                <TextEquiv>
                    <Unicode>Gleichwie vor einigen Wochen Mr. Markham, der Präsideit</Unicode>
                </TextEquiv>
            </TextLine>
            <TextLine id="r1l45" custom="readingOrder {index:44;}">
                <Coords points="3062,2185 3180,2189 3215,2177 3237,2187 3276,2168 3417,2196 3415,2125 3307,2124 3286,2139 3228,2123 3060,2134"/>
                <Baseline points="3078,2178 3104,2177 3131,2176 3157,2176 3184,2175 3210,2174 3237,2173 3264,2172 3290,2172 3317,2171 3343,2171 3370,2170 3397,2169"/>
                <TextEquiv>
                    <Unicode>Ergebnisse abläuf</Unicode>
                </TextEquiv>
            </TextLine>
            <TextLine id="r1l46" custom="readingOrder {index:45;}">
                <Coords points="550,2212 1796,2204 1828,2135 549,2169"/>
                <Baseline points="569,2207 631,2207 693,2206 755,2206 817,2205 879,2205 941,2204 1003,2203 1065,2203 1127,2202 1190,2201 1252,2200 1314,2199 1376,2198 1438,2197 1500,2196 1562,2194 1624,2192 1686,2191 1748,2189 1811,2187"/>
                <TextEquiv>
                    <Unicode>schönigung freie Auflehnung gegen unser Sitten= und Strafgesetz</Unicode>
                </TextEquiv>
            </TextLine>
            <TextLine id="r1l47" custom="readingOrder {index:46;}">
                <Coords points="1815,2229 3061,2219 3064,2161 1813,2161"/>
                <Baseline points="1833,2225 1893,2225 1954,2225 2014,2224 2075,2224 2136,2223 2196,2223 2257,2222 2317,2221 2378,2219 2439,2218 2499,2217 2560,2216 2620,2215 2681,2214 2742,2212 2802,2211 2863,2210 2923,2208 2984,2207 3045,2206"/>
                <TextEquiv>
                    <Unicode>der Londoner Geographischen Gesellschaft, beginnen nunmehr auch</Unicode>
                </TextEquiv>
            </TextLine>
            <TextLine id="r1l48" custom="readingOrder {index:47;}">
                <Coords points="3067,2251 3113,2241 3157,2249 3177,2237 3235,2249 3267,2229 3320,2230 3339,2247 3360,2227 3374,2234 3391,2215 3416,2214 3414,2174 3386,2187 3274,2168 3243,2184 3063,2183"/>
                <Baseline points="3085,2229 3111,2231 3137,2231 3163,2231 3189,2230 3215,2228 3241,2226 3267,2224 3293,2222 3319,2220 3345,2218 3371,2218 3397,2217"/>
                <TextEquiv>
                    <Unicode>schen Expedition</Unicode>
                </TextEquiv>
            </TextLine>
            <TextLine id="r1l49" custom="readingOrder {index:48;}">
                <Coords points="553,2271 1825,2253 1824,2199 1755,2193 552,2213"/>
                <Baseline points="571,2260 632,2258 694,2257 756,2256 818,2254 880,2253 942,2252 1003,2251 1065,2250 1127,2249 1189,2248 1251,2247 1313,2245 1375,2244 1436,2243 1498,2242 1560,2241 1622,2239 1684,2237 1746,2235 1808,2234"/>
                <TextEquiv>
                    <Unicode>ist eine Vermessenheit, die einem Geringeren böse angekreidet</Unicode>
                </TextEquiv>
            </TextLine>
            <TextLine id="r1l50" custom="readingOrder {index:49;}">
                <Coords points="1815,2282 3064,2253 3063,2210 2977,2208 1814,2231"/>
                <Baseline points="1834,2276 1894,2275 1955,2275 2016,2275 2076,2274 2137,2273 2198,2272 2258,2271 2319,2270 2380,2268 2441,2267 2501,2265 2562,2264 2623,2262 2683,2261 2744,2260 2805,2259 2865,2257 2926,2256 2987,2255 3048,2255"/>
                <TextEquiv>
                    <Unicode>die berufenen Vertreter der skandinavischen Polarforschung ein¬</Unicode>
                </TextEquiv>
            </TextLine>
            <TextLine id="r1l51" custom="readingOrder {index:50;}">
                <Coords points="544,2312 569,2312 591,2329 659,2320 677,2334 694,2316 730,2330 763,2329 784,2314 809,2331 845,2309 873,2312 872,2258 543,2266"/>
                <Baseline points="561,2308 587,2307 614,2307 641,2306 667,2305 694,2305 721,2304 748,2304 774,2303 801,2302 828,2302 855,2301"/>
                <TextEquiv>
                    <Unicode>werden würde.</Unicode>
                </TextEquiv>
            </TextLine>
            <TextLine id="r1l52" custom="readingOrder {index:51;}">
                <Coords points="1810,2345 2232,2344 2289,2307 2973,2326 3066,2309 3065,2252 1808,2281"/>
                <Baseline points="1826,2325 1887,2325 1948,2324 2009,2324 2070,2323 2131,2322 2192,2321 2253,2319 2314,2318 2375,2317 2437,2315 2498,2314 2559,2312 2620,2311 2681,2309 2742,2308 2803,2307 2864,2306 2925,2305 2986,2304 3048,2304"/>
                <TextEquiv>
                    <Unicode>dringlich ihre Stimme zu erheben, um die Durchführung des</Unicode>
                </TextEquiv>
            </TextLine>
            <TextLine id="r1l53" custom="readingOrder {index:52;}">
                <Coords points="662,2380 3075,2378 3086,2306 661,2320"/>
                <Baseline points="680,2377 799,2372 918,2369 1038,2367 1157,2366 1276,2365 1396,2364 1515,2364 1634,2364 1754,2365 1873,2365 1992,2365 2112,2365 2231,2365 2350,2364 2470,2363 2589,2361 2708,2358 2828,2355 2947,2350 3067,2344"/>
                <TextEquiv>
                    <Unicode>In der Darstellung stand nach meiner Meinung, die übrigens neuesten, von den beiden Amerikanern Wellman und</Unicode>
                </TextEquiv>
            </TextLine>
            <TextLine id="r1l54" custom="readingOrder {index:53;}">
                <Coords points="555,2431 3073,2402 555,2356"/>
                <Baseline points="574,2427 698,2423 822,2420 946,2417 1070,2415 1194,2413 1318,2413 1442,2412 1566,2412 1690,2412 1814,2412 1938,2412 2062,2412 2186,2412 2310,2412 2434,2411 2558,2409 2682,2407 2806,2404 2930,2400 3055,2395"/>
                <TextEquiv>
                    <Unicode>von vielen nicht geteilt wird, Albert Bassermann Santos Dumont ersonnenen Polarprogramms zu inhibieren.</Unicode>
                </TextEquiv>
            </TextLine>
            <TextLine id="r1l55" custom="readingOrder {index:54;}">
                <Coords points="553,2493 3178,2484 3321,2473 3321,2398 553,2433"/>
                <Baseline points="569,2469 705,2469 842,2469 979,2468 1115,2467 1252,2466 1389,2465 1525,2464 1662,2462 1799,2461 1936,2460 2072,2459 2209,2458 2346,2458 2482,2457 2619,2457 2756,2457 2892,2458 3029,2458 3166,2460 3303,2461"/>
                <TextEquiv>
                    <Unicode>als Oberst obenan — mit wenigen diskreten, aber festen Strichen Andrées Schicksal, so äußert sich ein hervorragender schwedischer (Der neueste</Unicode>
                </TextEquiv>
            </TextLine>
            <TextLine id="r1l56" custom="readingOrder {index:55;}">
                <Coords points="1822,2528 2470,2487 3373,2519 3372,2472 3046,2450 1822,2470"/>
                <Baseline points="1840,2516 1915,2515 1991,2514 2067,2513 2142,2512 2218,2510 2294,2509 2369,2507 2445,2506 2521,2504 2597,2503 2672,2502 2748,2502 2824,2501 2899,2501 2975,2501 3051,2502 3126,2503 3202,2504 3278,2507 3354,2510"/>
                <TextEquiv>
                    <Unicode>Arktiker im „Svenska Dagbladet“, haftet noch in so frischer Er= Dieb, Fälscher un</Unicode>
                </TextEquiv>
            </TextLine>
            <TextLine id="r1l57" custom="readingOrder {index:56;}">
                <Coords points="551,2542 1836,2504 1835,2454 550,2481"/>
                <Baseline points="569,2525 631,2523 694,2522 756,2520 819,2519 881,2518 944,2517 1006,2516 1069,2515 1131,2514 1194,2514 1256,2513 1319,2512 1381,2512 1444,2511 1506,2510 1569,2509 1631,2508 1694,2506 1756,2504 1819,2503"/>
                <TextEquiv>
                    <Unicode>ein fertiges Bild, im Glanze einer hohen Stellung innerlich zer¬</Unicode>
                </TextEquiv>
            </TextLine>
            <TextLine id="r1l58" custom="readingOrder {index:57;}">
                <Coords points="1827,2580 3396,2575 3395,2514 3323,2511 1827,2523"/>
                <Baseline points="1846,2566 1922,2565 1999,2563 2075,2561 2152,2560 2228,2558 2305,2557 2381,2556 2458,2555 2534,2554 2611,2553 2687,2552 2764,2551 2840,2550 2917,2549 2993,2549 3070,2548 3146,2548 3223,2547 3299,2547 3376,2547"/>
                <TextEquiv>
                    <Unicode>innerung und die Hinfälligkeit der theoretischen Voraussetzungen, Seine Jugend. —</Unicode>
                </TextEquiv>
            </TextLine>
            <TextLine id="r1l59" custom="readingOrder {index:58;}">
                <Coords points="559,2575 1723,2565 1830,2555 1829,2498 558,2542"/>
                <Baseline points="578,2574 639,2572 701,2571 763,2569 825,2568 886,2567 948,2565 1010,2564 1072,2563 1133,2562 1195,2561 1257,2560 1319,2558 1380,2557 1442,2556 1504,2555 1566,2553 1627,2552 1689,2550 1751,2548 1813,2546"/>
                <TextEquiv>
                    <Unicode>wühlt und zerrüttet, ein wahrhafter Mensch, zum elenden</Unicode>
                </TextEquiv>
            </TextLine>
            <TextLine id="r1l60" custom="readingOrder {index:59;}">
                <Coords points="1824,2623 3056,2610 3083,2552 1823,2572"/>
                <Baseline points="1842,2615 1903,2614 1964,2612 2025,2611 2086,2610 2147,2609 2208,2608 2270,2607 2331,2606 2392,2605 2453,2604 2514,2602 2575,2601 2636,2600 2698,2599 2759,2598 2820,2597 2881,2595 2942,2593 3003,2592 3065,2590"/>
                <TextEquiv>
                    <Unicode>auf denen der unglückliche Leiter der „Oernen"=Expedition die</Unicode>
                </TextEquiv>
            </TextLine>
            <TextLine id="r1l61" custom="readingOrder {index:60;}">
                <Coords points="561,2637 1832,2609 1831,2552 560,2572"/>
                <Baseline points="578,2623 639,2621 701,2619 763,2617 825,2615 886,2614 948,2613 1010,2612 1072,2611 1133,2610 1195,2609 1257,2609 1319,2608 1380,2607 1442,2606 1504,2605 1566,2603 1627,2602 1689,2600 1751,2598 1813,2596"/>
                <TextEquiv>
                    <Unicode>Komödiantentum verurteilt, schweigsam leidend, mit eisiger Ge¬</Unicode>
                </TextEquiv>
            </TextLine>
            <TextLine id="r1l62" custom="readingOrder {index:61;}">
                <Coords points="3165,2648 3208,2649 3219,2641 3251,2649 3258,2642 3290,2660 3308,2642 3334,2639 3416,2650 3416,2575 3384,2571 3345,2582 3327,2574 3287,2585 3262,2570 3212,2581 3166,2573"/>
                <Baseline points="3182,2631 3209,2633 3236,2635 3263,2636 3290,2636 3317,2636 3344,2635 3371,2635 3398,2633"/>
                <TextEquiv>
                    <Unicode>Das Men</Unicode>
                </TextEquiv>
            </TextLine>
            <TextLine id="r1l63" custom="readingOrder {index:62;}">
                <Coords points="1832,2675 3035,2653 3088,2592 1831,2621"/>
                <Baseline points="1850,2665 1911,2662 1972,2660 2033,2658 2094,2657 2155,2656 2216,2654 2277,2653 2338,2653 2399,2652 2460,2651 2521,2651 2582,2650 2643,2649 2704,2648 2765,2647 2826,2646 2887,2644 2948,2642 3009,2640 3070,2637"/>
                <TextEquiv>
                    <Unicode>Möglichkeit eines konkreten Erfolges aufbauen zu können ver¬</Unicode>
                </TextEquiv>
            </TextLine>
            <TextLine id="r1l64" custom="readingOrder {index:63;}">
                <Coords points="560,2689 1781,2661 1830,2649 1830,2606 1084,2593 559,2632"/>
                <Baseline points="578,2673 639,2670 701,2668 763,2666 824,2664 886,2662 948,2660 1009,2659 1071,2657 1133,2655 1195,2654 1256,2653 1318,2652 1380,2651 1441,2650 1503,2649 1565,2649 1626,2648 1688,2648 1750,2648 1812,2648"/>
                <TextEquiv>
                    <Unicode>lassenheit zum Aeußersten entschlossen. Es wurde überhaupt in den</Unicode>
                </TextEquiv>
            </TextLine>
            <TextLine id="r1l65" custom="readingOrder {index:64;}">
                <Coords points="1825,2714 3415,2696 3414,2649 3127,2619 1824,2667"/>
                <Baseline points="1844,2714 1921,2712 1999,2710 2076,2709 2154,2707 2232,2705 2309,2703 2387,2702 2464,2700 2542,2699 2620,2697 2697,2696 2775,2694 2852,2693 2930,2691 3008,2689 3085,2688 3163,2687 3240,2685 3318,2683 3396,2682"/>
                <TextEquiv>
                    <Unicode>meinte, ist schon so oft und überzeugend von erfahrenen Wissen= zu werden. Vor</Unicode>
                </TextEquiv>
            </TextLine>
            <TextLine id="r1l66" custom="readingOrder {index:65;}">
                <Coords points="562,2718 1823,2702 1822,2652 1746,2643 561,2668"/>
                <Baseline points="580,2721 641,2719 702,2717 763,2715 824,2713 886,2712 947,2710 1008,2709 1069,2707 1130,2706 1192,2704 1253,2703 1314,2702 1375,2701 1436,2700 1498,2699 1559,2698 1620,2697 1681,2696 1742,2696 1804,2695"/>
                <TextEquiv>
                    <Unicode>Hauptrollen gut gespielt: Irene Triesch (Marie), Hans</Unicode>
                </TextEquiv>
            </TextLine>
            <TextLine id="r1l67" custom="readingOrder {index:66;}">
                <Coords points="1832,2769 3315,2750 3418,2723 3418,2676 1832,2719"/>
                <Baseline points="1849,2758 1926,2757 2004,2756 2081,2755 2159,2754 2236,2753 2314,2751 2391,2750 2469,2749 2546,2748 2624,2746 2701,2745 2779,2744 2856,2742 2934,2741 3011,2739 3089,2738 3166,2736 3244,2734 3321,2732 3399,2731"/>
                <TextEquiv>
                    <Unicode>schaftlern und Technikern nachgewiesen worden, daß es in der der Fürst der D</Unicode>
                </TextEquiv>
            </TextLine>
            <TextLine id="r1l68" custom="readingOrder {index:67;}">
                <Coords points="554,2783 1840,2746 1817,2700 1133,2689 553,2733"/>
                <Baseline points="572,2770 634,2768 696,2766 759,2764 821,2762 884,2760 946,2758 1008,2757 1071,2755 1133,2753 1196,2752 1258,2750 1320,2750 1383,2748 1445,2747 1508,2747 1570,2746 1632,2746 1695,2746 1757,2746 1820,2746"/>
                <TextEquiv>
                    <Unicode>Marr (der alte Moser), Emanuel Reicher (Arzt). Kurt</Unicode>
                </TextEquiv>
            </TextLine>
            <TextLine id="r1l69" custom="readingOrder {index:68;}">
                <Coords points="1833,2816 3412,2785 3411,2735 1832,2762"/>
                <Baseline points="1849,2805 1926,2805 2003,2804 2080,2803 2157,2802 2234,2801 2311,2800 2389,2799 2466,2797 2543,2796 2620,2795 2697,2793 2774,2792 2851,2790 2929,2789 3006,2787 3083,2786 3160,2784 3237,2783 3314,2781 3392,2779"/>
                <TextEquiv>
                    <Unicode>Tat Verwunderung erregen muß wenn man vernimmt, daß ein in denen er alle</Unicode>
                </TextEquiv>
            </TextLine>
            <TextLine id="r1l70" custom="readingOrder {index:69;}">
                <Coords points="562,2812 1834,2797 1833,2747 1689,2742 562,2773"/>
                <Baseline points="580,2813 641,2812 703,2811 765,2809 827,2808 888,2807 950,2806 1012,2805 1074,2803 1135,2802 1197,2801 1259,2800 1321,2799 1382,2798 1444,2797 1506,2796 1568,2795 1629,2794 1691,2793 1753,2792 1815,2791"/>
                <TextEquiv>
                    <Unicode>Stieler (Max) müssen mit warmer Anerkennung genannt</Unicode>
                </TextEquiv>
            </TextLine>
            <TextLine id="r1l71" custom="readingOrder {index:70;}">
                <Coords points="1827,2865 2945,2871 3353,2849 3413,2783 1826,2812"/>
                <Baseline points="1847,2861 1924,2857 2001,2853 2079,2851 2156,2849 2233,2847 2311,2845 2388,2844 2465,2843 2543,2842 2620,2841 2697,2841 2775,2840 2852,2839 2929,2838 3007,2837 3084,2835 3161,2834 3239,2831 3316,2828 3394,2825"/>
                <TextEquiv>
                    <Unicode>„Entdeckungsfahrer“ von den Qualitäten Mr. Wellmans sich auf Der Chicagoer B</Unicode>
                </TextEquiv>
            </TextLine>
            <TextLine id="r1l72" custom="readingOrder {index:71;}">
                <Coords points="561,2867 1850,2840 1824,2794 560,2813"/>
                <Baseline points="578,2870 640,2867 703,2865 766,2862 829,2860 892,2858 954,2855 1017,2854 1080,2852 1143,2851 1206,2849 1268,2848 1331,2847 1394,2846 1457,2845 1520,2844 1582,2843 1645,2842 1708,2841 1771,2840 1834,2838"/>
                <TextEquiv>
                    <Unicode>werden. Mit besonderer auch Else Lehmann, die in</Unicode>
                </TextEquiv>
            </TextLine>
            <TextLine id="r1l73" custom="readingOrder {index:72;}">
                <Coords points="3072,2885 3140,2895 3162,2884 3190,2894 3219,2883 3241,2894 3251,2886 3298,2893 3341,2878 3362,2888 3402,2884 3401,2834 3283,2829 3165,2841 3071,2831"/>
                <Baseline points="3091,2879 3117,2880 3143,2881 3170,2881 3196,2881 3223,2881 3249,2880 3276,2880 3302,2879 3329,2878 3355,2877 3382,2876"/>
                <TextEquiv>
                    <Unicode>das Heiraten ei</Unicode>
                </TextEquiv>
            </TextLine>
            <TextLine id="r1l74" custom="readingOrder {index:73;}">
                <Coords points="1816,2920 2858,2902 2943,2880 2943,2840 1815,2841"/>
                <Baseline points="1835,2902 1889,2901 1943,2901 1998,2900 2052,2899 2107,2898 2161,2898 2216,2897 2270,2896 2325,2896 2379,2895 2433,2894 2488,2894 2542,2893 2597,2892 2651,2891 2706,2891 2760,2890 2815,2889 2869,2888 2924,2886"/>
                <TextEquiv>
                    <Unicode>das Wagnis einer arktischen Luftreise einzulassen gedenkt.</Unicode>
                </TextEquiv>
            </TextLine>
            <TextLine id="r1l75" custom="readingOrder {index:74;}">
                <Coords points="564,2930 1656,2911 1838,2893 1837,2840 562,2865"/>
                <Baseline points="580,2915 642,2912 704,2909 766,2907 828,2905 890,2904 952,2903 1014,2902 1076,2901 1138,2900 1200,2900 1262,2899 1324,2898 1386,2897 1448,2896 1510,2895 1572,2894 1634,2891 1696,2889 1758,2886 1820,2882"/>
                <TextEquiv>
                    <Unicode>einer bescheidenen Rolle, als Tante Toni, doch die Ge¬</Unicode>
                </TextEquiv>
            </TextLine>
            <TextLine id="r1l76" custom="readingOrder {index:75;}">
                <Coords points="1933,2950 3362,2949 3412,2884 1933,2907"/>
                <Baseline points="1951,2948 2023,2947 2095,2947 2167,2946 2239,2946 2312,2945 2384,2944 2456,2943 2528,2942 2600,2941 2673,2940 2745,2939 2817,2937 2889,2936 2961,2935 3034,2933 3106,2932 3178,2930 3250,2929 3322,2928 3395,2926"/>
                <TextEquiv>
                    <Unicode>Man muß sich erinnern, daß die technischen Fortschritte, weislich dreißig</Unicode>
                </TextEquiv>
            </TextLine>
            <TextLine id="r1l77" custom="readingOrder {index:76;}">
                <Coords points="571,2974 1846,2944 1844,2887 1730,2883 570,2913"/>
                <Baseline points="590,2964 655,2962 720,2960 785,2958 850,2956 916,2955 981,2953 1046,2952 1111,2950 1176,2949 1242,2948 1307,2946 1372,2945 1437,2943 1502,2942 1568,2940 1633,2939 1698,2937 1763,2935 1829,2933"/>
                <TextEquiv>
                    <Unicode>legenheit suchte und fand, ihre echte Künstlerschaft zu be¬</Unicode>
                </TextEquiv>
            </TextLine>
            <TextLine id="r1l78" custom="readingOrder {index:77;}">
                <Coords points="1830,3012 3377,2985 3376,2931 3251,2926 1830,2955"/>
                <Baseline points="1849,2999 1924,2998 1999,2997 2075,2996 2150,2996 2226,2995 2301,2994 2377,2993 2452,2991 2528,2990 2603,2989 2678,2988 2754,2987 2829,2985 2905,2984 2980,2983 3056,2981 3131,2980 3207,2979 3282,2977 3358,2976"/>
                <TextEquiv>
                    <Unicode>welche seit Andrées Aufstieg im Jahre 1897 von der wissen= Anzahl durch</Unicode>
                </TextEquiv>
            </TextLine>
            <TextLine id="r1l79" custom="readingOrder {index:78;}">
                <Coords points="564,3018 1813,2998 1837,2940 562,2954"/>
                <Baseline points="582,3013 644,3011 706,3008 768,3006 830,3004 892,3002 954,3001 1016,2999 1078,2998 1140,2997 1202,2995 1264,2994 1326,2993 1388,2992 1450,2991 1512,2990 1574,2989 1636,2988 1698,2986 1760,2985 1822,2984"/>
                <TextEquiv>
                    <Unicode>währen. Von Rudolf Rittner läßt sich das diesmal nicht</Unicode>
                </TextEquiv>
            </TextLine>
            <TextLine id="r1l80" custom="readingOrder {index:79;}">
                <Coords points="1834,3061 3406,3031 3405,2978 3083,2969 1833,3004"/>
                <Baseline points="1852,3052 1928,3050 2005,3047 2082,3045 2159,3044 2236,3042 2312,3041 2389,3040 2466,3039 2543,3038 2620,3037 2696,3036 2773,3036 2850,3034 2927,3033 3004,3032 3080,3031 3157,3029 3234,3027 3311,3024 3388,3021"/>
                <TextEquiv>
                    <Unicode>schaftlichen Aèronautik erzielt worden sind, keineswegs von solchem hat vor seinem</Unicode>
                </TextEquiv>
            </TextLine>
            <TextLine id="r1l81" custom="readingOrder {index:80;}">
                <Coords points="577,3064 1748,3053 1841,3036 1840,2993 575,3011"/>
                <Baseline points="594,3061 655,3059 716,3056 778,3054 839,3052 900,3050 962,3048 1023,3047 1084,3045 1146,3044 1207,3042 1268,3041 1330,3040 1391,3039 1452,3038 1514,3037 1575,3036 1636,3035 1698,3034 1759,3034 1821,3033"/>
                <TextEquiv>
                    <Unicode>behaupten. Sein Adjunkt war ein Schemen. Vielleicht war's sym¬</Unicode>
                </TextEquiv>
            </TextLine>
            <TextLine id="r1l82" custom="readingOrder {index:81;}">
                <Coords points="1850,3105 3397,3089 3410,3027 1849,3059"/>
                <Baseline points="1866,3101 1942,3098 2018,3096 2094,3094 2171,3092 2247,3090 2323,3089 2400,3088 2476,3087 2552,3087 2629,3086 2705,3085 2781,3085 2857,3084 2934,3083 3010,3082 3086,3080 3163,3078 3239,3076 3315,3074 3392,3071"/>
                <TextEquiv>
                    <Unicode>Gewichte erscheinen, um daraufhin die Veranstaltung einer neuen gegeben, die zu</Unicode>
                </TextEquiv>
            </TextLine>
            <TextLine id="r1l83" custom="readingOrder {index:82;}">
                <Coords points="567,3122 1065,3111 1114,3077 1323,3112 1834,3087 1833,3033 566,3065"/>
                <Baseline points="586,3109 647,3107 709,3105 770,3103 832,3102 893,3101 955,3100 1016,3098 1078,3097 1139,3096 1201,3095 1263,3094 1324,3093 1386,3091 1447,3090 1509,3089 1570,3087 1632,3085 1693,3083 1755,3081 1817,3078"/>
                <TextEquiv>
                    <Unicode>bolisch, daß er nahezu den ganzen Abend hindurch mit dem</Unicode>
                </TextEquiv>
            </TextLine>
            <TextLine id="r1l84" custom="readingOrder {index:83;}">
                <Coords points="1841,3151 3342,3145 3402,3076 1841,3108"/>
                <Baseline points="1858,3147 1934,3145 2010,3143 2086,3141 2163,3140 2239,3138 2315,3137 2392,3137 2468,3135 2544,3135 2621,3134 2697,3133 2773,3132 2849,3131 2926,3129 3002,3128 3078,3127 3155,3125 3231,3123 3307,3121 3384,3118"/>
                <TextEquiv>
                    <Unicode>Entdeckungsfahrt als minder riskables Unternehmen erscheinen zu im Gefängnis</Unicode>
                </TextEquiv>
            </TextLine>
            <TextLine id="r1l85" custom="readingOrder {index:84;}">
                <Coords points="581,3165 1393,3133 1498,3163 1834,3138 1837,3087 580,3118"/>
                <Baseline points="598,3157 659,3154 720,3152 781,3150 842,3148 903,3146 964,3145 1025,3144 1086,3142 1147,3141 1208,3140 1269,3139 1330,3138 1391,3137 1452,3136 1513,3134 1574,3133 1635,3132 1696,3131 1757,3129 1819,3127"/>
                <TextEquiv>
                    <Unicode>Rücken gegen das Publikum spielte — „lustlos und gedrückt",</Unicode>
                </TextEquiv>
            </TextLine>
            <TextLine id="r1l86" custom="readingOrder {index:85;}">
                <Coords points="1840,3199 3251,3192 3408,3171 3407,3114 1839,3152"/>
                <Baseline points="1856,3196 1932,3195 2009,3193 2086,3192 2162,3191 2239,3190 2316,3188 2392,3187 2469,3186 2546,3184 2623,3183 2699,3181 2776,3180 2853,3179 2929,3178 3006,3176 3083,3175 3159,3173 3236,3172 3313,3171 3390,3169"/>
                <TextEquiv>
                    <Unicode>lassen. Auf keinem Gebiete der modernen Verkehrstechnik haben Barrington, e</Unicode>
                </TextEquiv>
            </TextLine>
            <TextLine id="r1l87" custom="readingOrder {index:86;}">
                <Coords points="568,3222 1843,3194 1806,3131 567,3161"/>
                <Baseline points="585,3207 647,3205 709,3203 771,3200 833,3198 895,3197 957,3195 1019,3193 1081,3192 1143,3190 1205,3189 1267,3188 1329,3186 1391,3186 1453,3184 1515,3183 1577,3183 1639,3182 1701,3181 1763,3180 1825,3179"/>
                <TextEquiv>
                    <Unicode>wie's in den Marktberichten manchmal heißt. — Lessings</Unicode>
                </TextEquiv>
            </TextLine>
            <TextLine id="r1l88" custom="readingOrder {index:87;}">
                <Coords points="1825,3270 3278,3240 3393,3224 3392,3170 1823,3191"/>
                <Baseline points="1841,3247 1917,3245 1994,3243 2071,3241 2147,3240 2224,3239 2301,3238 2377,3237 2454,3236 2531,3235 2608,3234 2684,3233 2761,3232 2838,3231 2914,3229 2991,3228 3068,3226 3144,3223 3221,3221 3298,3217 3375,3214"/>
                <TextEquiv>
                    <Unicode>sich die positiven Uebergänge vom Alten zum Neuen so zögernds sondern auch</Unicode>
                </TextEquiv>
            </TextLine>
            <TextLine id="r1l89" custom="readingOrder {index:88;}">
                <Coords points="582,3270 1492,3267 1706,3234 1705,3198 1565,3179 581,3209"/>
                <Baseline points="599,3251 653,3250 707,3249 762,3247 816,3246 871,3245 925,3244 979,3243 1034,3242 1088,3241 1143,3240 1197,3239 1251,3238 1306,3237 1360,3236 1415,3235 1469,3234 1523,3233 1578,3232 1632,3231 1687,3229"/>
                <TextEquiv>
                    <Unicode>Regie war vorzüglich, wirksam, ohne aufdringlich zu sein.</Unicode>
                </TextEquiv>
            </TextLine>
            <TextLine id="r1l90" custom="readingOrder {index:89;}">
                <Coords points="1838,3293 3277,3278 3402,3268 3401,3207 1837,3258"/>
                <Baseline points="1855,3293 1931,3292 2008,3290 2084,3288 2161,3287 2237,3286 2314,3285 2390,3284 2467,3284 2543,3283 2620,3282 2696,3281 2773,3280 2849,3279 2926,3277 3002,3275 3079,3273 3155,3270 3232,3266 3308,3263 3385,3258"/>
                <TextEquiv>
                    <Unicode>und gleichsam unsicher tastend vollzogen, wie im Ballonwesen —Frauen. Von</Unicode>
                </TextEquiv>
            </TextLine>
            <TextLine id="r1l91" custom="readingOrder {index:90;}">
                <Coords points="693,3330 1857,3305 1830,3224 1673,3262 1587,3235 692,3269"/>
                <Baseline points="712,3316 768,3313 824,3311 881,3310 937,3308 993,3307 1050,3306 1106,3306 1162,3305 1219,3305 1275,3304 1331,3304 1388,3303 1444,3303 1500,3302 1557,3300 1613,3299 1669,3297 1726,3295 1782,3292 1839,3288"/>
                <TextEquiv>
                    <Unicode>Schnitzler hat wieder ein tüchtiges Stück geschrieben. Es ist</Unicode>
                </TextEquiv>
            </TextLine>
            <TextLine id="r1l92" custom="readingOrder {index:91;}">
                <Coords points="1853,3351 2999,3310 3357,3344 3418,3329 3417,3268 1852,3297"/>
                <Baseline points="1871,3339 1947,3338 2023,3337 2100,3336 2176,3335 2252,3334 2329,3334 2405,3333 2481,3332 2558,3331 2634,3330 2710,3329 2787,3328 2863,3327 2939,3325 3016,3324 3092,3322 3168,3319 3245,3316 3321,3314 3398,3310"/>
                <TextEquiv>
                    <Unicode>so wichtig im allgemeinen auch die jeweiligen Einzelvorteile von und Brandstift#</Unicode>
                </TextEquiv>
            </TextLine>
            <TextLine id="r1l93" custom="readingOrder {index:92;}">
                <Coords points="584,3363 1859,3344 1858,3297 1715,3293 584,3317"/>
                <Baseline points="602,3369 663,3366 725,3364 787,3361 849,3360 911,3358 973,3357 1035,3356 1097,3355 1159,3355 1221,3354 1282,3354 1344,3353 1406,3352 1468,3351 1530,3350 1592,3349 1654,3347 1716,3345 1778,3342 1840,3340"/>
                <TextEquiv>
                    <Unicode>eine ernste, respektable Arbeit. Ich verkenne es gewiß nicht, aber</Unicode>
                </TextEquiv>
            </TextLine>
            <TextLine id="r1l94" custom="readingOrder {index:93;}">
                <Coords points="577,3431 3109,3398 3311,3319 576,3378"/>
                <Baseline points="595,3415 737,3412 879,3409 1021,3405 1163,3402 1305,3399 1447,3396 1589,3394 1731,3391 1873,3388 2015,3386 2157,3383 2299,3381 2441,3378 2583,3376 2725,3373 2867,3371 3009,3368 3151,3366 3294,3363"/>
                <TextEquiv>
                    <Unicode>ich muß doch sagen: der Dichter der Wiener Intimität, der leicht= ihren Erfindern und Konstrukteuren an die große Glocke gehängt gegangen.</Unicode>
                </TextEquiv>
            </TextLine>
            <TextLine id="r1l95" custom="readingOrder {index:94;}">
                <Coords points="3184,3416 3213,3409 3242,3423 3281,3420 3295,3427 3324,3412 3399,3423 3399,3359 3370,3362 3331,3352 3299,3377 3270,3366 3238,3366 3220,3380 3184,3373"/>
                <Baseline points="3201,3410 3227,3410 3253,3410 3279,3411 3305,3411 3331,3411 3357,3410 3383,3409"/>
                <TextEquiv>
                    <Unicode>Von ang</Unicode>
                </TextEquiv>
            </TextLine>
            <TextLine id="r1l96" custom="readingOrder {index:95;}">
                <Coords points="1846,3464 1864,3464 1889,3445 1907,3455 1921,3444 1985,3443 2010,3431 2032,3449 2039,3441 2061,3448 2125,3428 2123,3389 1844,3400"/>
                <Baseline points="1862,3434 1889,3432 1916,3431 1943,3430 1970,3429 1998,3429 2025,3428 2052,3428 2079,3427 2107,3426"/>
                <TextEquiv>
                    <Unicode>worden sind.</Unicode>
                </TextEquiv>
            </TextLine>
            <TextLine id="r1l97" custom="readingOrder {index:96;}">
                <Coords points="578,3487 1806,3431 1805,3395 1730,3393 577,3419"/>
                <Baseline points="595,3462 654,3462 714,3461 773,3461 833,3460 893,3459 952,3458 1012,3457 1071,3456 1131,3454 1191,3453 1250,3452 1310,3450 1369,3449 1429,3447 1489,3445 1548,3444 1608,3442 1667,3440 1727,3439 1787,3437"/>
                <TextEquiv>
                    <Unicode>lebigen Jugend, der süßen Mädel und der duldsamen Alten, -</Unicode>
                </TextEquiv>
            </TextLine>
            <TextLine id="r1l98" custom="readingOrder {index:97;}">
                <Coords points="1952,3490 3413,3473 3412,3394 1951,3440"/>
                <Baseline points="1971,3482 2042,3482 2113,3482 2184,3482 2255,3481 2326,3480 2397,3479 2469,3478 2540,3476 2611,3475 2682,3473 2753,3471 2824,3469 2895,3467 2967,3465 3038,3463 3109,3461 3180,3459 3251,3458 3322,3457 3394,3455"/>
                <TextEquiv>
                    <Unicode>Wer diesen Sachverhalt einer vorurteilsfreien Würdigung unter=mit einer glatte</Unicode>
                </TextEquiv>
            </TextLine>
            <TextLine id="r1l99" custom="readingOrder {index:98;}">
                <Coords points="578,3512 887,3544 1140,3499 1713,3518 1870,3489 1869,3439 577,3469"/>
                <Baseline points="597,3511 659,3511 722,3510 785,3510 848,3509 911,3509 973,3508 1036,3507 1099,3506 1162,3505 1225,3503 1287,3502 1350,3501 1413,3499 1476,3497 1539,3495 1601,3493 1664,3490 1727,3488 1790,3484 1853,3481"/>
                <TextEquiv>
                    <Unicode>der Dichter der „Liebelei“ und des „Anatol“ ist mir doch</Unicode>
                </TextEquiv>
            </TextLine>
            <TextLine id="r1l100" custom="readingOrder {index:99;}">
                <Coords points="1840,3558 3222,3522 3354,3501 3353,3441 1839,3490"/>
                <Baseline points="1859,3538 1932,3534 2006,3530 2080,3527 2154,3525 2228,3523 2302,3521 2376,3519 2450,3518 2524,3517 2598,3516 2671,3516 2745,3515 2819,3514 2893,3513 2967,3511 3041,3510 3115,3507 3189,3505 3263,3502 3337,3498"/>
                <TextEquiv>
                    <Unicode>zieht, kann sich in der Tat eines leisen Lächelns nicht erwehren, wenn war „Lord“.</Unicode>
                </TextEquiv>
            </TextLine>
            <TextLine id="r1l101" custom="readingOrder {index:100;}">
                <Coords points="582,3562 611,3562 633,3582 665,3589 694,3577 723,3587 747,3572 769,3579 783,3564 812,3570 822,3559 844,3559 843,3523 793,3524 774,3514 731,3519 699,3505 671,3521 581,3516"/>
                <Baseline points="601,3565 629,3564 657,3563 685,3563 713,3562 741,3561 769,3560 797,3559 825,3559"/>
                <TextEquiv>
                    <Unicode>der liebste.</Unicode>
                </TextEquiv>
            </TextLine>
            <TextLine id="r1l102" custom="readingOrder {index:101;}">
                <Coords points="1846,3577 3339,3568 3407,3556 3406,3506 1845,3537"/>
                <Baseline points="1863,3582 1939,3580 2015,3579 2091,3578 2168,3577 2244,3576 2320,3575 2397,3574 2473,3572 2549,3571 2626,3570 2702,3568 2778,3567 2854,3565 2931,3563 3007,3561 3083,3559 3160,3557 3236,3554 3312,3552 3389,3549"/>
                <TextEquiv>
                    <Unicode>er den Amerikaner Wellman mit der vollwichtigen Ueberzeugungstreue törichter amerik</Unicode>
                </TextEquiv>
            </TextLine>
            <TextLine id="r1l103" custom="readingOrder {index:102;}">
                <Coords points="1819,3632 3409,3611 3408,3557 3261,3552 1818,3575"/>
                <Baseline points="1837,3630 1914,3628 1992,3627 2070,3625 2148,3623 2225,3622 2303,3620 2381,3619 2459,3618 2536,3617 2614,3615 2692,3614 2770,3613 2847,3612 2925,3611 3003,3610 3081,3609 3158,3608 3236,3607 3314,3606 3392,3605"/>
                <TextEquiv>
                    <Unicode>eines von Sachkenntnis ungetrübten Selbstbewußtseins die Auffassung! Golddollars au</Unicode>
                </TextEquiv>
            </TextLine>
            <TextEquiv>
                <Unicode>19. Der Ruf des Lebens box 24/2
sterben für eine große Idee, sie sterben für den leichten Sinn
Sowel vu
der kleinen Kommandeuse. Die Höllenmaschine, die ihre Massen= urbiruher und Bergangangolostenf habe fast edensoont betlagen,
tötung bewirkt, — der Mann, dem sie Gehorsam schulden und wie der Inhalt des Geldbeutels der Baronin. Im übrigen gesteht Da das von Well
volles Vertrauen schenken, hat sie ihnen hergerichtet. Das ist ders er alle Taten, auch die von sechs weiteren Zeuginnen ihm nach= sprechenden Ausrü
gesagten, ohne weiteres zu und spricht sämtlichen Damen sein Godard in Auftra
„Witz“ des Obersten.
aufrichtiges Bedauern für sein unkavaliermäßige“ Verhalten aus. schon im Laufe d
Schnitzler selbst hat davor gegraut, das Furchtbare seiner Das Gericht verurteil ihn darauf zu vier Jahren Gefängnis, so dürfte der wohl
daß Herr Marco v. Goldenberg, der noch eine Rechnung von drei kaum den erwünse
dichterischen Erfindung klar vorzulegen. Er hat die Linien ver¬
wischt, die Farben grau in Grau gehalten und von dem durch die Jahren zu begleichen hat, erst wieder in sieben Jahren wird zu rufen. Norwegisch
bindende Verab
Durand frühstücken gehen können.
Reederei in Tron
skandinavischen Dichter eingesetzten Rechte, sich um das, was man
früheren Polarsah
nicht frei heraus sagen darf, mit Andeutungen herumzubrücken,
und Baldwins
Gebrauch gemacht.
Das genaunte 
Im Luftballon zum Nordpol;
Seine Künstlerschaft ist auch in diesem Verfahren, mit dem
Rechnung der
ich mich nicht befreunden kann, unverkennbar.
Andrées Schicksal. — Die wissenschaftliche Abronantik.
am es scheint sonach
Drahtlose Telegraphie
Wellmans neuester Versuch.
Auch in der Verschlingung und Entwirrung der psycholo¬
des phantastischen
Die Gefahren der Eisnadelbildungen.
Nordpol.
gischen Fäden zeigt sich sein seines dichterisches Empfinden, das
Nordseite von Spitzbergen als Ausgangspunkt.— Wellman
nicht realisierbar
mit erstaunlicher Keckheit gepaari ist. Dieser unausgesprochene
rüstet zur Fahrt.
erneut in Angriff
Bund zwischen dem Arzt und dem Mädchen zur Beseitigung des
Stockholm, Ende Februar.; setzung, daß der
 unnützen und schädlichen Vaters, diese von aller phrasenhaften Be¬
Gleichwie vor einigen Wochen Mr. Markham, der Präsideit
Ergebnisse abläuf
schönigung freie Auflehnung gegen unser Sitten= und Strafgesetz
der Londoner Geographischen Gesellschaft, beginnen nunmehr auch
schen Expedition
ist eine Vermessenheit, die einem Geringeren böse angekreidet
die berufenen Vertreter der skandinavischen Polarforschung ein¬
werden würde.
dringlich ihre Stimme zu erheben, um die Durchführung des
In der Darstellung stand nach meiner Meinung, die übrigens neuesten, von den beiden Amerikanern Wellman und
von vielen nicht geteilt wird, Albert Bassermann Santos Dumont ersonnenen Polarprogramms zu inhibieren.
als Oberst obenan — mit wenigen diskreten, aber festen Strichen Andrées Schicksal, so äußert sich ein hervorragender schwedischer (Der neueste
Arktiker im „Svenska Dagbladet“, haftet noch in so frischer Er= Dieb, Fälscher un
ein fertiges Bild, im Glanze einer hohen Stellung innerlich zer¬
innerung und die Hinfälligkeit der theoretischen Voraussetzungen, Seine Jugend. —
wühlt und zerrüttet, ein wahrhafter Mensch, zum elenden
auf denen der unglückliche Leiter der „Oernen"=Expedition die
Komödiantentum verurteilt, schweigsam leidend, mit eisiger Ge¬
Das Men
Möglichkeit eines konkreten Erfolges aufbauen zu können ver¬
lassenheit zum Aeußersten entschlossen. Es wurde überhaupt in den
meinte, ist schon so oft und überzeugend von erfahrenen Wissen= zu werden. Vor
Hauptrollen gut gespielt: Irene Triesch (Marie), Hans
schaftlern und Technikern nachgewiesen worden, daß es in der der Fürst der D
Marr (der alte Moser), Emanuel Reicher (Arzt). Kurt
Tat Verwunderung erregen muß wenn man vernimmt, daß ein in denen er alle
Stieler (Max) müssen mit warmer Anerkennung genannt
„Entdeckungsfahrer“ von den Qualitäten Mr. Wellmans sich auf Der Chicagoer B
werden. Mit besonderer auch Else Lehmann, die in
das Heiraten ei
das Wagnis einer arktischen Luftreise einzulassen gedenkt.
einer bescheidenen Rolle, als Tante Toni, doch die Ge¬
Man muß sich erinnern, daß die technischen Fortschritte, weislich dreißig
legenheit suchte und fand, ihre echte Künstlerschaft zu be¬
welche seit Andrées Aufstieg im Jahre 1897 von der wissen= Anzahl durch
währen. Von Rudolf Rittner läßt sich das diesmal nicht
schaftlichen Aèronautik erzielt worden sind, keineswegs von solchem hat vor seinem
behaupten. Sein Adjunkt war ein Schemen. Vielleicht war's sym¬
Gewichte erscheinen, um daraufhin die Veranstaltung einer neuen gegeben, die zu
bolisch, daß er nahezu den ganzen Abend hindurch mit dem
Entdeckungsfahrt als minder riskables Unternehmen erscheinen zu im Gefängnis
Rücken gegen das Publikum spielte — „lustlos und gedrückt",
lassen. Auf keinem Gebiete der modernen Verkehrstechnik haben Barrington, e
wie's in den Marktberichten manchmal heißt. — Lessings
sich die positiven Uebergänge vom Alten zum Neuen so zögernds sondern auch
Regie war vorzüglich, wirksam, ohne aufdringlich zu sein.
und gleichsam unsicher tastend vollzogen, wie im Ballonwesen —Frauen. Von
Schnitzler hat wieder ein tüchtiges Stück geschrieben. Es ist
so wichtig im allgemeinen auch die jeweiligen Einzelvorteile von und Brandstift#
eine ernste, respektable Arbeit. Ich verkenne es gewiß nicht, aber
ich muß doch sagen: der Dichter der Wiener Intimität, der leicht= ihren Erfindern und Konstrukteuren an die große Glocke gehängt gegangen.
Von ang
worden sind.
lebigen Jugend, der süßen Mädel und der duldsamen Alten, -
Wer diesen Sachverhalt einer vorurteilsfreien Würdigung unter=mit einer glatte
der Dichter der „Liebelei“ und des „Anatol“ ist mir doch
zieht, kann sich in der Tat eines leisen Lächelns nicht erwehren, wenn war „Lord“.
der liebste.
er den Amerikaner Wellman mit der vollwichtigen Ueberzeugungstreue törichter amerik
eines von Sachkenntnis ungetrübten Selbstbewußtseins die Auffassung! Golddollars au</Unicode>
            </TextEquiv>
        </TextRegion>
    </Page>
</PcGts>
