3484 4352
295 209 1442 315 19. Der Ruf des Lebens
790 1806 1326 1910 27.SEPTLRSLNL318
760 1885 1531 1991 Neue Zflricher Teihhus
605 1996 1534 2060 Bekner Stadttheater. i. wl. Mit Goethes „Eg¬
556 2040 1542 2093 ment“ nahm die neue Spielzeit ihren Anfang.
561 2088 1527 2147 „Die Aufführung erfolgte zugunsten der National¬
563 2133 1540 2186 spende und bedeutete als Ganzes gewertet einen
565 2174 1538 2242 verheißungsvollen Beginn der gkünstlerischen
574 2210 1273 2277 Tätigkeit unserer Schauspielkräfte,
1300 2214 1536 2267 Für die
579 2257 1522 2308 sorgfältige und geschmackvolle Regie zeichnete Di¬
573 2342 1536 2413 brachte das Theater Schnitzlers Drama „Der
574 2383 1538 2441 Ruf des Lebens“, das nicht frei ist von
566 2421 1539 2472 äußerlichen Bühneneffekten, wie sie sonst Schnitz¬
567 2472 1538 2527 lers Sache nicht sind. Daneben fehlt es an psycho¬
569 2515 1534 2555 logisch hervorragenden Beobachtungen keineswegs
571 2548 1533 2609 und Gestalten wie der Arzt und Katharina sind
575 2601 1546 2652 glänzende Vertreter Schnitzlerscher Art. Aber
570 2653 1539 2695 gerade in der Hauptträgerin des Werkes, in Marie,
579 2686 1545 2728 scheinen uns die seelischen Wandlungen, die der
580 2728 1539 2784 Ruf des Lebens in ihr bewirken, keineswegs deut¬
564 2767 1558 2843 lich genug motiviert. Das Stück hinterließ trotz
577 2793 1556 2885 allen innern Mängeln dank einer vorzüglichen“
567 2850 1275 2911 Wiedergabe einen großen Eindruck.
1600 202 2069 302 box 24/5
2081 1383 2125 1443 Knn
1859 1428 2587 1525 He Berner Stadttheater
1830 1490 2846 1574 Montag abend: Der Ruf des Lebens
2006 1551 2654 1618 von Arthur Schnitzler
1864 1600 2834 1664 di. Es tut einem weh, wenn man im dritten
1826 1630 2837 1712 Akt dieses Stückes an die beiden ersten denkt.
1841 1675 2831 1753 Denn der Dichter Schnitzler erhebt erst hier
1836 1729 2830 1789 seine Stimme, vorher hörte man hochstens einen
1844 1761 2828 1831 routinierten Bühnenschriftsteller und dachte sich
1846 1804 2842 1874 dabei der war allzuoft im Kino! Die einzigen
1846 1854 2833 1919 wirklich dichterisch gesehenen Gestalten sind der
1838 1891 2843 1971 Arzt und die in ihrer Sünden und in ihrer
1847 1946 2838 2031 Schönheit Maienblüte sterbende Katharina. Aber
1854 1988 2835 2044 auch ihre von echt Schnitzlerscher Wehmut über¬
1853 2032 2841 2104 hauchte Todesszene kann den Verfasser von der
1858 2071 2836 2137 Schuld der ersten Akte nicht freisprechen. Es ist
1847 2114 2851 2177 schier unglaublich, daß diesem in zarte Herbst¬
1856 2174 2856 2237 farben getauchten Schluß zwei Akte vorausgehen,
1851 2201 2843 2281 in denen die grobschlächtigsten Effekte schonungs¬
1853 2239 2843 2320 los aufeinander gehäuft werden, nicht einmal ge¬
1857 2272 2886 2348 mildert durch Geist oder Eigenart des Dialoges.“
1858 2323 2852 2415 Nein, dieses Stück ist kein echter Schnitzler und
1849 2366 2860 2433 man tut dem Dichter den besten Gefallen, wenn
1856 2402 2861 2493 man's ruhig zwischen den Seiten des Buches
1861 2466 2212 2546 schlummern läßt.
1891 2488 2865 2574 Die schauspielerisch dankbarste Figur ist die
1870 2549 2868 2619 Katharina. Franziska Gaab, eine echte Phan¬
1871 2592 2865 2667 tasie=Begabung, machte daraus ein zartes We¬
1875 2621 2860 2720 sen von jener schmerzlichen Holdheit, die an
1867 2684 2868 2771 Ophelia denken ließ. Die Künstlerin ist der dich¬
1874 2726 2865 2792 terischen Vision Schnitzlers sicher sehr nahe ge¬
1874 2764 2866 2850 kommen. Der Eindruck, daß es ein glücklicher
1862 2810 2878 2913 Griff war, der sie für unsere Bühne fand, hat
