3436 4352
233 188 2000 300 19. DerRuf des Lebens box 24/3
1777 975 2150 1070 J4
1906 1069 2226 1181 AUIitOe
921 1209 2267 1305 Der Ruf des Lebens von Alfred Polgar
1022 1298 2274 1370 ine schöne, wunderlichs Komödie, eilig zwischen Tod und Leben hin
924 1337 2278 1432 4 und wider wandelnd, brutal und zart, tieftraurig=resigniert und doch
1003 1398 2269 1476 sanft schimmernd von mancherlei milden Zuversicht, voll Blut und
921 1449 2272 1534 Leidenschaft und Schwermut und lyrischer Verschnörkelung, voll großer
939 1497 2285 1591 Fragen und bescheidener Antworten, zweifelnd, anklagend, entschuldigend,
936 1570 2280 1616 unempfindlich und empfindsam, überlegen bis zur Demnt (als der Ueber¬
929 1596 2294 1692 legenheit letzte Konsequenz) und pathetisch bis zur Einfachheit (als des
943 1668 1447 1731 Pathos sublimster Spitze).
1009 1697 2282 1766 Der Begriff: Leben erscheint in diesem Drama vielfältig dialektisch
937 1744 2284 1830 gespalten. Der kluge Arzt und der skeptische Offizier verstehen unter
932 1798 2287 1876 Leben schlechtweg: esse; das Vorhandensein allgemeinster physiologischer
943 1846 2288 1925 Voraussetzungen. Die Jugend im Stück versteht unter Leben: Erleben;
943 1897 2292 1972 intensive Stunden, große Inhalte, Höchst=Spannungen des Organismus,
941 1958 2300 2018 Abenteuer und Außerordentliches, Räusche und Ekstasen. Der Ruf des
937 1997 2287 2083 Lebens ist für die einen: ein ruhiger, über allen Dingen schwebender, ewiger
935 2053 2295 2123 Ton; für die andern eine hinreißende, faszinierende, auf Gspfel und in
943 2104 1947 2166 Abgründe verlockende Wirbelmusik (im Vorüberzieben).
1009 2137 2291 2217 Die tiefsinnigen Verwunderungen über das „Leben' und den „Ruf des
937 2205 2296 2276 Lebens' im Schnitzlerschen Schauspiel sprießen eben aus dieser Doppel¬
944 2238 2297 2323 deutung des Begriffs. Aber wie man ihn immer deuten mag, nie läßt
957 2290 2303 2367 sich der Begriff „Tod“ als sein Kontrast auslegen. Auch wenn man mit
959 2333 2306 2422 den Augen des klugen Arztes die Welt betrachtet, erscheint der Tod nicht
963 2386 2299 2478 als Gegensatz, sondery' als Teil, als Stück, als Form des Lebens. Für
960 2451 2303 2511 diesen pantheistischen Mann darf es ja, denkt er konsequent, gar keinen Tod
963 2488 2306 2570 geben. Leben heißt ihm: empfinden. Irgend etwas. Lust oder Schmerz,
964 2543 2308 2610 Resignation oder Verzweiflung, einen schönen oder häßlichen Sinneseindruck,
963 2585 2307 2671 den schlaffen oder starken Reiz eines Gedankens, einen Vorgang, eine
957 2644 2306 2736 Ruhe. In gewissem Sinn ist er unsterblich. Der eigene Tod muß ihm
963 2681 2312 2770 reine Fiktion sein, da er sich weder denken noch empfinden läßt. Dies
957 2746 1871 2830 hieße ja: empfinden, daß man nichts empfindet.
1017 2786 2307 2864 Auch den andern, den nach konzentrierten Augenblicken Begehrlichen,
962 2831 2300 2912 mag der Tod nur eine finstere Variante des Daseins, vielleicht dessen
956 2893 2311 2959 stärkste Sensation bedeuten. Gerade aus ihm, so parador es scheint, mag
952 2927 2307 3007 ibnen der Ruf des Lebens aufs lauteste tönen. Eine geniale Frau schrieb
959 2978 2324 3056 in ihr Tagebuch: „Der Tod ist das einzige Erlebnis, um dessentwillen es
967 3045 1846 3113 sich verlohnt, auf die Welt gekommen zu sein.“
1032 3073 2312 3154 Die Philosophie über letzte Dinge dünkt mich des Stückes schwächster
963 3129 2320 3219 Teil. Aber sehr fein und virtuos die eigentümliche knappe Relieftechnik,
966 3197 2318 3267 in der hier Tod und Leben aneinandergesetzt sind. Und wenn auch nicht
961 3230 2317 3318 gerade Tiefes von den Problemen gesagt wird, die an des Daseins Grenzen
964 3279 2317 3367 lagern, so schwebt es doch über dem Drama wie dichterische Ahnung des
954 3322 2327 3414 geheimnisvollen Spuks, der an jenen Grenzen sein zynisch=schreckhaftes
2181 3411 2315 3509 713
