3484 4256
1494 189 2056 297 box 24/3
266 183 1442 292 19. Der Ruf des Lebens
3118 1138 3366 1220 S . A.—
2624 1182 3366 1267 wegstirbt. Dreimal hat sie bei ihren sind
1472 1184 2640 1267 peinlicher Gesangenschaft gehalten wird; ihm lauscht mit
2623 1245 3379 1316 vernommen; das hat ihre Seele gen#
1481 1240 2622 1319 fiebernden Wangen das lungenkranke Mädchen, dem nur noch
648 1112 1345 1346 Feuilleton.
2614 1291 3367 1365 bürgerlichen Verstand groß gemacht. I
1478 1293 2623 1356 eine kurze Lebensfrist gegönnt ist; ihn hören in verzehrender
2618 1346 3366 1406 hört der Mensch auf, Gesetze zu geben.
1471 1343 2624 1407 Leidenschaft „die blauen Kürassiere“ vom todgeweihten Regiment.
377 1349 1418 1450 Arthur Schnitzler: Der Auf des
2622 1398 3363 1464 bald von der Erde fort sein wird, g
1472 1395 2628 1450 Der Ruf des Lebens reißt alle Schranken nieder, er treibt jeden
750 1414 1053 1508 Lebens.
2619 1445 3364 1504 Einzige: Leben, Erleben. So gütig predi
1478 1446 2627 1499 hinaus aus ssinem engen Bezirk. Da flieht das Mädchen aus
2619 1489 3375 1558 schwache Mutter. Mit ein wenig lauter
1473 1491 2626 1540 der stickigen Krankenstube, da läuft die todeskranke Schöne im
323 1477 1480 1580 Zur ersten Aufführung im Deutschen Volks¬
2632 1536 3366 1588 bewußter, aber noch immer wohltuen
1466 1538 2634 1587 1 Ballkleid von einem Liebhaber zum nächsten, da lockt es den blauen
769 1549 1050 1606 theater.
2625 1584 3366 1648 Er befreit das Bürgermädchen aus den
1472 1579 2640 1643 Kürassier, sein Soldatengewand auszuziehen und gegen den Tod in
428 1570 1483 1657 Schon der Titel dieses Werkes nimmt gefangen. Unsere
2625 1629 3362 1697 stube, er nimmt es ohne Erregung auf
1474 1633 2631 1692 Ehren das Leben in Lust einzutauschen. Der Ruf des Lebens
325 1619 1478 1702 Dichter leben abseits vom großen Leben, was man ihnen nicht
2621 1666 3370 1736 dem todessiechen Vater ein abkürzendes
1474 1691 2627 1741 ist das höchste Gesetz! Was bedeuten kranke Väter, was be¬
325 1690 1470 1755 verübeln müßte, denn im Marktlärm und Marktgestank hält's
2622 1719 3367 1788 Ihn, der ein ganzes Leben lang den
1474 1721 2630 1783 deuten Sitte und Sittlichkeit, was bedeutet das bißchen Ehre,
314 1731 1482 1791 kein Musikant, aus und alles künstlerische Schaffen braucht
2628 1769 3365 1839 und Leben mitangesehen hat, dünkt al
1482 1777 2634 1833 wenn das Leben selbst versäumt werden könnte? Wann schallt
309 1772 1473 1843 Stille, Sammlung, Lauschen ins Innere. Aber wenn sie schon
2621 1814 3366 1874 Tragik Nebensache: „Das Leben ist de
1470 1819 2634 1886 der Ruf des Lebens am lautesten? Gleich nachdem der Ruf
310 1815 1482 1881 abseits ihre einsamen Wege gehen müssen, so sollten sie
2624 1867 3380 1939 blaue Kürassier ist in der Schlacht gefalle
1477 1870 2633 1925 des Todes erklungen ist! Weil das Bürgermädchen fürchtet,
321 1874 1486 1929 wenigstens Sehnsucht nach der anderen Welt fühlen! Es sollte
2622 1914 3360 1973 Bürgermädchen glaubt, es habe nur e
1480 1912 2640 1972 daß der Geliebte von den blauen Kürassieren heute Nacht in
316 1918 1481 1992 wenigstens von fern das Weltgebrause leise zu ihnen herüber¬
2630 1958 3349 2027 kein Tag kann mehr für sie leuchten.
1482 1958 2634 2014 die todbringende Schlacht ziehen muß, darum reißt sie sich alle
312 1962 1488 2023 klingen, sie sollten nicht isoliert, sondern durch zarte Fäden mit
2630 1987 3371 2067 wie verloren in der Welt, geht sie dur
1486 2008 2631 2072 Hüllen der Sitte vom Leibe und gibt sich nackt dem heißesten
314 2019 1489 2086 der Welt verbunden sein! Darum hat schon der Titel dieses
2638 2049 3352 2120 Nacht lang hat sie dem Leben gehört,
1478 2055 2634 2115 Leben preis. Weil die Lungenkranke weiß, daß ihr nur eine
315 2061 1184 2144 Werkes lockende Kraft: Der Ruf des Lebens ..
2636 2084 3362 2168 innerlichen Rufe des Todes. Sie komm
1485 2097 2649 2163 kurze Spannzeit gegeben ist, darum vertanzt und verschwelgt
2626 2140 3375 2212 gang. Von ihren schwarzen Kleidern
1478 2148 2646 2214 sie ihr bißchen Sein. Der Ruf des Todes erzeugt lebendigstes
429 2135 1485 2221 Sitzt man ein paar Minuten im Theater, so freut man
2631 2193 3361 2251 blühende Feldblumen leuchtfarbig ab: 2
1479 2199 2635 2265 Leben, aber das glühendste Leben erzeugt den Tod! Dieses
330 2189 1487 2265 sich vor allem, daß ein Bühnenschriftsteller hier wieder wagt,
2630 2241 3372 2297 vor ihr und sie sagt ihm, wie sie sich
1486 2235 2639 2306 Ineinanderverwebtsein der beiden großen Leitmotive, das macht
325 2237 1496 2316 dichterisch reden zu lassen. Jede Gestalt in diesem Drama spricht
2628 2288 3373 2342 anderen Ufer, nach dem Schattenreich.
1484 2302 2165 2377 Schnitzlers Dichtung so verführerisch.
327 2303 1491 2359 ein knappes, gehämmertes Deutsch, dessen Kargheit voll unter¬
2643 2336 3354 2407 die leuchtenden Blüten in der lä
329 2345 1494 2401 irdischer Lyrik ist. Auf unseren Theatern wird für gewöhnlich
2637 2374 3349 2447 und sagt scheinbar bedeutungslos:
1592 2363 2636 2449 Zu jungen Menschen dringt plötzlich der Ruf des Lebens
332 2390 1496 2462 immer nur das gemeinste Wirklichkeitsdeutsch oder ein romantisches
2640 2401 3370 2487 haben Sie gepflückt? ...“ Wie das
1483 2427 2644 2494 und sie streifen Gesetze und Gebote ab, um nackt durch die
329 2434 1494 2505 Kunstdeutsch geredet. In dieser Dichtung hat Schnitzler die
2642 2460 3376 2539 verführt, das deutet Schnitzler sch#
1486 2482 2639 2546 strömende Wirklichkeit zu schwimmen. Das ist der Inhalt des
320 2477 1500 2552 Mitte zwischen einer balladesken Kunstsprache und einem ganz
2634 2510 3372 2582 dichterisch gefühlten Szene an. Es ist
1485 2526 2642 2595 Theaterstückes „Der Ruf des Lebens“. Aber Schnitzler war von
325 2515 1493 2599 leicht wienerisch angehauchten Wirklichkeitsdeutsch gefunden. Es
2634 2569 3365 2635 tag. Die Felder stehen in strahlendem
1479 2582 2632 2642 jeher nicht nur ein Dichter, sondern ein mildherziger, erfahrener,
333 2578 1493 2639 tut so wohl, auch im Theater einmal wieder Freude am Worte
2633 2619 3363 2675 Wort sprechen dürfen!) pflücken leuchten
1482 2620 2643 2701 sanfter Prediger. In allen seinen Werken wird ein Schicksal
317 2622 1493 2689 haben zu dürfen! Aber bald vergißt man die Lust am Ausdruck,
2631 2643 3376 2729 der Arzt: „Daß Sie hier über Felder
1482 2676 2639 2737 nicht nur gemalt, sondern da ist immer auch ein gütiger alter
328 2689 1503 2745 weil der seelische Eindruck, wie es sich für eine Dichtung geziemt,
2634 2707 3368 2772 gehen, daß Sie Blumen in der Hand ha
1484 2719 2644 2792 Herr, der mit halblauter Stimme zu jedem tragischen Leben
328 2728 976 2807 die Wortoberfläche übersehen läßt.
2632 2761 3362 2817 Fenster eine Freundin Ihnen für ewig
1490 2766 2643 2830 eine edle Predigt sagt. Niemals hat dieser lust= und leiderfahrene
2633 2791 3367 2867 hier mit mir reden unter dem leuchtend
440 2818 2637 2871 Zwei Melodien durchziehen dieses Stück: der Ruf des Prediger so sanfte, so betörende Worte gefunden wie im „Ruf
2631 2854 3361 2926 ist Leben! Wer weiß, ob Ihnen nicht sp
332 2865 2641 2914 Lebens und der Ruf des Todes. Den Ruf des Lebens hört das des Lebens“. Hier ist eine Mutter, der das Herz im Leibe zuckt,
338 2904 3370 2979 schöne Mädchen, das von einem bos= und krankhaften Vater in weil ihr ein Kind nach dem anderen in seiner Blüte Jugend aus einem Tage wie der heutige der Ru
