3484 4256
236 218 1382 307 19. Ler Ruf des Lebens
1128 620 1496 709 Telephon 12.801.
1151 722 1330 804 Di.
674 744 1242 846 JBSERVER
396 833 532 914 1 55.
621 836 1498 920 #rdl. konz. Unternehmen für Zeitungs-Ausschnitte
555 902 1376 982 Wien, I., Congordiaplatz 4.
734 971 1157 1050 Vertretungen
403 1024 1491 1077 in Berlin, Budapest, Chicago, Christiania, Genf, Kopen¬
389 1072 1483 1134 fagen, London, Madrid, Mailand, Minneapolis, New-Vork,
455 1120 1441 1179 Paris, Rom, San Francisco, Stockholm, St. Petersburg.
739 1156 1168 1215 (Quellenangabe ohne Gewähr).
390 1198 772 1275 Ausschnitt aus:
797 1233 1502 1367 Mährisch-, Soisischel
392 1310 537 1368 vom:
646 1316 1478 1461 —AnEZJ9Ogorrespondent, Brünn
449 1458 1437 1576 (Wiener Premieren.) Man meldet aus Wien,
357 1553 1450 1648 111. d.: Im Deutschen Volkstheater erzielte Schnüß
354 1582 1430 1661 Wens-Ruf des Lebens“ einen starken Erfolg, beson¬
369 1645 1437 1724 ders nach den ersten beiden Akten. Der Autor und
370 1673 1439 1771 die Hauptdarsteller Homma, Kramer, Weisse und
360 1735 1469 1837 Hannemann wurden oft und oft gerufen 7— —
678 1992 1314 2143 „OBSERVER“
470 2124 1550 2217 I. österr. behördl. konz. Unternehmen für Zeitungs-Aussohnitte
619 2187 1448 2287 Wien, I., Concordiaplatz 4.
796 2258 1238 2342 Vertretungen
463 2304 1551 2373 in Berlin, Budapest, Chicago, Christiania, Genf, Kopen¬
468 2368 1554 2447 hagen, London, Madrid, Mailand, Minneapolis, New-Vork,
516 2412 1523 2475 Paris, Rom, San Francisco, Stockholi, St. Petersburg.
812 2448 1232 2513 (Quellenangabe ohne Gewähr).
463 2498 841 2590 Ausschnitt aus:
562 2545 1442 2662 13.0ELE Mepes Mittags-Zoltung
475 2622 619 2671 vom:
626 2690 1490 2783 TTheater und Kunst.
573 2774 1599 2850 (Deutsches Volksthegter.) „Der Ruf
451 2846 1599 2908 des Lebens“ von Arthur Schnitzler ist ein
458 2885 1591 2940 intellektuelles Werk, es ist ein Stück mit noblen Gebanken,
467 2933 1599 3000 mit kultivierten Gefühlen, wenn es auch kein Theaterstück¬
458 2988 1590 3057 ist. Es hat einen Akt von Sardouscher Bühnenkraft,
462 3034 1603 3091 abei zwei, die nur von Schnitzlers novellistischen Qualitäten
460 3093 1609 3138 leben. Wenn das Werk trotzdem einen rauschenden Erfolg
463 3131 1603 3177 fand, so ist dies nicht zuletzt der Feinhörigkeit eines
469 3174 1606 3235 Publikums zu danken, das sonst nur dramatischen Erzessen
457 3224 1600 3283 willig nachgibt. Daß es der psychologisch=raffinierten Diktion
458 3277 1598 3339 Schnitzlers folgte, ist ein wesentlicher Fortschritt in seiner
454 3323 1597 3372 Aufnahmsfähigkeit. Zumal „Der Ruf des Lebens“ im
456 3367 1599 3417 Volkstheater mit viel Mühe, aber nur in den Frauenrollen
461 3425 1600 3482 mit viel Erfolg gespielt wurde. Also von Fräulein Hanne¬
451 3481 1596 3525 mann, die einen überzeugenden Ton der um ihre Lebens¬
460 3518 1596 3569 freude betrogenen Jugend hatte, von Fräulein Müller,
452 3567 1607 3627 die ein armes, dem Tode verfallenes Geschöpf seltsam
462 3610 1610 3673 gespenstisch zeichnete, und vor allem von Lilli Marberg,
450 3663 1603 3719 die den „Ruf des Lebens“ mit einer wundervoll mit¬
450 3718 1609 3775 reißenden, betörenden, von innerer Glut gefärbten Stimme
448 3766 1607 3831 ausstieß. Aber Herr Homma war so monoton, daß er
453 3806 1595 3869 fast farblos schien, Herr Kramer hatte zu wenig schau¬
462 3872 1596 3923 spielerische Kraft, in unmittelbarer Todesnähe, also unter
459 3905 1607 3973 so und so viel Atmosphären Druck, einen Menschen zu ge¬
465 3953 1611 4002 stalten, und Herrn Weisse mißlang die Darstellung eines
452 4003 1599 4052 witzigen und in der Ungeheuerlichkeit seines Witzes groß¬
453 4052 1599 4100 artigen Menschen. Er bringt immer nur die körperliche
451 4097 1300 4178 Dimension, nie aber das geistige Mast mit.
1524 220 1995 305 box 24/3
2470 133 2889 197 Vertretungen
2133 175 3207 254 in Berlin, Budapest, Chicago, Christiania, Genf, Kopenz.
2133 218 3214 297 hagen, London. Badrid, Mailand, Minnegnshundew Work,
2495 260 3170 322 ancico. Stbeksih, St. Petersburg.
2167 260 2884 362 Paris, Kom Watenkmanangsbe ohne Gewähr).
2123 356 2510 426 Ausschnitt aus:
2139 455 2640 553 von 3 DEZ1909—
2133 636 3252 743 Theater. Kunst und Literatur.
2743 743 3209 829 Wien, 13. Dezember.
2241 788 3254 862 (Deutsches Volkstheater.) Zum erstenmal:
2134 873 3262 920 „Der Ruf des Lebens“, ein Schauspiel in drei
2131 894 3269 951 Akten von Arthur Schnitzler. — Eine schöne, wunderliche
2133 944 3263 989 Komödie, eilig zwischen Tod und Leben hin und wider wandelnd,
2131 988 3266 1039 brutal und zart, tieftraurig=resigniert und doch sanft schimmernd
2138 1045 3270 1087 von mancherlei milden Zuversicht, voll Blut und Leidenschaft
2135 1073 3262 1127 und Schwermut und lyrischer Verschnörkelung, voll großer
2139 1114 3262 1182 Fragen und bescheidener Antworten, zweifelnd, anklagend,
2132 1160 3267 1215 entschuldigend, unempfindlich und empfindsam, überlegen bis
2133 1200 3272 1271 zur Demut (als der Ueberlegenheit letzte Konsequenz) und pathetisch
2139 1248 3265 1300 bis zur Einfachheit (als des Pathos sublimster Spitze). Ein
2139 1293 3261 1345 Versuch, Weite und Tiefe des Schauspiels auszumessen, soll
2131 1342 3270 1390 hier noch unternommen werden. Im Deutschen Volkstheater
2137 1378 3274 1441 findet der „Ruf des Lebens“ eine liebevolle, zum Teil muster¬
2138 1433 3260 1479 hafte Darstellung. Manches, im zweiten Akt besonders, kann
2136 1464 3275 1529 man sich dramatisch straffer denken, von dunklerer Resonanz
2130 1503 3280 1568 und intensiverer Stimmung. Doch mögen, gegenüber dem
2137 1561 3276 1620 schönen sorgfältigen Ganzen dieser Aufführung, Detailkinwände
2134 1593 3276 1651 schweigen. Treue Diener des Dichters waren Frau Thaller,
2138 1639 3274 1699 als rührende Mutter, Herr Klitsch, als skeptischer Held,
2129 1706 3285 1755 und Herr Edthofer, der sich in einer Rolle vom
2131 1720 3281 1790 farblosesten Moll allerdings nicht recht behaglich fühlen konnte.
2131 1765 3272 1824 Sehr angenehm und wirksam Herr Kramer, wenn er auch
2132 1808 3276 1862 nicht die konzentrierte Kraft für die knappe Bühnen=Viertelstunde
2137 1859 3283 1918 des Leutnants Max aufbringt, in die so viel Schicksal, Ekstase,
2131 1901 3286 1957 Verzweiflung und Furor hineingepreßt ist, in der alls Linien
2140 1951 3275 2004 des tragischen Geschehens so kühn perspektivisch verkürzt er¬
2145 1991 3285 2046 scheinen. Trefflich gelang solche Darstellung eines ge¬
2134 2029 3276 2090 drängtesten Schicksals, eines Extrakt=Schicksals gewissermaßen,
2144 2074 3283 2144 dem Fräulein Marberg, die meteorgleich erschien, flammte
2148 2141 3287 2199 und verlosch. Von Herrn Homma ist nichts Außer¬
2146 2155 3271 2232 ordentliches zu melden; er war, als „alter, böser Mann“,
2146 2204 3283 2256 nach Gebühr alt und böse. In einer kleinen Rolle erwies
2141 2262 3283 2313 Herr Fürth oft bewährte schauspielerische Delikatesse. Ge¬
2152 2302 3283 2352 legenheit, seine Ansprüche auf Ruhm einmal breiter zu recht¬
2145 2337 3285 2397 fertigen, sich wirklich auszuzeichnen oder wirklich zu blamieren,
2151 2384 3275 2438 wäre diesem bescheidenen jungen Künstler wohl zu gönnen. In
2154 2426 3278 2480 Herrn Weisse fand die kurze aber inhaltsreiche Partie des
2156 2471 3280 2525 Obersten den geeigneten schicksalsträchtigen Darsteller. Seinen
2148 2521 3289 2572 schauspielerischen Glanz empfing der Schnitzler=Abend von den
2151 2559 3289 2614 Damen Hannemann und Müller. Fräulein Hannemann
2144 2605 3286 2651 hat einen wundervollen Ton für Herzensnot, das
2148 2639 3292 2703 schönste, stolzeste Leidbewußtsein („blühendes Leid“ empfindet
2143 2690 3291 2734 man), und ihr Wesen, wenn es in Brand steht,
2160 2738 3288 2793 flammt weiß und stark in seltener Leuchtkraft. Ich finde auch
2155 2794 3294 2833 einen eigenartigen Reiz in dem Kontrast zwischen ihrem herben
2150 2825 3281 2874 Organ und der weichen Traurigkeit um Mund und Augen.
2159 2871 3282 2918 Ein stolzer Mensch und eine hingebungsvolle Frau: das sind
2154 2904 3283 2964 die zwei wesentlichen Komponenten ihrer schauspielerischen Art.
2159 2948 3282 3003 Fräulein Müller trug die schwere Rolle des schwind¬
2162 2998 3295 3071 süchtigen, lebenshungrigen Mädchens. Die eigentümliche
2155 3045 3287 3104 Poesie dieses letalen Lebens= und Liebeshungers
2160 3087 3299 3139 brachte sie sehr fein. Ein flackernder, hektischer Glanz
2166 3125 3289 3181 war um das ganze Persönchen, in ihren Augen, ihrer Stimme
2166 3164 3290 3231 (von wenigen Augenblicken allzu süß=kindischen Gezirpes ab¬
2154 3209 3285 3292 gesehen), um ihre ganze huschende, geheimnisvolle, krankhaft¬
2138 3307 3276 3402 Fröhlichkeit. Sie spielte das sehr hübsch, wie dieses junge
2144 3378 3278 3446 Geschöpf, vom drohenden Blick des Todes fasziniert, in einem
2135 3422 3279 3491 unablässigen angstvoll=wonnigen Tanz=Rausch yinflattert. Eine
2134 3450 3275 3528 Motte, die gebennt ums Dunkel schwirrt. Dabei hatte ihre
2133 3502 3274 3570 Sprache manchmal einen ergreifend visionären, körperlosen,
2142 3551 3270 3603 kühlen Klang; der Schatten eines Tons. Ich werde die
2136 3595 3276 3654 schauernde, gleichsam nächtige Stimme nicht vergessen, mit der
2133 3636 3278 3699 sie, den Abschied von ihrem todgeweihten Liebsten erzählend,
2134 3690 3273 3729 nach den Worten: „Er war jung vor einer Stunde“, hinzu¬
2137 3730 3271 3785 fügte: „Uralt ist er heute“. Es erübrigt noch, Herrn Kut¬
2137 3760 3268 3834 scheras lobend zu gedenken, der den gütigen Arzt ruhig,
2131 3815 3266 3875 milde, menschlich=überlegen sprach, und die wehmüng=trost¬
2125 3862 3259 3924 reichen Schlußerkenntnisse des Stücks in einem sehr ein¬
2127 3887 3267 3947 fachen, innigen, wenn auch mit einem Tropfen priester¬
2129 3936 3260 3990 lichen Oels gesalbten Ton vorbrachte. Schuld andem Oel¬
2130 3976 3261 4052 tropfen trägt aber vielleicht das Stück, dessen letzte Klugheiten
2126 4030 3161 4112 weit mehr pastoralen als philosophischen Geschmack haben.
3087 4083 3225 4135 a. p.
