3484 4256
1559 196 2015 289 box 24/4
242 205 1399 318 19. Der Ruf des Lebens
1842 515 2369 636 Telenho12—
1121 604 2184 687 FEn. Budapest, Chicago, Christiania, Gent, Kopen¬
1097 676 2181 729 nagen, London, Madrid, Mailand, Minneapolis, New-Vork,
1135 718 2147 772 Paris, Rom, San Francisco, Stockholm, St. Petersburg.
1435 761 1849 810 (Quellenangabe ohne Gewähr).
1088 799 1854 914 Ausschnitt aus: 74 4. 1909
1099 920 1236 969 vom:
1243 947 2180 1045 Bersches Abendblatt, Prag
1301 1073 1960 1181 Neues deutsches Theater.
1389 1152 1878 1236 „Der Ruf des Lebens.“
1136 1207 2091 1333 Schauspiel in drei Akten von Arthur Schnitzler.
1445 1261 1794 1336 Zum erstenmale.
1206 1294 2109 1406 Schnitzler, einer der liebenswürdigsten Poeten
1129 1361 2099 1454 der neuen Wiener Richtung ist Arzt; die Phathologie
1138 1407 2095 1485 ist auch der Grundzug seiner dichterischen Arbeiten,
1138 1452 2088 1553 in denen er mit Vorliebe das Problem des Todes
1127 1501 2088 1599 behandelt — ein Problem, das für den ernsten
1124 1555 2093 1638 Denker nur die unvermeidliche Kehrseite der Leben:¬
1126 1599 2086 1703 freude darstellt. Ein solches Spiel mit dem Sensen¬
1130 1643 2090 1739 mann, vor dessen Angesicht sich ein armes gequältes
1118 1693 2084 1777 Menschenkind sinnlos in den Strudel des wild auf¬
1129 1739 2083 1833 schäumenden Lebens stürzt, ist unsere jüngste Neuheit.
1123 1796 2090 1891 Das Schauspiel wurde bereits im Jahre 1909 im
1125 1826 2080 1936 Berliner Lessingtheater aufgeführt. Schnitzler hat
1116 1894 2085 1981 seitdem einige Aenderungen daran vorgenommen,
1105 1930 2072 2031 die sich zumeist auf die Dialogform beziehen und
1107 1995 2081 2075 die Handlung des Stückes unverändert lassen. Im
1116 2025 2075 2114 Mittelpunkte der fast überreichen Vorgänge steht
1106 2077 2067 2167 Marie, die junge, lebensheischende Tochter des alten
1104 2129 2073 2225 Moser. Dieser hat vor 30 Jahren als Rittmeister
1106 2173 2062 2266 seine Eskadron vor dem Feinde zur Flucht veran¬
1106 2224 2066 2302 laßt und so das ganze Regiment der blauen Kü¬
1108 2267 2058 2372 rassiere mit Schmach bedeckt. Jetzt ist wieder Krieg;
1108 2314 2060 2420 die blauen Kürassiere rücken wieder gegen den Feind
1101 2368 2060 2468 aus; aber diesmal wollen sie die bis heute unge¬
1107 2414 2056 2515 fühnte Schmach wieder gut machen — bei der
1106 2469 2058 2553 nächsten blutigen Affaire stellen sie sich freiwillig an
1097 2508 2060 2607 die gefährlichste Stelle um bis auf den letzten Mann
1095 2561 2045 2655 den Heldentod zu sterben. Der alte Moser, im er¬
1096 2599 2047 2689 drückenden Bewußtsein seiner damals verübten Feig¬
1087 2651 2062 2759 heit, quält sich und seine ihn aufopfernd pflegende
1087 2700 2048 2799 Tochter bis aufs Blut. Doch tief in ihrer Brust
1091 2756 2037 2854 hegt sie eine schöne Erinnerung: eine selige Ball¬
1085 2813 2044 2903 nacht, die sie mit einem jungen Offizier einmal
1066 2855 2088 2956 durchgetanzt hat. Eben dieser Offizier soll morgen.
1132 2968 2089 3061 Früh mit den totgeweihten blauen Kürassieren ins
1134 3027 2091 3111 Feld ziehen. Da erfaßt das schon verzweifelnde Mädchen
1140 3078 2091 3152 ein unbezwingliches Verlangen, wenigstens einmal in
1133 3133 2099 3195 vollen Zügen das Leben zu genießen. Sinnlos von
1134 3183 2106 3262 ihrem aufschreiendem Blute, gibt sie dem kranken
1138 3221 2109 3303 Vater einen Schlaftrunk der — wie der Arzt sagt —
1137 3267 2103 3347 für 100 Nächte reicht, und eilt zu dem todgeweihten
1149 3313 2104 3400 Geliebten, um sich ihm für eine wilde Nacht hinzu
1145 3367 2116 3451 geben. Sie findet ihn — im Banne einer anderen,
1146 3429 2118 3483 der Frau seines Obersten, die ihn überreden will zu
1153 3459 2123 3536 desertieren und mit ihr ins lachende Leben hinaus
1145 3508 2123 3611 zu fliehen. Hier wird das arme von Liebesqualen
1146 3552 2116 3643 erbebende Mädchen Zeuge wie der beleidigte Gatte
1162 3600 2115 3686 erscheint, seine treulose Frau niederschießt und dem
1159 3652 2118 3728 ehrlosen Verführer bitteren Hohnes den Rat gibt,
1169 3700 2119 3780 selbst Hand an sich zu legen. Und trotzdem fliegt sie
1160 3760 2118 3824 dem Ideal ihrer überhitzten Einbildungskraft an den
1160 3793 2132 3875 Hals. Die beiden ersten Akte sind atemversetzende
1166 3842 2124 3928 Meisterwerke lückenlos fest gefügter Motivierungskunst
1229 3900 2131 3968 und der Dialog, Schnitzlers stärkste Seite, ent¬
1173 3944 2117 4027 hüllt uns eine Welt von abgeklärter Weisheit und
1169 3986 2132 4060 Güte. Der Schlußakt verglimmt in lyrischen Aus¬
1170 4034 2139 4115 klängen. Schnitzler sieht in der tragischen Heldin
1169 4078 2141 4157 nicht eine Schuldige, er ist der warmfühlende Arzt,
1967 4126 2124 4179 REHe
