<?xml version="1.0" encoding="UTF-8" standalone="yes"?>
<PcGts xmlns="http://schema.primaresearch.org/PAGE/gts/pagecontent/2013-07-15" xmlns:xsi="http://www.w3.org/2001/XMLSchema-instance" xsi:schemaLocation="http://schema.primaresearch.org/PAGE/gts/pagecontent/2013-07-15 http://schema.primaresearch.org/PAGE/gts/pagecontent/2013-07-15/pagecontent.xsd">
    <Metadata>
        <Creator>prov=University of Rostock/Institute of Mathematics/CITlab/Gundram Leifert/gundram.leifert@uni-rostock.de:name=ONB_Newseye_GT_M1+(htr_id=10810)::::v=2.4.2
prov=University of Rostock/Institute of Mathematics/CITlab/Tobias Gruening/tobias.gruening@uni-rostock.de:name=de.uros.citlab.module.baseline2polygon.B2PSeamMultiOriented:v=2.4.2
prov=University of Rostock/Institute of Mathematics/CITlab/Tobias Gruening/tobias.gruening@uni-rostock.de:name=/mnt/transkribus/LA/DEA/URO/LA_news_onb_att.pb:de.uros.citlab.segmentation.CITlab_LA_ML:v=2.4.2
Transkribus</Creator>
        <Created>2019-10-07T11:21:31.683+02:00</Created>
        <LastChange>2019-10-08T10:45:50.186+02:00</LastChange>
        <TranskribusMetadata docId="223969" pageId="9498530" pageNr="470" tsid="16527706" status="IN_PROGRESS" userId="40391" imgUrl="https://files.transkribus.eu/Get?id=KFIYQZTJOIAPOXHXGBUHOMLL&amp;fileType=view" xmlUrl="https://files.transkribus.eu/Get?id=BNHGVXJPAHNOVRHQFLEXWVXL" imageId="6188752"/>
    </Metadata>
    <Page imageFilename="223969_0470.jpeg" imageWidth="3436" imageHeight="4352">
        <ReadingOrder>
            <OrderedGroup id="ro_1711451504510" caption="Regions reading order">
                <RegionRefIndexed index="0" regionRef="r1"/>
            </OrderedGroup>
        </ReadingOrder>
        <TextRegion orientation="0.0" id="r1" custom="readingOrder {index:0;}">
            <Coords points="276,244 276,3101 2915,3101 2915,244"/>
            <TextLine id="r1l1" custom="readingOrder {index:0;}">
                <Coords points="878,270 898,270 904,276 927,276 930,279 938,279 950,271 955,277 973,277 973,228 959,228 934,211 928,213 911,204 905,210 900,204 880,204"/>
                <Baseline points="893,268 925,268 958,269"/>
                <TextEquiv>
                    <Unicode>d</Unicode>
                </TextEquiv>
            </TextLine>
            <TextLine id="r1l2" custom="readingOrder {index:1;}">
                <Coords points="1460,295 2026,294 2043,290 2041,213 1904,205 1870,229 1835,207 1764,232 1649,209 1459,266"/>
                <Baseline points="1474,291 1501,286 1529,281 1556,278 1584,276 1612,274 1639,272 1667,271 1695,271 1722,271 1750,271 1778,271 1805,272 1833,272 1861,272 1888,271 1916,271 1944,270 1971,268 1999,267 2027,264"/>
                <TextEquiv>
                    <Unicode>box 24/4</Unicode>
                </TextEquiv>
            </TextLine>
            <TextLine id="r1l3" custom="readingOrder {index:2;}">
                <Coords points="262,306 1440,305 1440,245 1389,219 1109,216 963,271 829,212 263,234"/>
                <Baseline points="276,269 333,274 391,279 448,283 506,286 563,287 621,289 678,290 736,291 793,291 851,291 908,290 966,290 1023,290 1081,289 1138,289 1196,289 1253,290 1311,290 1368,292 1426,293"/>
                <TextEquiv>
                    <Unicode>19. Der Ruf s Lebens</Unicode>
                </TextEquiv>
            </TextLine>
            <TextLine id="r1l4" custom="readingOrder {index:3;}">
                <Coords points="913,1505 990,1502 1061,1527 1142,1504 1421,1526 1499,1509 1501,1463 915,1456"/>
                <Baseline points="928,1490 955,1490 983,1490 1011,1491 1039,1492 1067,1494 1094,1495 1122,1497 1150,1498 1178,1499 1206,1501 1233,1502 1261,1504 1289,1505 1317,1505 1345,1506 1372,1506 1400,1506 1428,1506 1456,1505 1484,1504"/>
                <TextEquiv>
                    <Unicode>Morgenfeier im Hoftheater.</Unicode>
                </TextEquiv>
            </TextLine>
            <TextLine id="r1l5" custom="readingOrder {index:4;}">
                <Coords points="1772,1501 2928,1552 2913,1471 1774,1436"/>
                <Baseline points="1786,1499 1842,1501 1898,1503 1955,1505 2011,1508 2068,1510 2124,1512 2181,1514 2237,1516 2294,1517 2350,1520 2406,1521 2463,1523 2519,1525 2576,1526 2632,1527 2689,1529 2745,1530 2802,1531 2858,1532 2915,1534"/>
                <TextEquiv>
                    <Unicode>schrieben und im Anschluß an die Vorlesung eines Abschnit¬</Unicode>
                </TextEquiv>
            </TextLine>
            <TextLine id="r1l6" custom="readingOrder {index:5;}">
                <Coords points="636,1531 1718,1578 1764,1571 1766,1499 1523,1490 1396,1527 637,1500"/>
                <Baseline points="649,1528 704,1532 759,1536 814,1540 869,1543 924,1546 979,1548 1034,1550 1089,1552 1144,1553 1199,1554 1254,1555 1309,1556 1364,1557 1419,1557 1474,1558 1529,1558 1584,1558 1639,1559 1694,1559 1750,1560"/>
                <TextEquiv>
                    <Unicode>8 Stuttgart 1. Dez. Die gestrige Morgenfeier im Kleinen</Unicode>
                </TextEquiv>
            </TextLine>
            <TextLine id="r1l7" custom="readingOrder {index:6;}">
                <Coords points="1766,1539 2914,1580 2904,1533 1768,1499"/>
                <Baseline points="1780,1545 1836,1547 1892,1548 1948,1549 2004,1551 2060,1553 2116,1555 2172,1557 2228,1558 2284,1560 2340,1562 2396,1564 2452,1566 2508,1568 2564,1569 2620,1571 2676,1572 2732,1574 2788,1575 2844,1575 2901,1576"/>
                <TextEquiv>
                    <Unicode>tes aus der Schilderung des Bürgers Hussel über den Ver¬</Unicode>
                </TextEquiv>
            </TextLine>
            <TextLine id="r1l8" custom="readingOrder {index:7;}">
                <Coords points="620,1582 1771,1623 1752,1571 621,1528"/>
                <Baseline points="634,1580 690,1582 746,1583 802,1584 858,1586 915,1588 971,1590 1027,1591 1083,1594 1139,1595 1196,1597 1252,1599 1308,1600 1364,1602 1420,1603 1477,1604 1533,1605 1589,1605 1645,1606 1701,1605 1758,1605"/>
                <TextEquiv>
                    <Unicode>Haus des Hoftheaters galt den Befreiungskriegen,</Unicode>
                </TextEquiv>
            </TextLine>
            <TextLine id="r1l9" custom="readingOrder {index:8;}">
                <Coords points="1772,1593 2914,1637 2916,1580 1773,1547"/>
                <Baseline points="1785,1587 1840,1589 1896,1591 1952,1593 2007,1595 2063,1597 2119,1599 2174,1600 2230,1602 2286,1604 2342,1606 2397,1608 2453,1609 2509,1611 2564,1612 2620,1614 2676,1616 2731,1617 2787,1619 2843,1620 2899,1622"/>
                <TextEquiv>
                    <Unicode>lauf dieser Schlacht trug Hoffmeister Arndts bekanntes Ge¬</Unicode>
                </TextEquiv>
            </TextLine>
            <TextLine id="r1l10" custom="readingOrder {index:9;}">
                <Coords points="615,1624 1551,1667 1740,1663 1764,1627 616,1581"/>
                <Baseline points="630,1623 688,1625 747,1627 806,1629 865,1631 924,1633 983,1635 1042,1636 1101,1638 1160,1640 1218,1641 1277,1643 1336,1644 1395,1645 1454,1646 1513,1647 1572,1648 1631,1649 1690,1649 1749,1649"/>
                <TextEquiv>
                    <Unicode>d. h. den Sängern und den Vertretern des deutschen Schrift¬</Unicode>
                </TextEquiv>
            </TextLine>
            <TextLine id="r1l11" custom="readingOrder {index:10;}">
                <Coords points="1769,1634 2865,1674 2921,1627 1770,1594"/>
                <Baseline points="1782,1631 1838,1634 1894,1637 1950,1639 2007,1641 2063,1643 2119,1644 2175,1646 2232,1647 2288,1649 2344,1650 2400,1651 2457,1652 2513,1654 2569,1655 2625,1656 2682,1658 2738,1659 2794,1661 2850,1663 2907,1664"/>
                <TextEquiv>
                    <Unicode>dicht vor: „Wo kommst Du her im roten Kleid?“ Mit sei¬</Unicode>
                </TextEquiv>
            </TextLine>
            <TextLine id="r1l12" custom="readingOrder {index:11;}">
                <Coords points="628,1682 1760,1709 1761,1657 1612,1645 630,1630"/>
                <Baseline points="643,1668 698,1669 753,1671 808,1672 863,1674 918,1675 973,1677 1028,1678 1083,1680 1138,1681 1194,1683 1249,1684 1304,1685 1359,1686 1414,1687 1469,1689 1524,1690 1579,1691 1634,1692 1689,1693 1745,1694"/>
                <TextEquiv>
                    <Unicode>tums, die einst das deutsche Volk aufrüttelten und anspornten</Unicode>
                </TextEquiv>
            </TextLine>
            <TextLine id="r1l13" custom="readingOrder {index:12;}">
                <Coords points="1774,1679 2916,1718 2917,1669 2695,1643 1775,1636"/>
                <Baseline points="1789,1674 1844,1677 1900,1681 1955,1683 2011,1686 2067,1688 2122,1690 2178,1691 2234,1693 2289,1694 2345,1695 2401,1696 2456,1698 2512,1699 2568,1700 2623,1701 2679,1702 2735,1703 2790,1704 2846,1706 2902,1707"/>
                <TextEquiv>
                    <Unicode>nem lodernden Pathos entfesselte der Künstler begeisterten</Unicode>
                </TextEquiv>
            </TextLine>
            <TextLine id="r1l14" custom="readingOrder {index:13;}">
                <Coords points="617,1714 1763,1753 1758,1701 618,1671"/>
                <Baseline points="632,1714 687,1715 743,1716 799,1717 855,1719 911,1720 967,1722 1022,1723 1078,1725 1134,1726 1190,1727 1246,1729 1302,1730 1358,1731 1413,1732 1469,1733 1525,1734 1581,1735 1637,1735 1693,1736 1749,1736"/>
                <TextEquiv>
                    <Unicode>zu den Großtaten jener Zeit. Das reichhaltige Programm</Unicode>
                </TextEquiv>
            </TextLine>
            <TextLine id="r1l15" custom="readingOrder {index:14;}">
                <Coords points="1773,1741 2887,1767 2911,1708 1774,1681"/>
                <Baseline points="1787,1719 1842,1721 1897,1723 1953,1725 2008,1727 2064,1729 2119,1731 2174,1733 2230,1734 2285,1736 2341,1737 2396,1738 2451,1739 2507,1741 2562,1742 2618,1743 2673,1744 2728,1745 2784,1746 2839,1747 2895,1749"/>
                <TextEquiv>
                    <Unicode>Beifall. Zuletzt kam noch Raoul Aslan, dem der „Frühlings¬</Unicode>
                </TextEquiv>
            </TextLine>
            <TextLine id="r1l16" custom="readingOrder {index:15;}">
                <Coords points="615,1743 857,1780 1763,1792 1764,1755 1707,1742 616,1712"/>
                <Baseline points="630,1758 686,1759 742,1760 798,1761 854,1762 910,1764 966,1765 1022,1766 1078,1767 1134,1768 1190,1770 1246,1771 1302,1772 1358,1774 1414,1775 1470,1776 1526,1778 1582,1779 1638,1780 1694,1782 1750,1783"/>
                <TextEquiv>
                    <Unicode>umfaßte Liedervorträge des Hoftheatersingchors und Rezita¬</Unicode>
                </TextEquiv>
            </TextLine>
            <TextLine id="r1l17" custom="readingOrder {index:16;}">
                <Coords points="1767,1775 2916,1802 2891,1752 1769,1726"/>
                <Baseline points="1783,1765 1838,1765 1894,1767 1950,1768 2006,1770 2062,1771 2118,1773 2174,1774 2230,1776 2286,1778 2342,1780 2397,1782 2453,1783 2509,1785 2565,1787 2621,1789 2677,1790 2733,1791 2789,1792 2845,1793 2901,1794"/>
                <TextEquiv>
                    <Unicode>gruß ans Vaterland“ von Schenkendorf am besten gelang.</Unicode>
                </TextEquiv>
            </TextLine>
            <TextLine id="r1l18" custom="readingOrder {index:17;}">
                <Coords points="613,1825 1765,1832 1765,1792 1700,1785 615,1742"/>
                <Baseline points="628,1802 684,1803 740,1804 796,1806 852,1807 908,1808 964,1809 1021,1811 1077,1812 1133,1813 1189,1814 1245,1816 1301,1816 1357,1818 1414,1819 1470,1820 1526,1821 1582,1822 1638,1823 1694,1825 1751,1826"/>
                <TextEquiv>
                    <Unicode>tionen von Gedichten, die aus der Zeit der Befreiungskriege</Unicode>
                </TextEquiv>
            </TextLine>
            <TextLine id="r1l19" custom="readingOrder {index:18;}">
                <Coords points="1763,1806 2805,1851 2923,1828 2924,1794 1764,1763"/>
                <Baseline points="1778,1806 1834,1807 1891,1809 1947,1811 2004,1812 2060,1814 2117,1815 2173,1817 2230,1819 2286,1821 2343,1822 2399,1824 2456,1826 2512,1828 2569,1829 2625,1831 2682,1832 2738,1834 2795,1835 2851,1836 2908,1837"/>
                <TextEquiv>
                    <Unicode>Zwischen den Darbietungen der Rezitatoren ließen sich die</Unicode>
                </TextEquiv>
            </TextLine>
            <TextLine id="r1l20" custom="readingOrder {index:19;}">
                <Coords points="623,1852 1657,1882 1763,1876 1764,1836 624,1809"/>
                <Baseline points="637,1844 692,1846 748,1847 803,1848 859,1850 915,1851 970,1853 1026,1854 1082,1856 1137,1857 1193,1858 1249,1860 1304,1861 1360,1862 1416,1863 1471,1864 1527,1865 1583,1867 1638,1868 1694,1869 1750,1869"/>
                <TextEquiv>
                    <Unicode>stammen. Den einleitenden Vortrag hatte Dr. Ernst Leopold</Unicode>
                </TextEquiv>
            </TextLine>
            <TextLine id="r1l21" custom="readingOrder {index:20;}">
                <Coords points="1763,1862 2923,1893 2907,1824 1765,1799"/>
                <Baseline points="1778,1849 1834,1851 1891,1853 1947,1855 2004,1857 2060,1859 2117,1861 2173,1862 2230,1863 2286,1865 2343,1866 2399,1867 2456,1869 2512,1870 2569,1871 2625,1872 2682,1874 2738,1876 2795,1878 2851,1879 2908,1881"/>
                <TextEquiv>
                    <Unicode>Mitglieder des Hoftheatersingchors hören, die dann mit dem</Unicode>
                </TextEquiv>
            </TextLine>
            <TextLine id="r1l22" custom="readingOrder {index:21;}">
                <Coords points="624,1896 1761,1934 1762,1877 1719,1873 625,1851"/>
                <Baseline points="639,1886 694,1888 749,1891 805,1893 860,1895 916,1896 971,1898 1026,1899 1082,1900 1137,1901 1193,1903 1248,1903 1303,1904 1359,1905 1414,1906 1470,1907 1525,1907 1580,1908 1636,1909 1691,1910 1747,1911"/>
                <TextEquiv>
                    <Unicode>Stahl-Freiburg i. B. übernommen, der in gedankenreichen</Unicode>
                </TextEquiv>
            </TextLine>
            <TextLine id="r1l23" custom="readingOrder {index:22;}">
                <Coords points="1761,1906 2689,1941 2881,1937 2922,1886 1762,1854"/>
                <Baseline points="1776,1891 1832,1895 1889,1898 1945,1900 2002,1902 2059,1904 2115,1905 2172,1907 2228,1908 2285,1909 2342,1911 2398,1912 2455,1913 2511,1914 2568,1915 2625,1916 2681,1917 2738,1919 2794,1921 2851,1923 2908,1925"/>
                <TextEquiv>
                    <Unicode>prachtyoll vorgetragenen Lied Schenkendorfs „Freiheit, die ich</Unicode>
                </TextEquiv>
            </TextLine>
            <TextLine id="r1l24" custom="readingOrder {index:23;}">
                <Coords points="614,1941 1686,1970 1757,1966 1758,1920 615,1890"/>
                <Baseline points="629,1934 684,1935 740,1936 796,1937 851,1938 907,1939 963,1940 1018,1941 1074,1942 1130,1943 1186,1945 1241,1946 1297,1947 1353,1948 1408,1949 1464,1950 1520,1951 1575,1952 1631,1953 1687,1954 1743,1954"/>
                <TextEquiv>
                    <Unicode>Darlegungen die Bedeutung der zahtreichen Dichter der Be¬</Unicode>
                </TextEquiv>
            </TextLine>
            <TextLine id="r1l25" custom="readingOrder {index:24;}">
                <Coords points="1770,1944 2835,1995 2925,1957 2768,1919 1771,1904"/>
                <Baseline points="1785,1936 1841,1939 1897,1942 1953,1944 2010,1946 2066,1948 2122,1949 2178,1951 2235,1952 2291,1953 2347,1954 2403,1955 2460,1956 2516,1957 2572,1959 2628,1960 2685,1962 2741,1963 2797,1966 2853,1968 2910,1971"/>
                <TextEquiv>
                    <Unicode>meine die stimmungsvoll verlaufene Morgenfeier ausklingen</Unicode>
                </TextEquiv>
            </TextLine>
            <TextLine id="r1l26" custom="readingOrder {index:25;}">
                <Coords points="1776,1993 1796,2000 1807,1994 1832,2007 1856,1997 1884,2008 1904,1997 1915,2007 1958,2015 1962,1952 1933,1948 1904,1960 1879,1944 1870,1952 1833,1942 1779,1944"/>
                <Baseline points="1790,1981 1815,1982 1841,1984 1867,1985 1892,1986 1918,1988 1944,1991"/>
                <TextEquiv>
                    <Unicode>ließef.</Unicode>
                </TextEquiv>
            </TextLine>
            <TextLine id="r1l27" custom="readingOrder {index:26;}">
                <Coords points="628,1992 1760,2013 1744,1959 630,1929"/>
                <Baseline points="642,1979 697,1979 752,1979 807,1980 863,1981 918,1982 973,1984 1028,1985 1084,1986 1139,1988 1194,1990 1249,1991 1305,1993 1360,1994 1415,1996 1470,1997 1526,1997 1581,1998 1636,1998 1691,1998 1747,1998"/>
                <TextEquiv>
                    <Unicode>freiungskriege würdigte und ihren Einfluß auf den Gang der</Unicode>
                </TextEquiv>
            </TextLine>
            <TextLine id="r1l28" custom="readingOrder {index:27;}">
                <Coords points="2035,2031 2095,2014 2175,2031 2201,2016 2216,2031 2521,2033 2570,2016 2570,1985 2464,1979 2447,1962 2284,1973 2227,1956 2144,1965 2127,1948 2087,1965 2035,1954"/>
                <Baseline points="2050,2001 2075,2001 2100,2000 2125,2000 2151,1999 2176,1998 2201,1998 2227,1997 2252,1996 2277,1996 2303,1995 2328,1995 2353,1995 2378,1995 2404,1996 2429,1996 2454,1997 2480,1998 2505,2000 2530,2003 2556,2006"/>
                <TextEquiv>
                    <Unicode>Ju a4</Unicode>
                </TextEquiv>
            </TextLine>
            <TextLine id="r1l29" custom="readingOrder {index:28;}">
                <Coords points="626,2015 794,2047 1763,2050 1733,2004 627,1983"/>
                <Baseline points="641,2022 696,2023 751,2023 807,2024 862,2025 918,2026 973,2027 1028,2029 1084,2030 1139,2031 1195,2032 1250,2033 1305,2034 1361,2035 1416,2037 1472,2037 1527,2038 1582,2039 1638,2039 1693,2040 1749,2040"/>
                <TextEquiv>
                    <Unicode>geschichtlichen Ereignisse in seinsinnigen Wendungen klar her¬</Unicode>
                </TextEquiv>
            </TextLine>
            <TextLine id="r1l30" custom="readingOrder {index:29;}">
                <Coords points="2037,2072 2212,2089 2289,2066 2375,2101 2506,2101 2715,2067 2775,2098 2843,2058 2843,2007 2760,1998 2663,2047 2038,2026"/>
                <Baseline points="2052,2060 2090,2062 2129,2065 2168,2066 2207,2068 2246,2070 2284,2071 2323,2071 2362,2072 2401,2072 2440,2072 2478,2072 2517,2071 2556,2071 2595,2070 2634,2069 2672,2068 2711,2067 2750,2066 2789,2064 2828,2063"/>
                <TextEquiv>
                    <Unicode>Stuttgarter Schauspielhaus. 777.</Unicode>
                </TextEquiv>
            </TextLine>
            <TextLine id="r1l31" custom="readingOrder {index:30;}">
                <Coords points="630,2073 1766,2105 1768,2043 630,2033"/>
                <Baseline points="645,2067 700,2067 755,2067 811,2067 866,2068 922,2069 977,2070 1033,2072 1088,2073 1144,2075 1199,2076 1254,2077 1310,2079 1365,2080 1421,2081 1476,2082 1532,2083 1587,2083 1643,2083 1698,2083 1754,2083"/>
                <TextEquiv>
                    <Unicode>orhob. Er gedachte Friedrich Schillers, der die Tage tiefster</Unicode>
                </TextEquiv>
            </TextLine>
            <TextLine id="r1l32" custom="readingOrder {index:31;}">
                <Coords points="636,2111 1758,2146 1759,2092 636,2074"/>
                <Baseline points="649,2110 703,2110 758,2110 813,2111 868,2112 922,2112 977,2114 1032,2115 1087,2116 1141,2118 1196,2119 1251,2121 1306,2122 1360,2124 1415,2125 1470,2126 1525,2127 1579,2128 1634,2128 1689,2129 1744,2129"/>
                <TextEquiv>
                    <Unicode>eutscher Schmach nicht zu erleben brauchte, dessen Reiterlied</Unicode>
                </TextEquiv>
            </TextLine>
            <TextLine id="r1l33" custom="readingOrder {index:32;}">
                <Coords points="1860,2124 2428,2163 2915,2141 2870,2085 2292,2108 2242,2076 1862,2072"/>
                <Baseline points="1874,2121 1925,2124 1976,2126 2027,2129 2079,2131 2130,2133 2181,2135 2232,2136 2284,2138 2335,2139 2386,2140 2437,2141 2489,2142 2540,2143 2591,2144 2642,2145 2694,2145 2745,2146 2796,2147 2847,2147 2899,2148"/>
                <TextEquiv>
                    <Unicode>1 Arthur Schnitzler, der leicht plaudernde, elegante</Unicode>
                </TextEquiv>
            </TextLine>
            <TextLine id="r1l34" custom="readingOrder {index:33;}">
                <Coords points="636,2159 1727,2185 1767,2180 1768,2137 637,2114"/>
                <Baseline points="649,2154 704,2154 759,2155 814,2155 869,2156 925,2157 980,2158 1035,2160 1090,2161 1145,2163 1201,2164 1256,2166 1311,2167 1366,2169 1421,2170 1477,2171 1532,2172 1587,2172 1642,2172 1697,2172 1753,2171"/>
                <TextEquiv>
                    <Unicode>ber von Kriegern, die auszogen zum Kampse fürs Vater¬</Unicode>
                </TextEquiv>
            </TextLine>
            <TextLine id="r1l35" custom="readingOrder {index:34;}">
                <Coords points="1761,2171 1815,2179 1832,2171 1844,2183 1861,2175 1889,2187 1990,2176 2006,2185 2067,2181 2068,2135 2028,2128 2014,2137 1931,2137 1885,2121 1848,2134 1762,2129"/>
                <Baseline points="1776,2165 1801,2165 1826,2166 1851,2167 1876,2168 1901,2169 1927,2171 1952,2171 1977,2172 2002,2172 2027,2172 2053,2172"/>
                <TextEquiv>
                    <Unicode>Gesellschafter,</Unicode>
                </TextEquiv>
            </TextLine>
            <TextLine id="r1l36" custom="readingOrder {index:35;}">
                <Coords points="2270,2191 2573,2185 2604,2203 2670,2183 2867,2205 2904,2197 2905,2148 2270,2148"/>
                <Baseline points="2283,2185 2313,2184 2343,2185 2374,2185 2404,2185 2435,2185 2465,2186 2495,2186 2526,2187 2556,2187 2587,2188 2617,2188 2647,2189 2678,2189 2708,2189 2739,2189 2769,2189 2799,2189 2830,2189 2860,2188 2891,2187"/>
                <TextEquiv>
                    <Unicode>em „Ruf des Lebens“</Unicode>
                </TextEquiv>
            </TextLine>
            <TextLine id="r1l37" custom="readingOrder {index:36;}">
                <Coords points="620,2206 1740,2227 1758,2179 621,2155"/>
                <Baseline points="635,2198 690,2198 745,2199 801,2199 856,2200 912,2201 967,2202 1023,2203 1078,2204 1134,2205 1189,2207 1244,2208 1300,2209 1355,2210 1411,2211 1466,2212 1522,2213 1577,2214 1633,2215 1688,2215 1744,2216"/>
                <TextEquiv>
                    <Unicode>and, gesungen wurde; er erinnerte an Theodor Körner, den</Unicode>
                </TextEquiv>
            </TextLine>
            <TextLine id="r1l38" custom="readingOrder {index:37;}">
                <Coords points="1770,2216 2807,2251 2911,2213 1771,2173"/>
                <Baseline points="1785,2213 1840,2213 1896,2214 1951,2215 2007,2216 2063,2217 2118,2218 2174,2220 2229,2221 2285,2223 2341,2224 2396,2225 2452,2227 2507,2228 2563,2230 2619,2231 2674,2232 2730,2233 2785,2234 2841,2235 2897,2236"/>
                <TextEquiv>
                    <Unicode>tiefer zu gehen; er läßt Probleme nicht nur anklingen, son¬</Unicode>
                </TextEquiv>
            </TextLine>
            <TextLine id="r1l39" custom="readingOrder {index:38;}">
                <Coords points="621,2245 1761,2272 1762,2223 622,2205"/>
                <Baseline points="635,2243 690,2243 746,2244 801,2244 857,2245 912,2246 968,2247 1023,2247 1079,2248 1134,2249 1190,2250 1246,2251 1301,2252 1357,2253 1412,2254 1468,2255 1523,2256 1579,2257 1634,2258 1690,2259 1746,2260"/>
                <TextEquiv>
                    <Unicode>Sänger der Jünglinge, an Arndt, den Dichter der Männer,</Unicode>
                </TextEquiv>
            </TextLine>
            <TextLine id="r1l40" custom="readingOrder {index:39;}">
                <Coords points="1759,2261 2787,2293 2917,2245 1760,2215"/>
                <Baseline points="1774,2255 1830,2257 1886,2258 1943,2260 1999,2262 2056,2263 2112,2265 2169,2266 2225,2267 2282,2268 2338,2269 2394,2270 2451,2271 2507,2272 2564,2273 2620,2274 2677,2275 2733,2276 2790,2278 2846,2279 2903,2281"/>
                <TextEquiv>
                    <Unicode>dern er sucht sie auch zu lösen. Aber es bleibt eben doch nur</Unicode>
                </TextEquiv>
            </TextLine>
            <TextLine id="r1l41" custom="readingOrder {index:40;}">
                <Coords points="621,2296 1606,2318 1755,2309 1756,2266 621,2259"/>
                <Baseline points="635,2284 690,2286 745,2287 800,2288 856,2289 911,2290 966,2291 1022,2292 1077,2292 1132,2293 1188,2294 1243,2295 1298,2295 1353,2296 1409,2297 1464,2298 1519,2299 1575,2300 1630,2301 1685,2303 1741,2304"/>
                <TextEquiv>
                    <Unicode>m Schenkendorf, in dessen Lieder frauenhafte Zartheit uns</Unicode>
                </TextEquiv>
            </TextLine>
            <TextLine id="r1l42" custom="readingOrder {index:41;}">
                <Coords points="1758,2304 2906,2336 2899,2273 1759,2261"/>
                <Baseline points="1772,2302 1828,2303 1884,2303 1940,2304 1996,2305 2052,2306 2108,2307 2164,2308 2220,2310 2276,2311 2332,2312 2388,2313 2444,2315 2500,2316 2556,2317 2612,2319 2668,2320 2724,2321 2780,2322 2836,2323 2893,2324"/>
                <TextEquiv>
                    <Unicode>ein Versuch, und so erschütternd auch die beiden ersten Akte</Unicode>
                </TextEquiv>
            </TextLine>
            <TextLine id="r1l43" custom="readingOrder {index:42;}">
                <Coords points="625,2335 1762,2362 1763,2305 626,2284"/>
                <Baseline points="639,2328 694,2329 749,2330 805,2331 860,2332 916,2333 971,2334 1026,2335 1082,2337 1137,2338 1193,2339 1248,2340 1303,2341 1359,2342 1414,2343 1470,2344 1525,2345 1580,2346 1636,2346 1691,2347 1747,2348"/>
                <TextEquiv>
                    <Unicode>mtgegentritt. Auch auf Fichte verwies der Vortragende, auf</Unicode>
                </TextEquiv>
            </TextLine>
            <TextLine id="r1l44" custom="readingOrder {index:43;}">
                <Coords points="1755,2355 2829,2387 2898,2380 2899,2325 1756,2298"/>
                <Baseline points="1769,2345 1824,2346 1880,2346 1936,2346 1991,2347 2047,2348 2103,2349 2158,2351 2214,2352 2270,2353 2326,2355 2381,2356 2437,2357 2493,2359 2548,2360 2604,2361 2660,2362 2715,2362 2771,2363 2827,2363 2883,2362"/>
                <TextEquiv>
                    <Unicode>sind, so große Fragen auch in ihnen gestellt werden — ihre</Unicode>
                </TextEquiv>
            </TextLine>
            <TextLine id="r1l45" custom="readingOrder {index:44;}">
                <Coords points="609,2370 1760,2406 1761,2354 1681,2344 610,2335"/>
                <Baseline points="623,2372 679,2373 735,2374 791,2375 847,2376 903,2377 959,2378 1015,2379 1071,2380 1127,2382 1184,2383 1240,2384 1296,2385 1352,2386 1408,2387 1464,2388 1520,2389 1576,2390 1632,2391 1688,2392 1745,2393"/>
                <TextEquiv>
                    <Unicode>Heinrich von Kleist, auf Brentano uf Julius Mosen und</Unicode>
                </TextEquiv>
            </TextLine>
            <TextLine id="r1l46" custom="readingOrder {index:45;}">
                <Coords points="1764,2391 2880,2422 2907,2377 1764,2351"/>
                <Baseline points="1777,2387 1832,2388 1888,2389 1944,2390 2000,2391 2056,2393 2111,2394 2167,2396 2223,2397 2279,2398 2335,2400 2390,2401 2446,2402 2502,2403 2558,2404 2614,2405 2669,2406 2725,2407 2781,2407 2837,2407 2893,2407"/>
                <TextEquiv>
                    <Unicode>Beantwortung erfolgt nicht im matten letzten Akt. Und so</Unicode>
                </TextEquiv>
            </TextLine>
            <TextLine id="r1l47" custom="readingOrder {index:46;}">
                <Coords points="609,2422 1726,2449 1755,2398 610,2371"/>
                <Baseline points="623,2416 678,2418 734,2419 790,2420 846,2421 902,2422 958,2423 1014,2424 1070,2425 1126,2426 1182,2427 1237,2428 1293,2429 1349,2430 1405,2430 1461,2431 1517,2432 1573,2433 1629,2434 1685,2434 1741,2435"/>
                <TextEquiv>
                    <Unicode>viele andere, von denen „jeder in seiner Sprache“ zum Er¬</Unicode>
                </TextEquiv>
            </TextLine>
            <TextLine id="r1l48" custom="readingOrder {index:47;}">
                <Coords points="1763,2436 2900,2465 2901,2408 1764,2391"/>
                <Baseline points="1778,2429 1833,2430 1888,2432 1944,2433 1999,2435 2054,2436 2110,2438 2165,2439 2220,2440 2276,2441 2331,2443 2386,2443 2442,2445 2497,2446 2552,2447 2608,2447 2663,2448 2718,2449 2774,2450 2829,2450 2885,2451"/>
                <TextEquiv>
                    <Unicode>wirkt das Schauspiel mit seiner Kleinmalerei namentlich im</Unicode>
                </TextEquiv>
            </TextLine>
            <TextLine id="r1l49" custom="readingOrder {index:48;}">
                <Coords points="606,2448 694,2479 1757,2486 1758,2437 920,2434 607,2397"/>
                <Baseline points="619,2458 675,2459 731,2461 787,2462 844,2463 900,2465 956,2466 1012,2467 1069,2468 1125,2469 1181,2470 1237,2472 1294,2473 1350,2473 1406,2474 1462,2475 1519,2475 1575,2476 1631,2476 1687,2477 1744,2477"/>
                <TextEquiv>
                    <Unicode>wecket und Träger der vaterländischen Begeisterung geworden</Unicode>
                </TextEquiv>
            </TextLine>
            <TextLine id="r1l50" custom="readingOrder {index:49;}">
                <Coords points="1766,2478 2798,2510 2898,2489 2899,2457 1767,2438"/>
                <Baseline points="1781,2476 1836,2476 1891,2477 1946,2478 2001,2479 2057,2480 2112,2482 2167,2483 2222,2484 2277,2486 2333,2487 2388,2489 2443,2490 2498,2491 2553,2492 2609,2493 2664,2493 2719,2494 2774,2494 2829,2494 2885,2493"/>
                <TextEquiv>
                    <Unicode>ersten Akt lähmend, schwer und dumpf, ohne daß ein be¬</Unicode>
                </TextEquiv>
            </TextLine>
            <TextLine id="r1l51" custom="readingOrder {index:50;}">
                <Coords points="609,2488 1760,2542 1761,2485 1709,2481 610,2454"/>
                <Baseline points="623,2503 679,2504 735,2505 791,2506 847,2507 903,2509 959,2510 1015,2511 1071,2512 1127,2513 1184,2514 1240,2515 1296,2516 1352,2517 1408,2518 1464,2519 1520,2519 1576,2520 1632,2520 1688,2521 1745,2521"/>
                <TextEquiv>
                    <Unicode>ist. Diese innige Wechselwirkung zwischen Poesie und Schrift¬</Unicode>
                </TextEquiv>
            </TextLine>
            <TextLine id="r1l52" custom="readingOrder {index:51;}">
                <Coords points="1752,2522 2854,2548 2906,2538 2907,2495 1753,2471"/>
                <Baseline points="1766,2518 1822,2518 1878,2519 1934,2520 1991,2521 2047,2522 2103,2523 2159,2524 2216,2526 2272,2527 2328,2528 2384,2530 2441,2531 2497,2532 2553,2534 2609,2535 2666,2536 2722,2536 2778,2537 2834,2538 2891,2538"/>
                <TextEquiv>
                    <Unicode>freiendes Aufatmen am Schluß vergönnt wird. Aber mit</Unicode>
                </TextEquiv>
            </TextLine>
            <TextLine id="r1l53" custom="readingOrder {index:52;}">
                <Coords points="610,2551 1764,2578 1736,2526 611,2508"/>
                <Baseline points="625,2549 681,2549 737,2549 793,2550 849,2550 906,2551 962,2552 1018,2553 1074,2554 1130,2555 1187,2556 1243,2557 1299,2559 1355,2559 1411,2560 1468,2562 1524,2562 1580,2563 1636,2564 1692,2564 1749,2565"/>
                <TextEquiv>
                    <Unicode>tum einerseits und den welterschütternden Geschehnissen ande¬</Unicode>
                </TextEquiv>
            </TextLine>
            <TextLine id="r1l54" custom="readingOrder {index:53;}">
                <Coords points="1751,2561 2890,2600 2909,2538 1751,2521"/>
                <Baseline points="1764,2561 1820,2562 1876,2563 1933,2564 1989,2565 2046,2567 2102,2567 2159,2569 2215,2569 2272,2571 2328,2571 2384,2573 2441,2574 2497,2575 2554,2576 2610,2577 2667,2578 2723,2579 2780,2581 2836,2582 2893,2584"/>
                <TextEquiv>
                    <Unicode>allem Geschick, über das Schnitzler verfügt, ist die Handlung</Unicode>
                </TextEquiv>
            </TextLine>
            <TextLine id="r1l55" custom="readingOrder {index:54;}">
                <Coords points="602,2597 1753,2622 1754,2567 603,2548"/>
                <Baseline points="615,2591 671,2592 727,2593 783,2594 840,2595 896,2595 952,2596 1008,2597 1065,2598 1121,2600 1177,2601 1233,2601 1290,2602 1346,2604 1402,2605 1458,2605 1515,2606 1571,2607 1627,2608 1683,2609 1740,2609"/>
                <TextEquiv>
                    <Unicode>rerseits war das Zeitmotiv des Vortrags, der ebenso durch</Unicode>
                </TextEquiv>
            </TextLine>
            <TextLine id="r1l56" custom="readingOrder {index:55;}">
                <Coords points="1749,2619 2889,2633 2910,2579 1750,2562"/>
                <Baseline points="1763,2606 1819,2606 1876,2607 1932,2608 1989,2609 2046,2610 2102,2611 2159,2612 2215,2613 2272,2614 2329,2616 2385,2616 2442,2618 2498,2618 2555,2619 2612,2620 2668,2620 2725,2620 2781,2621 2838,2621 2895,2620"/>
                <TextEquiv>
                    <Unicode>ausgesponnen. Mag auch hin und wieder der Eindruck des</Unicode>
                </TextEquiv>
            </TextLine>
            <TextLine id="r1l57" custom="readingOrder {index:56;}">
                <Coords points="613,2642 2902,2679 2834,2624 614,2591"/>
                <Baseline points="627,2634 740,2637 853,2639 966,2641 1079,2643 1192,2644 1305,2646 1418,2647 1531,2648 1644,2649 1757,2650 1870,2651 1983,2652 2096,2654 2209,2655 2322,2656 2435,2658 2548,2660 2661,2662 2774,2664 2887,2667"/>
                <TextEquiv>
                    <Unicode>lichtvoll durchdachten Inhalt, wie durch eine anmutige Form Gewaltsamen, des Konstruierten erweckt werden, so wird</Unicode>
                </TextEquiv>
            </TextLine>
            <TextLine id="r1l58" custom="readingOrder {index:57;}">
                <Coords points="609,2685 2901,2675 609,2634"/>
                <Baseline points="623,2678 736,2680 849,2683 962,2684 1075,2686 1189,2688 1302,2689 1415,2691 1528,2692 1641,2693 1755,2695 1868,2696 1981,2697 2094,2698 2207,2699 2321,2701 2434,2702 2547,2704 2660,2706 2773,2708 2887,2710"/>
                <TextEquiv>
                    <Unicode>sich auszeichnete. Den einleitenden Worten Dr. Stahls folgte man dessen doch fast gar nicht bewußt, weil immer und</Unicode>
                </TextEquiv>
            </TextLine>
            <TextLine id="r1l59" custom="readingOrder {index:58;}">
                <Coords points="608,2714 1748,2745 1729,2701 609,2685"/>
                <Baseline points="623,2723 678,2723 734,2724 789,2725 845,2726 900,2726 956,2727 1011,2728 1067,2729 1122,2730 1178,2731 1233,2732 1289,2733 1344,2734 1400,2735 1455,2736 1511,2737 1566,2738 1622,2739 1677,2740 1733,2741"/>
                <TextEquiv>
                    <Unicode>eine lange Reihe von Gedichten, die von Mitgliedern des Hof¬</Unicode>
                </TextEquiv>
            </TextLine>
            <TextLine id="r1l60" custom="readingOrder {index:59;}">
                <Coords points="1756,2741 2807,2766 2902,2739 2799,2703 1756,2695"/>
                <Baseline points="1771,2739 1826,2739 1882,2739 1938,2740 1994,2741 2050,2741 2105,2742 2161,2743 2217,2744 2273,2745 2329,2745 2384,2746 2440,2747 2496,2748 2552,2749 2608,2749 2663,2750 2719,2751 2775,2751 2831,2751 2887,2752"/>
                <TextEquiv>
                    <Unicode>immer der Gang des Spiels fesselt. Wenigstens in den ersten</Unicode>
                </TextEquiv>
            </TextLine>
            <TextLine id="r1l61" custom="readingOrder {index:60;}">
                <Coords points="598,2763 2901,2793 599,2703"/>
                <Baseline points="612,2768 725,2769 839,2770 953,2772 1067,2773 1180,2774 1294,2776 1408,2777 1522,2779 1635,2781 1749,2782 1863,2784 1977,2786 2090,2787 2204,2789 2318,2790 2432,2792 2545,2793 2659,2794 2773,2795 2887,2796"/>
                <TextEquiv>
                    <Unicode>theaters vorgetragen wurden. Mit ergreifender Innigkeit beiden Akten. Man versieht, wenn das junge Mädchen, ans</Unicode>
                </TextEquiv>
            </TextLine>
            <TextLine id="r1l62" custom="readingOrder {index:61;}">
                <Coords points="604,2813 1758,2833 1716,2789 604,2761"/>
                <Baseline points="618,2811 674,2812 730,2813 786,2813 843,2814 899,2815 955,2816 1011,2817 1068,2818 1124,2819 1180,2820 1236,2821 1293,2822 1349,2822 1405,2823 1461,2824 1518,2825 1574,2825 1630,2826 1686,2827 1743,2827"/>
                <TextEquiv>
                    <Unicode>las Emmy Remolt das Sonett an die Königin Luise von</Unicode>
                </TextEquiv>
            </TextLine>
            <TextLine id="r1l63" custom="readingOrder {index:62;}">
                <Coords points="1747,2831 2907,2849 2888,2791 1748,2788"/>
                <Baseline points="1761,2824 1817,2825 1874,2826 1930,2827 1987,2828 2043,2829 2100,2830 2156,2831 2213,2832 2269,2832 2326,2833 2383,2834 2439,2835 2496,2835 2552,2836 2609,2836 2665,2837 2722,2837 2778,2837 2835,2838 2892,2838"/>
                <TextEquiv>
                    <Unicode>Krankenlager des unheilbaren, verbitterten Vaters gefesselt,</Unicode>
                </TextEquiv>
            </TextLine>
            <TextLine id="r1l64" custom="readingOrder {index:63;}">
                <Coords points="599,2862 1747,2885 1748,2831 599,2799"/>
                <Baseline points="614,2855 672,2856 731,2858 790,2859 849,2860 908,2862 967,2863 1026,2864 1085,2865 1144,2866 1202,2867 1261,2867 1320,2868 1379,2868 1438,2869 1497,2869 1556,2869 1615,2869 1674,2868 1733,2868"/>
                <TextEquiv>
                    <Unicode>Heinrich von Kleist, wuchtig trug August Ellmenreich</Unicode>
                </TextEquiv>
            </TextLine>
            <TextLine id="r1l65" custom="readingOrder {index:64;}">
                <Coords points="1748,2870 2833,2890 2899,2868 2900,2825 1748,2833"/>
                <Baseline points="1761,2867 1817,2867 1873,2868 1929,2869 1986,2870 2042,2871 2098,2872 2154,2873 2211,2874 2267,2875 2323,2876 2379,2877 2436,2878 2492,2878 2548,2879 2604,2879 2661,2880 2717,2880 2773,2880 2829,2880 2886,2879"/>
                <TextEquiv>
                    <Unicode>vom draußen lockenden Leben gerufen wird, bis es dem Va¬</Unicode>
                </TextEquiv>
            </TextLine>
            <TextLine id="r1l66" custom="readingOrder {index:65;}">
                <Coords points="602,2911 1748,2924 1748,2884 1680,2869 603,2859"/>
                <Baseline points="617,2898 672,2900 728,2902 784,2903 840,2905 896,2906 952,2907 1008,2908 1064,2909 1120,2910 1176,2910 1231,2911 1287,2911 1343,2912 1399,2912 1455,2912 1511,2912 1567,2912 1623,2913 1679,2913 1735,2913"/>
                <TextEquiv>
                    <Unicode>Lieder von Arndt, von Brentano und Jul. Mosen vor, dessen</Unicode>
                </TextEquiv>
            </TextLine>
            <TextLine id="r1l67" custom="readingOrder {index:66;}">
                <Coords points="1756,2915 2896,2941 2897,2870 1757,2873"/>
                <Baseline points="1770,2909 1825,2911 1881,2913 1936,2914 1992,2916 2048,2917 2103,2918 2159,2919 2214,2919 2270,2920 2326,2921 2381,2921 2437,2921 2492,2922 2548,2922 2604,2922 2659,2922 2715,2922 2770,2922 2826,2922 2882,2921"/>
                <TextEquiv>
                    <Unicode>ter, dem Zerstörer ihrer Jugend, den Gifttrank misch und</Unicode>
                </TextEquiv>
            </TextLine>
            <TextLine id="r1l68" custom="readingOrder {index:67;}">
                <Coords points="602,2952 2906,2961 603,2903"/>
                <Baseline points="618,2943 731,2945 845,2946 958,2948 1072,2950 1186,2951 1299,2952 1413,2953 1526,2955 1640,2956 1754,2957 1867,2958 1981,2959 2094,2959 2208,2960 2322,2961 2435,2961 2549,2962 2662,2963 2776,2963 2890,2964"/>
                <TextEquiv>
                    <Unicode>„Trompeter an der Katzbach“ von außerordentlich packender sich so die Freiheit erkauft: sich den Weg zum Leben öffnet.</Unicode>
                </TextEquiv>
            </TextLine>
            <TextLine id="r1l69" custom="readingOrder {index:68;}">
                <Coords points="605,2986 2906,2994 606,2949"/>
                <Baseline points="621,2982 734,2984 848,2987 961,2988 1075,2990 1188,2991 1302,2993 1415,2994 1529,2995 1642,2996 1756,2996 1869,2997 1983,2998 2096,2999 2210,3000 2323,3001 2437,3002 2550,3003 2664,3004 2777,3006 2891,3007"/>
                <TextEquiv>
                    <Unicode>Wirkung war. Oskar Hoffmeister erschien ebenfalls Man kann auch verstehen, wenn der fast achtzigjährige Vater</Unicode>
                </TextEquiv>
            </TextLine>
            <TextLine id="r1l70" custom="readingOrder {index:69;}">
                <Coords points="603,3032 2901,3042 604,2983"/>
                <Baseline points="617,3028 730,3031 843,3034 957,3036 1070,3038 1184,3040 1297,3042 1410,3043 1524,3044 1637,3045 1751,3046 1864,3047 1977,3048 2091,3048 2204,3049 2318,3049 2431,3050 2544,3050 2658,3051 2771,3052 2885,3052"/>
                <TextEquiv>
                    <Unicode>am Vortragstisch. Nach den Briesen, die Blücher, Gneisenaus an dem Leben hängt, das er sich vor 30 Jahren erhielt, als</Unicode>
                </TextEquiv>
            </TextLine>
            <TextLine id="r1l71" custom="readingOrder {index:70;}">
                <Coords points="595,3079 2907,3095 2890,3041 596,3039"/>
                <Baseline points="609,3074 723,3076 837,3078 951,3080 1066,3082 1180,3083 1294,3085 1408,3086 1523,3087 1637,3088 1751,3089 1865,3090 1980,3090 2094,3091 2208,3091 2322,3091 2437,3091 2551,3091 2665,3091 2779,3091 2894,3091"/>
                <TextEquiv>
                    <Unicode>und Stein über die Schlacht bei Leipzig an ihre Frauen ge=ser seine Kürassier=Eskadron auf der Flucht nicht zum Stehen</Unicode>
                </TextEquiv>
            </TextLine>
            <TextEquiv>
                <Unicode>d
box 24/4
19. Der Ruf s Lebens
Morgenfeier im Hoftheater.
schrieben und im Anschluß an die Vorlesung eines Abschnit¬
8 Stuttgart 1. Dez. Die gestrige Morgenfeier im Kleinen
tes aus der Schilderung des Bürgers Hussel über den Ver¬
Haus des Hoftheaters galt den Befreiungskriegen,
lauf dieser Schlacht trug Hoffmeister Arndts bekanntes Ge¬
d. h. den Sängern und den Vertretern des deutschen Schrift¬
dicht vor: „Wo kommst Du her im roten Kleid?“ Mit sei¬
tums, die einst das deutsche Volk aufrüttelten und anspornten
nem lodernden Pathos entfesselte der Künstler begeisterten
zu den Großtaten jener Zeit. Das reichhaltige Programm
Beifall. Zuletzt kam noch Raoul Aslan, dem der „Frühlings¬
umfaßte Liedervorträge des Hoftheatersingchors und Rezita¬
gruß ans Vaterland“ von Schenkendorf am besten gelang.
tionen von Gedichten, die aus der Zeit der Befreiungskriege
Zwischen den Darbietungen der Rezitatoren ließen sich die
stammen. Den einleitenden Vortrag hatte Dr. Ernst Leopold
Mitglieder des Hoftheatersingchors hören, die dann mit dem
Stahl-Freiburg i. B. übernommen, der in gedankenreichen
prachtyoll vorgetragenen Lied Schenkendorfs „Freiheit, die ich
Darlegungen die Bedeutung der zahtreichen Dichter der Be¬
meine die stimmungsvoll verlaufene Morgenfeier ausklingen
ließef.
freiungskriege würdigte und ihren Einfluß auf den Gang der
Ju a4
geschichtlichen Ereignisse in seinsinnigen Wendungen klar her¬
Stuttgarter Schauspielhaus. 777.
orhob. Er gedachte Friedrich Schillers, der die Tage tiefster
eutscher Schmach nicht zu erleben brauchte, dessen Reiterlied
1 Arthur Schnitzler, der leicht plaudernde, elegante
ber von Kriegern, die auszogen zum Kampse fürs Vater¬
Gesellschafter,
em „Ruf des Lebens“
and, gesungen wurde; er erinnerte an Theodor Körner, den
tiefer zu gehen; er läßt Probleme nicht nur anklingen, son¬
Sänger der Jünglinge, an Arndt, den Dichter der Männer,
dern er sucht sie auch zu lösen. Aber es bleibt eben doch nur
m Schenkendorf, in dessen Lieder frauenhafte Zartheit uns
ein Versuch, und so erschütternd auch die beiden ersten Akte
mtgegentritt. Auch auf Fichte verwies der Vortragende, auf
sind, so große Fragen auch in ihnen gestellt werden — ihre
Heinrich von Kleist, auf Brentano uf Julius Mosen und
Beantwortung erfolgt nicht im matten letzten Akt. Und so
viele andere, von denen „jeder in seiner Sprache“ zum Er¬
wirkt das Schauspiel mit seiner Kleinmalerei namentlich im
wecket und Träger der vaterländischen Begeisterung geworden
ersten Akt lähmend, schwer und dumpf, ohne daß ein be¬
ist. Diese innige Wechselwirkung zwischen Poesie und Schrift¬
freiendes Aufatmen am Schluß vergönnt wird. Aber mit
tum einerseits und den welterschütternden Geschehnissen ande¬
allem Geschick, über das Schnitzler verfügt, ist die Handlung
rerseits war das Zeitmotiv des Vortrags, der ebenso durch
ausgesponnen. Mag auch hin und wieder der Eindruck des
lichtvoll durchdachten Inhalt, wie durch eine anmutige Form Gewaltsamen, des Konstruierten erweckt werden, so wird
sich auszeichnete. Den einleitenden Worten Dr. Stahls folgte man dessen doch fast gar nicht bewußt, weil immer und
eine lange Reihe von Gedichten, die von Mitgliedern des Hof¬
immer der Gang des Spiels fesselt. Wenigstens in den ersten
theaters vorgetragen wurden. Mit ergreifender Innigkeit beiden Akten. Man versieht, wenn das junge Mädchen, ans
las Emmy Remolt das Sonett an die Königin Luise von
Krankenlager des unheilbaren, verbitterten Vaters gefesselt,
Heinrich von Kleist, wuchtig trug August Ellmenreich
vom draußen lockenden Leben gerufen wird, bis es dem Va¬
Lieder von Arndt, von Brentano und Jul. Mosen vor, dessen
ter, dem Zerstörer ihrer Jugend, den Gifttrank misch und
„Trompeter an der Katzbach“ von außerordentlich packender sich so die Freiheit erkauft: sich den Weg zum Leben öffnet.
Wirkung war. Oskar Hoffmeister erschien ebenfalls Man kann auch verstehen, wenn der fast achtzigjährige Vater
am Vortragstisch. Nach den Briesen, die Blücher, Gneisenaus an dem Leben hängt, das er sich vor 30 Jahren erhielt, als
und Stein über die Schlacht bei Leipzig an ihre Frauen ge=ser seine Kürassier=Eskadron auf der Flucht nicht zum Stehen</Unicode>
            </TextEquiv>
        </TextRegion>
    </Page>
</PcGts>
