3436 4352
1594 345 2047 442 box 24/5
1092 358 1191 424 Le
274 360 1429 458 19. Der Ruf (eS
1447 646 2152 769 tecae ShdengAhAn
1277 765 1735 913 S
1353 869 2222 966 eaGaires erursenee TTrüser-aussemauTreDao
1354 935 2224 1015 BERLIN SO 16, RUNGESTRASSE 22-24
1351 1062 1943 1184 ns
1597 1152 2002 1242 l
1355 1190 2262 1299 Aussdiitt aus der Nummer vom: 477/210
1588 1359 1917 1455 Drama
1584 1461 1954 1550 Vita Brevis
1127 1531 2373 1636 THAT Schnitzier'’s highly interesting play,“ The Call of Life“
1221 1578 2389 1674 (Comedy Theater), is one of its author’s,earlier efforts is
1129 1629 2398 1712 revealed by something more than that unnatural heightening of
1130 1667 2395 1753 its colors which betrays the exuberance of an undisciplined
1145 1712 2398 1813 imagination. Its very theme—the brevity of life and the sin of
1144 1776 2393 1850 wasting one of its fleeting moments—is a theme which youth
1150 1826 2398 1898 would choose, for it is not toward the end, when ardor has cooled
1152 1881 2406 1949 and experience has taught how many promises go unfulfilled,
1143 1922 2400 1996 that life seems most precious but rather at the beginning when
1149 1970 2396 2043 every knock at the door seems to herald some unknown and de¬
1139 2014 2413 2085 lightful visitor. Thus it is that death seems closest to those
1146 2058 2404 2149 from whom it is in reality farthest away, and thus that old men
1151 2113 2418 2174 with only a year or two to live contentedly doze the months
1153 2155 2412 2227 away while youths agoni over a summer lost as though there
1149 2198 2418 2268 were not countless sumers yet to come. The Schnitzler who
1159 2242 2421 2328 wrote“ The Call of Life' had not yet arrived at the conviction,
1162 2290 2422 2379 so plainly expressed in later plays, that existence is a game
1157 2340 2422 2429 played against an antagonist who always wins and whose name
1155 2386 2411 2472 is Boredom; rather was he one who did not as yet know life
1171 2437 2419 2502 well encugh to picture it in a manner wholly convincing but who,
1165 2491 2418 2578 perhaps because of that imperfect knowledge, was able to ex¬
1168 2539 2428 2616 press his passionate conviction that the bitterest of all thoughts
1170 2579 2425 2646 is the thought that one may be deprived of the opportunity of
1162 2627 2431 2702 knowing it. The sentence, uttered by one in the grip of such a
1164 2681 2415 2744 fear, which gives the key to the emotion of the piece is this:
1170 2719 2415 2810 *Only those who have much to remember lie quietly in their
1175 2761 2432 2852 graves'; and it is plainly the utterance of a man who possessed
1165 2813 2431 2881 the two qualities which make life seem most precious. He was
1172 2876 1762 2946 young and he was an artist.
1269 2921 2433 2985 The first act of the play is by far the best because it is the#
1171 2954 2428 3044 simplest and rhe most clear cut. With a sense of reality never
1182 3001 2427 3072 recaptured during the succeeding two acts it presents the pie¬
1177 3052 2439 3133 ture of a young girl chained to the bedside of a slowly dying
1181 3107 2429 3185 father and struggling between the artificial sense of duty to her
1172 3151 2436 3224 parent and the natural sense of her right to life. Without, the
1189 3190 2447 3281 noise of the passing throng summons her to a participation in
1178 3249 2439 3322 the experiences which seem in imagination so unutterably im¬
1188 3295 2437 3360 portant; within, the old man, intuitively conscious of her strug¬
1179 3344 2452 3402 gle, suggests with the logic of age that many years will remain
1178 3377 2455 3448 after he is dead; but to her it seems that if this one night
1193 3428 2453 3510 and the lover who awaits her is missed all life will be missed.
1187 3486 2450 3556 and the author who understands the father with his head but
1200 3530 2446 3596 understands her with his heart sends her to her adventure and
1197 3568 2446 3647 her lover. From then on, it must be confessed, the play grows
1201 3629 2441 3686 steadily less convincing as a picture of real life; the theme
1198 3666 2443 3751 pursued through various intricacies and reintroduced in new
1202 3722 2448 3781 surroundings becomes less and less sharply defined, and the
1191 3752 2464 3839 #ineidents grow more and more tncatrical. Tet, withal, tho
1204 3805 2453 3868 theatricalism is of a not wholly unpleasant kind, for it is not
1208 3866 2463 3931 the result of insincerity and trickery but of a genuine feeling
1198 3897 2463 3978 which cannot quite adequately express itself; and thus, though
1207 3954 2457 4013 verisimilitude sometimes fails, the genuineness of the emotion is
1201 4010 2021 4090 alwags clearly and interestingly evident.
1291 4089 2475 4147 The author has nowhe.e actually thought his way through,
1210 4139 2464 4197 and his sincerity is not of a predominantly intellectual sort.
1214 4178 2477 4246 Because his conviction that the call of life is higher than the
1221 4225 2478 4282 call of duty is not the reasoned conclusion of a Nietzschean
