3436 4384
270 259 1426 337 19. Der Ruf des Lebens
1593 261 2018 356 box 24/2
862 1800 1849 1973 4 Der Ruf des Lebens
900 1954 2040 2029 Lessing=Theater. Sonnabend zum ersten Male: „Der Ruf
825 2007 2038 2077 des Lebens.“ Schauspiel in drei Akten von Arthur
834 2042 1136 2100 Schnitzler.
904 2082 2038 2151 #####vielleicht kennzeichnend für die moderne Dichtung, daß
825 2136 2040 2187 schon in ihren Titeln das Leben eine gewisse Rolle spielt. Und in
834 2165 2039 2232 ihrem Inhalt der Ruf des Lebens. Des Lebens, das die geknechtete
825 2210 2037 2261 weibliche Seele ruft zur Befreiung aus den engen Fesseln ver¬
833 2251 2031 2304 alteter Rücksichten, zur Erfüllung der höheren Pflichten gegen die
835 2276 2035 2346 eigene Persönlichkeit; der Aufschrei der aus der Versklavung jäh
817 2315 2008 2379 erwachenden Kreaturen, wie der Schrei des brünstigen Hirsches —
824 2370 2024 2427 das alle Sinnen und Nerven packende elementare sehnsuchtsvolle
831 2406 2031 2467 Verlangen, nicht nach dem Glück des Philistermenschen, sondern nach
820 2446 2029 2504 dem eigentlichen Wunderbaren, den höchsten jubelnden Wonnen
828 2482 2032 2550 selbstvergessenen Sichhingebens. Kein Schuldbewußtsein darin, keine
818 2528 2035 2587 Reue — nur der verzweifelte Gedanke, es könne zu spät sein. Der
826 2560 2023 2619 Ruf des Lebens tönt in Schnitzlers Schauspiel; aber das Leben
820 2602 2029 2659 rechtfertigt seinen Ruf nur schlecht, und ebenso wenig im Grunde
817 2638 1970 2687 des Stückes exemplifizierender Inhalt seinen allgemeinen Titel.
904 2680 2039 2742 Ein nicht gut komponiertes Stück, das sich nicht so leicht der
825 2698 2031 2780 Analyse gibt. Im Kern, wie so viel bei Schnitzler, ein leises nach¬
812 2774 2023 2829 denkliches Stück, dem äußerliche und krasse Bühneneffekte auf¬
819 2792 2026 2856 gepfropt sind. Das Werk eines geistvollen, innerlich beschaulichen,
821 2836 2026 2903 seelensondierenden Dichters, der des Lebens großes Gleichnis geben
816 2872 2017 2942 will, dann eines geistreichen Konstrukteurs, der kontrapunktisch sein
819 2913 2022 2978 Thema abwandelt, endlich eines Theatralikers, der mit Gift und Pistolen¬
817 2952 2018 3016 schüssen operiert und mit Vorhängen, die freiwillig und unfrei¬
810 2994 2015 3055 willig Lauschende bergen. Ein Stück mit drei Leichen, das doch
818 3034 2010 3097 keine Tragödie ist. Mit gedrungener, ergreifender poetischer Kraft
818 3083 2018 3140 einsetzend, durch parallele und andere Episoden retardiert, an¬
820 3105 2017 3175 steigend zu zwei sich steigernden dramatischen Höhepunkten, einem
817 3151 2013 3219 echten, einem zweiten unechten, und in der nachdenklichen Betrachtung
820 3197 2019 3259 eines weichen stillen Schlußaktes matt abfallend zu skeptischen
801 3231 2016 3294 Lebensweisheiten, die doch mehr tief scheinen als tief sind. Ein
810 3275 2010 3336 Ausklingen in eine Erkenntnis zwischen melancholischer Resignation
809 3323 2010 3360 und ruhiger Lebensbejahung: willkürlich und lügenhaft und hin¬
815 3355 2006 3400 fällig ist die Bewertung der moralischen und der Levensgüter und
807 3392 2004 3449 aller großen Worte, mit denen sie verkleidet werden, und nur das
800 3430 2008 3491 Leben selber ist gewiß; wer gestorben ist, ist tot — der Lebende
804 3464 2012 3530 freue sich des Sonnenscheins. So ungefähr ist der Sinn dessen,
800 3511 2009 3558 was zum Schluß der Arzt, eine Art Raisonneur des Schauspiels,
808 3555 2006 3615 als Fazit der Erlebnisse ziebt; er, der unwissentlich den Ruf des
808 3594 2003 3647 Lebens wieder geweckt hat in der Brust eines jungen Weives, wo
808 3626 2006 3688 er nahe daran war sich einzulullen, der dann über Mord und buhlerische
807 3671 2001 3732 Liebesbrunft, aus seiner erfahrenen resimnierenden Skepsis heraus,
796 3707 2001 3767 den tilgenden Schleier vergebenden Verstehens breitet. War das
805 3744 2004 3808 erlebte Leben, zu dem es die wunde Seele rief, des Preises der
805 3780 1994 3844 Schuld am Ende nicht wert, noch immer darf und wird das Leben
806 3818 1991 3884 locken zu dem Frieden eines stillen Daseins in der Sonne. Der
792 3857 2001 3924 Dichter aber läßt kontrastierend in den Ruf des Lebens ein zweites
797 3896 2002 3966 Thema hineingleiten, den Ruf des Todes; und fugenartig, in poctisch
800 3941 2005 4005 dialektischer Kontrapunktik, verwebt er die Motive zu einem Höhe¬
804 3967 2022 4056 punkt äußerster Theatralit, wo der Ruf des Lebens selbst in die
794 4002 1232 4069 Nähe des Todes führt
2156 258 3295 333 Das Stück spielt in und bei Wien um die Mitte des vorigen
2089 287 3301 366 Jahrhunderts. Marie, des ehemaligen Rittmeisters der blauen
2094 334 3298 399 Kürassiere Tochter, vertrauert ihre Jahre in der Knechtschaft des
2090 379 3300 435 alten, hoffnungslos kranken, brutal egoistischen Vaters, eines Greises,
2085 410 3296 482 der trotz seiner neunundsiebzig Jahre sich an das Leben klammert;
2093 444 3293 517 eines Todgeweihten, der vor drei Dezennien einst die nur ihm be¬
2086 482 3300 550 wußte Schuld trug, die Flucht des Regimentes im entscheidenden
2082 522 3293 592 Kampfe und den Verlust der Schlacht herbeigeführt zu haben. Und so ist
2084 559 3286 638 sein Dasein schuld, daß jetzt die blauen Kürassiere als Todgeweihte,
2084 596 3300 683 die alte Schuld des Regiments zu fühnen, ausreiten in den Krieg.
2088 645 3292 703 Wie eine Gefangene verbringt Marie ihre Tage; vielleicht wird
2086 692 3294 749 einmal an der Seite des braven Forstadjunkten ein stilles be¬
2081 721 3289 782 scheidenes Glück ihrer harren. Da fällt wie ein Lichtblitz eine
2085 761 3297 828 Ballnacht in ihr Dasein. Die Tante, die mit ihrer Tochter zu dem
2085 793 3287 870 Feste ging, hatte dem Alten diese Nacht abgerungen. Und wie in
2079 839 3287 904 der schwindsüchtigen Base, die weiß, daß ihr nur noch eine kurze
2085 880 3293 948 Spanne des Daseins gegönnt ist, jäh die diesen Leidenden eigen¬
2077 916 3283 979 tümliche mannestolle Sinnenlust erwacht, die sie bald wegführt von
2068 959 3282 1025 der still gewährenden Mutter, so erklingt plötzlich in Marie der Ruf
2066 1003 3291 1064 des Lebens, alles andere übertönend, die Sehnsucht nach dem jungen
2073 1034 3287 1105 Offizier, in dessen Armen sie die Freuden der Ballnacht genossen.
2070 1060 3292 1136 Verbrecherische Wünsche, der Haß gegen den Vater keimen wie eine
2067 1104 3279 1177 vorempfundene Schuld in dem aufgewühlten Herzen; aber
2079 1144 3290 1227 die Qual der sorgenvollen Tage schläfern trügerisch das
2075 1195 3287 1258 brünstige Verlangen ein. Da erweckt die freilich anders
2068 1222 3287 1300 gemeinte Mahnung des sie still liebenden Arztes des Rufes Echo
2067 1279 3285 1326 aufs neue. Und da sie von ihrer Base, die eben von ihrem
2068 1308 3279 1366 Liebsten Abschied genommen, hört, daß die Schwadron der tod¬
2070 1351 3277 1420 geweihten blauen Kürassiere, der ihr Ersehnter angehört, erst am
2068 1385 3284 1456 nächsten Morgen ausrücke, flammt im Rufe des Lebens alle Glut
2063 1427 3282 1490 der Verzweifelten wieder auf. Halb besinnungslos durch die
2065 1459 3274 1536 hämische Brutalität des Vaters reicht sie dem durstenden Alten
2062 1508 3285 1575 einen Schlaftrunk „für hundert Nächte“, und von seiner Leiche
2071 1544 3277 1616 stürzt sie zur Liebesnacht. Aber die Liebesnacht, die ihrer höchsten
2074 1581 3281 1645 Seligkeiten Erfüllung bringt, läßt sie zugleich des Lebens ganzen
2066 1614 3279 1692 Jammer, in einer vom Dichter theatralisch konstruierten Gedrängt¬
2065 1656 3282 1735 heit, durchkosten. Hinter einem Vorhang verborgen wird sie Zeuge,
2071 1697 3282 1770 wie des Obersten junge verführerische Gattin ihren Max vom
2059 1742 3282 1809 sicheren Tod zum Leben locken will, und wie hinter einem andern
2054 1772 3275 1848 Vorhang des Fensters hervor der Oberst ins Zimmer springt und
2055 1831 3272 1897 die Treuiose niederschießt. Während nach dem Abgang
2054 1855 2362 1907 des Obersten
2368 1860 3279 1935 der junge Offizier zur Pistole greift,
2059 1894 3273 1959 tritt Marie hervor, wortlos lächelnd: „Ich bin ge¬
2057 1934 3274 2008 kommen.“ Und, wieder von einer Leiche fort, stürzen
2059 1977 3270 2048 die beiden hinaus zur ersten und letzten Liebesnacht. Nach
2054 2019 3272 2090 diesen dramatischen Effekten folgt, zeitlich einige Wochen später, ein
2048 2065 3268 2125 nachdenklicher stiller dritter Akt, ein weicher und matter Ab= und
2046 2084 3263 2162 Ausklang. Der Arzt hatte in der Wohnung des Alten jede Spur
2057 2128 3272 2198 des Verbrechens getilgt und die fast ohnmächtig heimkehrende Marie
2056 2172 3264 2246 dem Leben gerettet. In dem stillen dörflichen Haus der Tante
2058 2216 3264 2281 verbringt sie in herber, schweigsamer Abgeschlossenheit ihre Tage.
2048 2254 3263 2314 Allein über dem Grausen ob ihrer Vergangenheit fühlt sie mit
2050 2284 3268 2340 leisem Staunen die Sehnsucht zu leben. Der Ruf des Lebens hat
2042 2326 3267 2399 sie nicht ganz vernichtet, und reiner und tiefer tröstet der ärztliche
2044 2375 3259 2424 Räsonneur, wird jener Ruf vielleicht an einem sonnigen Tage aufs
2054 2411 3272 2481 neue ihr in die Seele klingen. So sieht er nicht ohne Hoffnung
2046 2441 3267 2509 den Adjunkten scheiden. Die andere aber, das schwindsüchtige
2049 2481 3255 2563 Bäschen, die dem lockenden Ruf des Lebens zum Liebesgenusse ge¬
2055 2528 3255 2601 folgt war, keyrt, eine hysterische Ophelia, noch liebeglühend vom
2040 2568 3268 2656 letzten Kuß und schon todeswund im Innern, plötzlich heim, um i
2040 2604 3259 2695 Maries und des Arztes Armen ihr Leben auszuhauchen, eine
2041 2645 2632 2717 Sünderin, der vergeben ward.
2104 2694 3259 2780 Das Stück, für das die besten Brahmschen Kräfte aufgeboten
2044 2743 3262 2815 waren, hat nur wenige dankbare Rollen Else Lehmann als still
2036 2792 3254 2855 leidende Mutter bot ein rührendes Bild in ergreifenden Herzens¬
2041 2816 3254 2896 tönen. Rudolf Rittner konnte wenig tun, die farblose Gestalt
2041 2863 3244 2933 des Forstadjunkten stärker zu beleben. Die dankbarste, freilich
2042 2913 3252 2973 gleichfalls episodische Rolle war der Oberst des Herrn
2040 2949 2454 2997 Bassermann, der
2478 2950 3265 3008 in brillanter Maske mit trockener Schärfe
2027 2970 3250 3037 und Pose den Nächer seiner Ehre spielte, ein Spieler im Spiel,
2033 3029 3259 3094 wie er von den anderen charakterisiert wird. Den kranken Alten
2039 3060 3251 3127 gab Herr Marr die schwierige Eintönigkeit seiner Rolle mit
2042 3103 3243 3166 Geschick abstufend. Der Leutnant des Herrn Stieler wußte
2029 3145 3247 3203 über die gefährlichen Klippen seiner Rolle immer noch mit
2026 3196 3246 3248 Geschick hinwegzukommen, und Herr Reicher als Arzt hatte
2038 3221 3236 3282 viel langsame Lehrhaftigkeit. Die Heldin spielte Irene Triesch.
2035 3257 3238 3312 Unter der Starrheit der Gestalt fühlte man das heiße Leben pul¬
2037 3295 3243 3359 sieren und flammend lohte die Leidenschaft auf, jubelnd klang das
2020 3354 3234 3407 Echo des Lebensrufes. Von stummer Beredsamkeit das Lächeln,
2028 3388 3236 3449 wenn sie hinter dem Vorhang hervortritt. In der fast unmöglichen
2022 3427 3232 3486 Rolle der Base erschien zum ersten Male Grete Hosmann (die
2027 3455 3241 3509 Gattin unseres Heldentenors Ernst Kraus), ohne der Opheliennatur
2026 3502 3232 3564 dieses Wesens ein glaubwürdiges schwindsüchtiges Leben einhauchen
2021 3530 3241 3612 zu können; der ungetreuen Overstengattin blieb Else Schiff
2016 3570 3154 3637 manches schuldig. Inszenierung und Kostüme waren vollendet.
2098 3627 3232 3682 Ueber das, was man den Premierenerfolg solchen Abends
2023 3660 3242 3703 nennt, läßt sich eigentlich nichts sagen. Der erste Akt fand stürmi¬
2016 3692 3227 3763 schen Beifall, nach dem zweiten mischte sich einiger Widerspruch da¬
2022 3731 3239 3804 rein, der am Schluß sogar — die disharmonisierende undramatische
2015 3761 3221 3833 Art des Ausklanges mußte zunächst eine Enttäuschung mit sich
2019 3808 3237 3879 bringen — unverkennbar üverwog. Aber nach allen drei Aktschlüssen
2018 3846 3231 3923 konnte Arthur Schnitzler, lebhaft akklamiert, vor dem Vorhang er¬
2011 3889 2179 3951 scheinen.
3119 4159 3194 4221 S
