3436 4352
1582 299 2043 391 box 24/5
271 327 1428 441 19. Der RufsLebens
1172 1760 1623 1825 Ausschnitt aus:
1622 1768 2228 1902 Hons Wiener Joumal 1/19)
1195 1823 1667 1915 vom: 26 391 19·5
1304 1913 2444 2007 * Aus München wird berichtet: Es war in der
1185 1961 2458 2076 ersten Zeit des Krieges, als die Direktion der Kammer¬
1831 2003 2465 2107 „Ruf des Lebens“ auf das
1192 2059 1630 2126 spiele Arm
1192 2076 2462 2163 Repertoire setzte. Der Schauspieler Wohl sollte in diesem Stücke
1185 2119 2455 2216 eine Rolle spielen, die er „aus patriotischen Gründen“ glaubte
1183 2173 2453 2268 ablehnen zu müssen. Darüber kam es zwischen Wohl, dem Direktor
1194 2219 2460 2305 Ziegel und dem Rechtsanwalt Dr. Fromm, dem Vor¬
1201 2262 2476 2351 sitzenden des Aussichtsrates der Theatergesellschaft, zu heftigen
1201 2300 2460 2415 Auseinandersetzungen, in deren Verlauf Direktor Ziegel dem
1195 2356 2464 2470 Schauspieler Wohl eine Ohrfeige gab und Dr. Fromm
1199 2424 2459 2510 zu letzterem sagte: „Sie sind ein Lump, ein Denunziant, Sie sind
1199 2455 2475 2557 ## ur wert, daß man Sie anspuckt.“ Gesagt — getanl
1195 2537 2479 2593 Schauspieler Wohl stellte darauf Beleidigungsklage, zu der als
1208 2570 2467 2640 Sachverständiger Professor Graf Du Moulin=Eckart ge¬
1212 2589 2473 2704 laden war. der erklärte, daß die Dichtung zwar nicht als eine
1195 2655 2461 2733 antipatriotische bezeichnet werden könne, daß es aber ver¬
1208 2703 2462 2783 ständlich (?) sei, daß Schauspieler Wohl in dieser Zeit natio¬
1215 2750 2470 2834 naler Erregung gewisse Stellen feiner Rolle nicht sprechen wollte.
1208 2784 2472 2888 Daß die Dichtung in Wien unbeanstandet zur Aufführung kam,
1218 2837 2476 2922 beweise nichts für München. Das Gericht verurteilte Direktor
1210 2895 2488 2989 Ziegel zu 100 Mark und den Rechtsanwalt Dr. Fromm
1219 2957 2302 3047 zu 500 Mark Geldstrase und zu den erheblichen Kosten.
1377 3000 2503 3068 Der Kapellmeister Alfred Hertz hat seine Siellung bei¬
1222 3034 2510 3134 der Metropolitan Oper in New-York gekündigt und verkäßt.
1226 3119 1418 3193 Amerika.
