3436 4352
1111 335 1309 400 Lebe
288 317 2070 442 19. Der Ruf des ##ans box 24/5
1920 639 2611 853 WTOAA4   61
2494 880 2727 967 AMU
2033 916 2142 991 10
2076 1073 2560 1205 THE PLAY
2026 1259 2615 1327 Schnitzler’s Romantle Tragedy.
1981 1298 2647 1369 TIIE CALL OF IIFE, a play from the Ger
2006 1328 2692 1387 man of Arthur Schnitzler. English version
2025 1362 2678 1410 by Dorothy Donnelly. Directed by Dudley
1999 1388 2676 1438 Digges: zettings by Jo Mielzner; produced
2059 1405 2688 1481 the Actors' Theatre. At the Coniedy
2012 1436 2191 1497 Theatre.
1951 1446 2688 1530 Moser Egon Brecher
1962 1481 2693 1550 Mlarie Eva Le Galltenne
1952 1511 2688 1576 Edward Ralmer Douglass R.Dumbri'le
1991 1539 2694 1584 Dr. Schindler Thomas Chalmers
1964 1556 2747 1619 Mrs. Tont Richter. Allee John 1
1967 1587 2693 1643 Catherine Katberine Alexander
1957 1612 2698 1682 Max Derek Glynne
1967 1634 2697 1696 Sebastian Leete Stone
1987 1666 2696 1720 'he Celonel Herman Lieh
1968 1691 2687 1743 Albert Stanley Knlkhurst
1957 1713 2707 1782 Trene Rosalind Fuller
1993 1742 2705 1819 Upon all those who cherlshed life in
1968 1790 2702 1864 Arthur Schnitzler's The Call of Life.“
1963 1843 2701 1912 acted at the Comedy last evening, death
1965 1873 2705 1934 cast a shadow. The one who gained her
1967 1914 2703 1975 life at the cost of her father’s death
1974 1934 2712 2008 found life unbearable, while the one who
1980 1977 2734 2054 lired completely, with no thought of
1971 2004 2767 2092 the cost, found death no jot less swect. #.
1982 2048 2773 2124 As this no doubt indicates, the Schnitzler1“
1978 2091 2775 2175 who fashloned this romantic tragedy of 1#
1981 2136 2765 2217 cloying melancholy is not the erotle p.
1982 2173 2765 2241 profligate to whose castle the prurient1 ##
1974 2212 2776 2293 have all rushed hopefully. In The Callj #
1990 2254 2776 2328 of Life“ he has written as the senti-e.
1986 2302 2782 2361 mental philosopher, with a burgeoning of ##
1988 2328 2767 2405 poctry in his dialogue and symbolism. #
1986 2357 2747 2449 The piece comes off in a muted perfor¬ r
1986 2411 2733 2480 mance br the Actors' Theatre, who last
1984 2434 2770 2528 gear revlved Candlda“ and The Wila!1
1998 2491 2764 2557 Duck.“ The movement df thls rather
1998 2515 2746 2606 mawkish tragedy last evening was so#
1986 2563 2772 2636 slow that what seemed affecting in the 15
1985 2607 2722 2681 first act became tedicus in the last.
2020 2624 2760 2716 The play has been Ingenlously con-t
1998 2671 2767 2761 structed with a vagueness and softness
2001 2706 2781 2789 well suited to the theme. At the age of###
2006 2751 2747 2832 70, old Moser, an frascible, quarreisome
1992 2797 2754 2877 invalid, keeps his young daughter, Marie,
2002 2841 2781 2914 constantlg at his side in unwilllng at¬
2006 2871 2766 2952 tendance while life calls to her fromi#
2001 2900 2792 2996 outside. The particular life that calls#
2008 2957 2742 3026 to her most earnestly is that of Max,
2014 2973 2804 3068 a Lieutenant of the Blue Culrassiers, #
2013 3032 2782 3099 wilo are on the point vof leaving for!
2005 3062 2763 3150 battle. As it happens, the present march
2006 3111 2747 3189 into battle has more than the usual sig¬
2013 3142 2757 3227 nificance, for, to expiate the cowardice
2009 3182 2758 3261 of the Blue Cuirassiers in conflict thir¬
2016 3219 2774 3313 # years ago the young fellews of this C
2007 3252 2795 3334 gencration have sworn that none of #
2374 3309 2805 3367 Suich bravery, it ap-1s.
2021 3319 2383 3382 lcm nall retuin.
2015 3346 2760 3411 pears, will removc the blot on that regi¬
2030 3378 2768 3458 inent’s scutcheon. Of the cowardly sol¬
2021 3423 2779 3493 diers of thirty years ags the sole sur¬
2030 3454 2773 3538 vivor is this same msanthropie, old !
2022 3500 2756 3564 Moser, who by his own confession was
2032 3530 2763 3611 the one who led that igne 'nous retrent.
2744 3556 2814 3619 10
2032 3578 2738 3646 And whlle he still ellu. 46 his useless
2026 3618 2758 3681 life preserved in this shion, the Blue
2037 3648 2762 3730 Culrassiers are alre r marching to
2738 3676 2792 3738 1
2029 3696 2759 3771 their death. Marie hals him with a
2026 3737 2790 3807 sleeping draft. Nevertheless, the Blue#;
2040 3771 2811 3833 Cuirassiers die in battle and without s!
2030 3807 2771 3870 saving the day, and Marie does not at¬
2030 3842 2802 3929 tain to the full riehness of life after all.
2070 3889 2776 3961 Schnitzler has chosen to write this
2040 3936 2795 4004 tragedg in that most dangerous medium 1
2034 3960 2776 4031 ef symbollsm which ma; result in con¬
2043 4009 2775 4080 fusion as easily as it achieves poctic
2034 4047 2764 4103 restasg. And although the first act,
2047 4073 2784 4138 with old Moser snarling and taunting in
2038 4107 2798 4161 bis invalid’s chair, and with echoes
2045 4137 2770 4191 ringing occasionally in the siekroom
2043 4167 2777 4220 of fullblooded life outside—although this
2035 4192 2770 4256 first act brought the exhllaration it
2063 4220 2775 4274 tsveled, the second act did littie t0;
