<?xml version="1.0" encoding="UTF-8" standalone="yes"?>
<PcGts xmlns="http://schema.primaresearch.org/PAGE/gts/pagecontent/2013-07-15" xmlns:xsi="http://www.w3.org/2001/XMLSchema-instance" xsi:schemaLocation="http://schema.primaresearch.org/PAGE/gts/pagecontent/2013-07-15 http://schema.primaresearch.org/PAGE/gts/pagecontent/2013-07-15/pagecontent.xsd">
    <Metadata>
        <Creator>prov=University of Rostock/Institute of Mathematics/CITlab/Gundram Leifert/gundram.leifert@uni-rostock.de:name=ONB_Newseye_GT_M1+(htr_id=10810)::::v=2.4.2
prov=University of Rostock/Institute of Mathematics/CITlab/Tobias Gruening/tobias.gruening@uni-rostock.de:name=de.uros.citlab.module.baseline2polygon.B2PSeamMultiOriented:v=2.4.2
prov=University of Rostock/Institute of Mathematics/CITlab/Tobias Gruening/tobias.gruening@uni-rostock.de:name=/mnt/transkribus/LA/DEA/URO/LA_news_onb_att.pb:de.uros.citlab.segmentation.CITlab_LA_ML:v=2.4.2
Transkribus</Creator>
        <Created>2019-10-07T11:20:54.129+02:00</Created>
        <LastChange>2019-10-08T09:20:10.762+02:00</LastChange>
        <TranskribusMetadata docId="223969" pageId="9497949" pageNr="347" tsid="16509624" status="IN_PROGRESS" userId="40391" imgUrl="https://files.transkribus.eu/Get?id=SXVIYIVWJMJGCQTGJAMNPEGY&amp;fileType=view" xmlUrl="https://files.transkribus.eu/Get?id=SXCJBEZFUQOZUANVZTPRQKGS" imageId="6188175"/>
    </Metadata>
    <Page imageFilename="223969_0347.jpeg" imageWidth="3484" imageHeight="4256">
        <ReadingOrder>
            <OrderedGroup id="ro_1711451387580" caption="Regions reading order">
                <RegionRefIndexed index="0" regionRef="r1"/>
            </OrderedGroup>
        </ReadingOrder>
        <TextRegion orientation="0.0" id="r1" custom="readingOrder {index:0;}">
            <Coords points="304,233 304,3650 2675,3650 2675,233"/>
            <TextLine id="r1l1" custom="readingOrder {index:0;}">
                <Coords points="899,253 916,252 928,264 969,265 974,195 961,194 937,209 922,210 914,205 903,204"/>
                <Baseline points="909,256 934,256 959,260"/>
                <TextEquiv>
                    <Unicode>d</Unicode>
                </TextEquiv>
            </TextLine>
            <TextLine id="r1l2" custom="readingOrder {index:1;}">
                <Coords points="1573,257 1630,275 1901,273 1935,299 2065,302 2065,217 2021,199 1999,210 1972,195 1884,224 1850,200 1788,227 1573,206"/>
                <Baseline points="1584,263 1610,263 1636,262 1662,262 1688,263 1714,263 1740,263 1766,264 1792,265 1819,265 1845,266 1871,266 1897,267 1923,267 1949,266 1975,266 2001,266 2027,265 2054,263"/>
                <TextEquiv>
                    <Unicode>box 24/3</Unicode>
                </TextEquiv>
            </TextLine>
            <TextLine id="r1l3" custom="readingOrder {index:2;}">
                <Coords points="293,259 568,303 1563,304 1564,257 1481,227 1191,183 926,258 842,198 294,208"/>
                <Baseline points="304,253 366,259 428,263 491,267 553,270 616,273 678,275 741,276 803,277 866,277 928,277 990,277 1053,276 1115,276 1178,276 1240,275 1303,275 1365,276 1428,276 1490,277 1553,279"/>
                <TextEquiv>
                    <Unicode>19. Der Ruf es Lebens</Unicode>
                </TextEquiv>
            </TextLine>
            <TextLine id="r1l4" custom="readingOrder {index:3;}">
                <Coords points="881,922 902,918 915,922 923,931 947,929 962,939 968,935 974,937 985,927 998,929 998,884 985,884 979,878 960,878 945,888 932,884 921,888 902,877 891,886 881,886"/>
                <Baseline points="892,919 923,919 955,918 987,920"/>
                <TextEquiv>
                    <Unicode>482</Unicode>
                </TextEquiv>
            </TextLine>
            <TextLine id="r1l5" custom="readingOrder {index:4;}">
                <Coords points="884,1056 2531,1013 2587,947 883,1011"/>
                <Baseline points="895,1038 979,1037 1063,1035 1147,1033 1231,1031 1315,1028 1399,1025 1483,1022 1567,1019 1651,1016 1736,1013 1820,1009 1904,1006 1988,1004 2072,1000 2156,998 2240,995 2324,992 2408,990 2492,988 2577,987"/>
                <TextEquiv>
                    <Unicode>meint er. „Sechsundzwanzig und jung und schön und ein Frauenzimmer mit weißer</Unicode>
                </TextEquiv>
            </TextLine>
            <TextLine id="r1l6" custom="readingOrder {index:5;}">
                <Coords points="882,1108 2595,1053 2452,998 881,1068"/>
                <Baseline points="893,1096 977,1095 1062,1094 1146,1093 1231,1091 1316,1088 1400,1086 1485,1083 1569,1080 1654,1077 1739,1074 1823,1070 1908,1067 1992,1064 2077,1061 2162,1058 2246,1055 2331,1053 2415,1051 2500,1050 2585,1049"/>
                <TextEquiv>
                    <Unicode>Haut und mit runden Armen! ... Nichts für dich verloren, nur Geduld! ...</Unicode>
                </TextEquiv>
            </TextLine>
            <TextLine id="r1l7" custom="readingOrder {index:6;}">
                <Coords points="892,1164 2539,1120 2591,1067 890,1117"/>
                <Baseline points="902,1157 986,1154 1070,1151 1154,1149 1238,1146 1322,1144 1406,1141 1490,1139 1574,1136 1658,1133 1742,1131 1826,1128 1910,1125 1994,1122 2078,1119 2162,1117 2246,1114 2330,1112 2414,1109 2498,1106 2582,1104"/>
                <TextEquiv>
                    <Unicode>Und wenn ich neunzig werde, dann bist du siebenunddreißig — immer noch Zeit</Unicode>
                </TextEquiv>
            </TextLine>
            <TextLine id="r1l8" custom="readingOrder {index:7;}">
                <Coords points="895,1223 2510,1188 2603,1163 2601,1116 893,1186"/>
                <Baseline points="906,1222 990,1219 1074,1216 1159,1213 1243,1209 1327,1206 1412,1203 1496,1200 1580,1196 1665,1193 1749,1190 1833,1187 1918,1183 2002,1180 2086,1177 2171,1174 2255,1171 2339,1168 2424,1165 2508,1163 2593,1160"/>
                <TextEquiv>
                    <Unicode>genug zu allerlei Kurzweil, nach der dich's gelüstet ... Dielleicht werde ich nicht</Unicode>
                </TextEquiv>
            </TextLine>
            <TextLine id="r1l9" custom="readingOrder {index:8;}">
                <Coords points="885,1269 2603,1228 2558,1174 2411,1170 884,1246"/>
                <Baseline points="897,1279 981,1276 1066,1273 1151,1270 1235,1266 1320,1263 1405,1260 1489,1256 1574,1252 1659,1249 1744,1245 1828,1243 1913,1239 1998,1236 2082,1233 2167,1231 2252,1229 2336,1227 2421,1225 2506,1224 2591,1223"/>
                <TextEquiv>
                    <Unicode>neunzig, vielleicht nur fünfundachtzig — oder am Ende dauert's gar nur mehr drei,</Unicode>
                </TextEquiv>
            </TextLine>
            <TextLine id="r1l10" custom="readingOrder {index:9;}">
                <Coords points="901,1356 2597,1301 2595,1243 899,1312"/>
                <Baseline points="910,1335 993,1333 1077,1330 1161,1327 1245,1324 1328,1321 1412,1318 1496,1315 1580,1311 1663,1309 1747,1305 1831,1302 1915,1299 1998,1296 2082,1293 2166,1290 2250,1287 2333,1285 2417,1283 2501,1281 2585,1279"/>
                <TextEquiv>
                    <Unicode>zwei Jahre, dann bist du frei, kannst deinen Adjunkten haben — oder den Doktor</Unicode>
                </TextEquiv>
            </TextLine>
            <TextLine id="r1l11" custom="readingOrder {index:10;}">
                <Coords points="914,1396 2604,1360 2540,1287 913,1362"/>
                <Baseline points="924,1388 1007,1387 1090,1386 1174,1384 1257,1382 1341,1379 1424,1377 1507,1373 1591,1370 1674,1367 1758,1363 1841,1361 1924,1357 2008,1354 2091,1351 2175,1349 2258,1346 2341,1344 2425,1342 2508,1341 2592,1340"/>
                <TextEquiv>
                    <Unicode>— oder beide und noch andere dazu . . . wenn's dir lieber ist, dich ans Fenster</Unicode>
                </TextEquiv>
            </TextLine>
            <TextLine id="r1l12" custom="readingOrder {index:11;}">
                <Coords points="902,1468 2602,1393 2361,1352 901,1419"/>
                <Baseline points="913,1458 1001,1453 1089,1449 1178,1445 1266,1441 1354,1438 1443,1434 1531,1431 1619,1427 1708,1424 1796,1421 1885,1418 1973,1416 2061,1412 2150,1410 2238,1407 2326,1405 2415,1403 2503,1400 2592,1398"/>
                <TextEquiv>
                    <Unicode>stellen und hübschen jungen Leuten winken . . .“ So höhnt sein egoistischer Selbst¬</Unicode>
                </TextEquiv>
            </TextLine>
            <TextLine id="r1l13" custom="readingOrder {index:12;}">
                <Coords points="903,1528 2443,1486 2571,1469 2599,1412 901,1479"/>
                <Baseline points="914,1512 997,1509 1081,1506 1165,1503 1249,1500 1333,1496 1416,1493 1500,1490 1584,1487 1668,1484 1752,1481 1835,1478 1919,1475 2003,1472 2087,1470 2171,1467 2254,1465 2338,1463 2422,1460 2506,1458 2590,1456"/>
                <TextEquiv>
                    <Unicode>erhaltungstrieb die Arme aus, die an seinem Krankenbett verblüht und ver¬</Unicode>
                </TextEquiv>
            </TextLine>
            <TextLine id="r1l14" custom="readingOrder {index:13;}">
                <Coords points="907,1579 2531,1541 2612,1489 906,1545"/>
                <Baseline points="918,1572 1002,1569 1086,1566 1170,1563 1255,1560 1339,1557 1423,1553 1507,1550 1592,1547 1676,1543 1760,1540 1844,1536 1929,1533 2013,1531 2097,1528 2181,1526 2266,1523 2350,1522 2434,1520 2518,1520 2603,1519"/>
                <TextEquiv>
                    <Unicode>dorrt. Da dringt in die Krankenstube die Kunde von dem vorüberziehenden</Unicode>
                </TextEquiv>
            </TextLine>
            <TextLine id="r1l15" custom="readingOrder {index:14;}">
                <Coords points="912,1633 2613,1606 2546,1529 910,1595"/>
                <Baseline points="923,1631 1011,1629 1099,1626 1188,1622 1276,1619 1364,1616 1453,1613 1541,1609 1629,1605 1718,1602 1806,1598 1895,1595 1983,1592 2071,1589 2160,1587 2248,1585 2336,1583 2425,1582 2513,1581 2602,1580"/>
                <TextEquiv>
                    <Unicode>Regiment, das verurteilt ist, in den Tod zu reiten, und nicht ahnend,</Unicode>
                </TextEquiv>
            </TextLine>
            <TextLine id="r1l16" custom="readingOrder {index:15;}">
                <Coords points="904,1697 2615,1641 2500,1585 902,1643"/>
                <Baseline points="914,1692 998,1689 1082,1686 1167,1683 1251,1680 1336,1676 1420,1672 1505,1669 1589,1666 1674,1662 1758,1659 1842,1656 1927,1652 2011,1649 2096,1647 2180,1644 2265,1642 2349,1639 2434,1637 2518,1635 2603,1634"/>
                <TextEquiv>
                    <Unicode>wie tief und stark das Ballabenteuer mit dem jungen Offizier in Marie</Unicode>
                </TextEquiv>
            </TextLine>
            <TextLine id="r1l17" custom="readingOrder {index:16;}">
                <Coords points="910,1753 2618,1689 2346,1651 909,1717"/>
                <Baseline points="920,1750 1004,1748 1088,1745 1173,1742 1257,1739 1342,1736 1426,1732 1510,1729 1595,1726 1679,1722 1764,1718 1848,1716 1932,1712 2017,1709 2101,1706 2186,1704 2270,1701 2354,1700 2439,1698 2523,1697 2608,1696"/>
                <TextEquiv>
                    <Unicode>nachwirkt, mahnt der Arzt sie, an sich selbst zu denken. „Wenn Sie es etwa für</Unicode>
                </TextEquiv>
            </TextLine>
            <TextLine id="r1l18" custom="readingOrder {index:17;}">
                <Coords points="915,1815 2630,1756 2615,1699 914,1773"/>
                <Baseline points="926,1809 1010,1806 1095,1803 1180,1800 1264,1796 1349,1793 1434,1788 1518,1785 1603,1781 1688,1778 1773,1774 1857,1772 1942,1769 2027,1767 2111,1765 2196,1763 2281,1761 2365,1761 2450,1760 2535,1760 2620,1761"/>
                <TextEquiv>
                    <Unicode>Ihre Oflicht halten, hierzubleiben, nur weil dieser Mann Ihr Dater ist, so sage ich</Unicode>
                </TextEquiv>
            </TextLine>
            <TextLine id="r1l19" custom="readingOrder {index:18;}">
                <Coords points="916,1872 2448,1844 2593,1818 2627,1757 914,1815"/>
                <Baseline points="927,1867 1011,1864 1096,1860 1180,1857 1265,1854 1349,1850 1434,1847 1518,1844 1603,1841 1687,1838 1772,1835 1857,1832 1941,1830 2026,1827 2110,1825 2195,1822 2279,1820 2364,1818 2448,1816 2533,1815 2618,1813"/>
                <TextEquiv>
                    <Unicode>Ihnen, daß Sie höhere haben gegen sich selbst; und der Gott, zu dem wir nicht</Unicode>
                </TextEquiv>
            </TextLine>
            <TextLine id="r1l20" custom="readingOrder {index:19;}">
                <Coords points="920,1925 2512,1903 2630,1882 2629,1835 918,1893"/>
                <Baseline points="930,1924 1014,1921 1098,1918 1183,1915 1267,1912 1352,1910 1436,1907 1521,1904 1605,1901 1690,1898 1774,1894 1858,1892 1943,1889 2027,1886 2112,1883 2196,1881 2281,1878 2365,1875 2450,1873 2534,1871 2619,1869"/>
                <TextEquiv>
                    <Unicode>beten, aber an den wir alle glauben müssen, straft es bitter, wenn sie verletzt</Unicode>
                </TextEquiv>
            </TextLine>
            <TextLine id="r1l21" custom="readingOrder {index:20;}">
                <Coords points="914,1988 2639,1934 2533,1890 912,1922"/>
                <Baseline points="925,1983 1010,1980 1095,1977 1180,1973 1265,1970 1351,1967 1436,1964 1521,1962 1606,1959 1691,1957 1777,1954 1862,1952 1947,1949 2032,1947 2117,1944 2203,1941 2288,1939 2373,1936 2458,1933 2543,1930 2629,1927"/>
                <TextEquiv>
                    <Unicode>werden.“ Und Marie schüttet ihrem Dater den Tod ins Trinkglas und eilt zu dem</Unicode>
                </TextEquiv>
            </TextLine>
            <TextLine id="r1l22" custom="readingOrder {index:21;}">
                <Coords points="919,2051 2630,2006 2592,1944 2364,1945 918,2014"/>
                <Baseline points="929,2047 1013,2043 1097,2039 1182,2035 1266,2031 1351,2028 1435,2025 1520,2022 1604,2019 1689,2016 1773,2014 1857,2011 1942,2008 2026,2006 2111,2003 2195,2001 2280,1999 2364,1996 2449,1994 2533,1991 2618,1988"/>
                <TextEquiv>
                    <Unicode>jungen Offizier, um in zwölfter Stunde dem Ruf des Lebens zu gehorchen, des</Unicode>
                </TextEquiv>
            </TextLine>
            <TextLine id="r1l23" custom="readingOrder {index:22;}">
                <Coords points="933,2125 1921,2080 1943,2034 931,2070"/>
                <Baseline points="942,2099 991,2098 1041,2096 1090,2095 1140,2094 1189,2092 1239,2090 1288,2088 1338,2086 1387,2085 1437,2083 1487,2080 1536,2079 1586,2076 1635,2075 1685,2072 1734,2071 1784,2068 1833,2067 1883,2065 1933,2063"/>
                <TextEquiv>
                    <Unicode>einzigen Lebens, das ihr noch lebenswert dünkt.</Unicode>
                </TextEquiv>
            </TextLine>
            <TextLine id="r1l24" custom="readingOrder {index:23;}">
                <Coords points="1016,2160 2634,2121 2632,2068 2294,2056 1015,2128"/>
                <Baseline points="1027,2157 1106,2154 1186,2151 1266,2149 1346,2146 1426,2143 1505,2140 1585,2137 1665,2134 1745,2131 1825,2128 1904,2126 1984,2123 2064,2120 2144,2117 2224,2115 2303,2113 2383,2110 2463,2108 2543,2106 2623,2103"/>
                <TextEquiv>
                    <Unicode>Welcher Art aber ist dieses Leben? In der Kammer des todgeweihten Offiziers</Unicode>
                </TextEquiv>
            </TextLine>
            <TextLine id="r1l25" custom="readingOrder {index:24;}">
                <Coords points="937,2235 2428,2192 2594,2176 2637,2121 936,2201"/>
                <Baseline points="946,2222 1030,2217 1114,2214 1198,2210 1282,2207 1366,2203 1450,2200 1534,2198 1618,2195 1702,2192 1787,2190 1871,2188 1955,2185 2039,2183 2123,2180 2207,2178 2291,2176 2375,2173 2459,2171 2543,2168 2628,2165"/>
                <TextEquiv>
                    <Unicode>angelangt, wird Marie Zeuge einer furchtbaren Abrechnung zwischen dem Regiments¬</Unicode>
                </TextEquiv>
            </TextLine>
            <TextLine id="r1l26" custom="readingOrder {index:25;}">
                <Coords points="938,2300 2631,2235 2608,2184 2226,2184 936,2244"/>
                <Baseline points="947,2272 1030,2271 1114,2269 1197,2267 1281,2265 1365,2263 1448,2261 1532,2258 1615,2255 1699,2253 1783,2250 1866,2247 1950,2244 2033,2241 2117,2238 2201,2235 2284,2231 2368,2228 2451,2225 2535,2221 2619,2218"/>
                <TextEquiv>
                    <Unicode>obersten und seiner jungen Frau, die aus gleichen Motiven den jungen Offizier</Unicode>
                </TextEquiv>
            </TextLine>
            <TextLine id="r1l27" custom="readingOrder {index:26;}">
                <Coords points="933,2350 2599,2313 2631,2242 931,2304"/>
                <Baseline points="944,2339 1027,2335 1111,2331 1195,2327 1279,2324 1363,2321 1447,2318 1531,2316 1615,2313 1699,2310 1783,2308 1866,2306 1950,2304 2034,2302 2118,2299 2202,2297 2286,2294 2370,2291 2454,2288 2538,2286 2622,2282"/>
                <TextEquiv>
                    <Unicode>aufgesucht hat. Ein Revolverschuß knallt sie nieder und der Offizier, den die Frau</Unicode>
                </TextEquiv>
            </TextLine>
            <TextLine id="r1l28" custom="readingOrder {index:27;}">
                <Coords points="940,2419 2642,2340 2382,2293 939,2379"/>
                <Baseline points="950,2400 1034,2395 1118,2391 1202,2387 1286,2384 1370,2380 1454,2377 1538,2374 1622,2371 1706,2369 1791,2366 1875,2364 1959,2361 2043,2359 2127,2357 2211,2354 2295,2352 2379,2349 2463,2347 2547,2344 2632,2342"/>
                <TextEquiv>
                    <Unicode>zur Flucht verleiten wollte, sieht sich um den Heldentod auf dem Schlachtfeld ge¬</Unicode>
                </TextEquiv>
            </TextLine>
            <TextLine id="r1l29" custom="readingOrder {index:28;}">
                <Coords points="940,2471 2465,2428 2648,2405 2646,2364 938,2435"/>
                <Baseline points="949,2457 1033,2453 1117,2449 1202,2446 1286,2442 1371,2439 1455,2436 1539,2433 1624,2430 1708,2428 1793,2425 1877,2423 1961,2420 2046,2418 2130,2415 2215,2413 2299,2410 2383,2408 2468,2405 2552,2402 2637,2400"/>
                <TextEquiv>
                    <Unicode>prellt. Bevor er jedoch Hand an sich legt, steigt er mit Marie ins Hochzeitsbette.</Unicode>
                </TextEquiv>
            </TextLine>
            <TextLine id="r1l30" custom="readingOrder {index:29;}">
                <Coords points="946,2524 2588,2479 2647,2405 944,2473"/>
                <Baseline points="957,2517 1041,2513 1125,2509 1209,2505 1293,2502 1377,2499 1461,2496 1545,2493 1629,2491 1713,2487 1798,2484 1882,2482 1966,2480 2050,2476 2134,2474 2218,2471 2302,2468 2386,2465 2470,2462 2554,2458 2639,2455"/>
                <TextEquiv>
                    <Unicode>Auch Marie wollte in den Tod gehen. Allein ihr graut vor dem Ende und sie</Unicode>
                </TextEquiv>
            </TextLine>
            <TextLine id="r1l31" custom="readingOrder {index:30;}">
                <Coords points="948,2577 2568,2540 2648,2527 2647,2476 947,2537"/>
                <Baseline points="959,2575 1047,2571 1135,2567 1224,2564 1312,2560 1400,2558 1489,2554 1577,2552 1665,2548 1754,2546 1842,2543 1931,2540 2019,2538 2107,2535 2196,2532 2284,2530 2372,2527 2461,2525 2549,2522 2638,2520"/>
                <TextEquiv>
                    <Unicode>schleicht ins Daterhaus zurück, von wo die Tante sie mit auf das Land nimmt.</Unicode>
                </TextEquiv>
            </TextLine>
            <TextLine id="r1l32" custom="readingOrder {index:31;}">
                <Coords points="943,2643 2579,2601 2654,2532 941,2587"/>
                <Baseline points="954,2634 1038,2631 1123,2627 1207,2624 1292,2621 1376,2618 1461,2615 1545,2613 1630,2610 1714,2607 1799,2605 1883,2602 1968,2599 2052,2597 2137,2594 2221,2591 2306,2588 2390,2585 2475,2582 2559,2579 2644,2576"/>
                <TextEquiv>
                    <Unicode>Dort vertrauert sie ihre Tage. „Wie mein eigenes Gespenst schleich ich durch die</Unicode>
                </TextEquiv>
            </TextLine>
            <TextLine id="r1l33" custom="readingOrder {index:32;}">
                <Coords points="942,2695 2666,2641 2555,2591 941,2661"/>
                <Baseline points="952,2692 1037,2689 1122,2685 1207,2683 1292,2679 1377,2677 1462,2673 1547,2670 1632,2668 1717,2665 1803,2662 1888,2660 1973,2657 2058,2655 2143,2652 2228,2649 2313,2647 2398,2644 2483,2641 2568,2639 2654,2636"/>
                <TextEquiv>
                    <Unicode>Welt und mir graut vor mir selbst.“ Noch einmal bietet ihr ein wackerer Mann</Unicode>
                </TextEquiv>
            </TextLine>
            <TextLine id="r1l34" custom="readingOrder {index:33;}">
                <Coords points="950,2751 2632,2725 2662,2677 948,2704"/>
                <Baseline points="960,2756 1044,2752 1129,2748 1213,2744 1298,2740 1382,2737 1467,2734 1551,2730 1636,2728 1720,2724 1805,2722 1890,2718 1974,2716 2059,2713 2143,2710 2228,2707 2312,2705 2397,2702 2481,2699 2566,2696 2651,2694"/>
                <TextEquiv>
                    <Unicode>die Hand zum Leben an. Doch sie lehnt ab. Wie darf sie es wagen, weiter zu</Unicode>
                </TextEquiv>
            </TextLine>
            <TextLine id="r1l35" custom="readingOrder {index:34;}">
                <Coords points="949,2811 2514,2781 2668,2754 2667,2711 948,2777"/>
                <Baseline points="961,2815 1045,2810 1130,2806 1215,2803 1300,2799 1385,2796 1470,2792 1554,2789 1639,2786 1724,2783 1809,2780 1894,2777 1979,2774 2064,2771 2148,2768 2233,2766 2318,2763 2403,2761 2488,2758 2573,2755 2658,2752"/>
                <TextEquiv>
                    <Unicode>leben, gleich Menschen, die nicht alle Süßigkeit und alle Schrecken der Welt aus¬</Unicode>
                </TextEquiv>
            </TextLine>
            <TextLine id="r1l36" custom="readingOrder {index:35;}">
                <Coords points="952,2873 2320,2851 2658,2822 2657,2779 951,2852"/>
                <Baseline points="963,2874 1047,2870 1131,2867 1215,2863 1300,2859 1384,2855 1468,2852 1552,2848 1637,2845 1721,2841 1805,2838 1889,2835 1974,2832 2058,2830 2142,2827 2226,2825 2311,2823 2395,2821 2479,2819 2563,2818 2648,2817"/>
                <TextEquiv>
                    <Unicode>gekostet, wie es wagen, aus einem solchen Schicksal wieder emporzutauchen zum</Unicode>
                </TextEquiv>
            </TextLine>
            <TextLine id="r1l37" custom="readingOrder {index:36;}">
                <Coords points="964,2935 2653,2895 2669,2841 962,2884"/>
                <Baseline points="974,2932 1058,2927 1142,2923 1226,2919 1310,2915 1395,2912 1479,2909 1563,2905 1647,2902 1731,2900 1816,2897 1900,2895 1984,2892 2068,2889 2152,2887 2237,2885 2321,2883 2405,2881 2489,2879 2573,2877 2658,2875"/>
                <TextEquiv>
                    <Unicode>Leben? ... „Sie leben, Marie“, mahnt der Arzt, „und es war ... Auch seit</Unicode>
                </TextEquiv>
            </TextLine>
            <TextLine id="r1l38" custom="readingOrder {index:37;}">
                <Coords points="953,2994 2670,2940 2608,2883 951,2956"/>
                <Baseline points="963,2992 1047,2988 1132,2984 1217,2980 1302,2976 1387,2973 1471,2969 1556,2966 1641,2962 1726,2959 1811,2956 1895,2952 1980,2950 2065,2947 2150,2944 2235,2942 2319,2940 2404,2937 2489,2935 2574,2933 2659,2931"/>
                <TextEquiv>
                    <Unicode>jener Nacht und seit jenem Morgen fließen die Tage und Nächte weiter für Sie</Unicode>
                </TextEquiv>
            </TextLine>
            <TextLine id="r1l39" custom="readingOrder {index:38;}">
                <Coords points="957,3070 2499,3014 2643,3003 2663,2949 955,3009"/>
                <Baseline points="966,3050 1050,3046 1134,3042 1219,3038 1303,3035 1387,3031 1472,3027 1556,3024 1640,3021 1725,3017 1809,3014 1893,3011 1978,3009 2062,3006 2146,3004 2231,3002 2315,3000 2399,2998 2484,2997 2568,2995 2653,2994"/>
                <TextEquiv>
                    <Unicode>hin. Auch daß Sie über Feld und Wiesen spazieren gehen, daß Sie Blumen pflücken,</Unicode>
                </TextEquiv>
            </TextLine>
            <TextLine id="r1l40" custom="readingOrder {index:39;}">
                <Coords points="968,3117 2671,3075 2668,3001 966,3059"/>
                <Baseline points="978,3109 1062,3104 1146,3100 1230,3096 1314,3092 1398,3089 1482,3086 1566,3083 1650,3080 1734,3078 1818,3075 1902,3073 1986,3071 2070,3068 2154,3065 2238,3063 2322,3060 2406,3057 2490,3053 2574,3050 2659,3045"/>
                <TextEquiv>
                    <Unicode>daß Einer versöhnt von Ihnen Abschied nahm, daß hinter diesem Fenster eine</Unicode>
                </TextEquiv>
            </TextLine>
            <TextLine id="r1l41" custom="readingOrder {index:40;}">
                <Coords points="972,3179 2669,3103 2554,3062 970,3130"/>
                <Baseline points="982,3169 1065,3165 1149,3161 1233,3157 1317,3153 1401,3149 1485,3146 1568,3143 1652,3139 1736,3137 1820,3134 1904,3131 1988,3128 2072,3125 2155,3123 2239,3120 2323,3118 2407,3115 2491,3112 2575,3110 2659,3107"/>
                <TextEquiv>
                    <Unicode>Freundin Ihnen für ewig entschwindet, daß Sie hier mit mir reden unter dem</Unicode>
                </TextEquiv>
            </TextLine>
            <TextLine id="r1l42" custom="readingOrder {index:41;}">
                <Coords points="964,3246 2638,3191 2672,3126 962,3203"/>
                <Baseline points="973,3225 1057,3222 1142,3217 1226,3214 1311,3211 1395,3207 1480,3204 1564,3201 1649,3198 1733,3195 1818,3192 1902,3190 1987,3187 2071,3185 2156,3182 2240,3180 2325,3178 2409,3175 2494,3173 2578,3171 2663,3169"/>
                <TextEquiv>
                    <Unicode>leuchtenden Mittagshimmel, ist Leben. Nicht minder als es jene Nacht gewesen ist,</Unicode>
                </TextEquiv>
            </TextLine>
            <TextLine id="r1l43" custom="readingOrder {index:42;}">
                <Coords points="979,3298 2679,3236 2660,3179 978,3249"/>
                <Baseline points="990,3284 1073,3279 1157,3276 1241,3272 1325,3269 1409,3265 1493,3262 1576,3259 1660,3257 1744,3254 1828,3252 1912,3249 1996,3246 2080,3244 2163,3241 2247,3239 2331,3236 2415,3233 2499,3230 2583,3227 2667,3223"/>
                <TextEquiv>
                    <Unicode>da es Sie aus verstörter Jugend nach dunkeln Abenteuern lockte, die Ihnen heute</Unicode>
                </TextEquiv>
            </TextLine>
            <TextLine id="r1l44" custom="readingOrder {index:43;}">
                <Coords points="982,3346 2616,3311 2669,3241 980,3299"/>
                <Baseline points="992,3344 1075,3339 1158,3336 1242,3331 1325,3328 1409,3325 1492,3322 1576,3319 1659,3317 1743,3314 1826,3311 1909,3309 1993,3307 2076,3304 2160,3302 2243,3300 2327,3297 2410,3294 2494,3291 2577,3288 2661,3285"/>
                <TextEquiv>
                    <Unicode>noch als Ihres Daseins letzter Sinn erscheinen ... Und wer weiß, ob Ihnen</Unicode>
                </TextEquiv>
            </TextLine>
            <TextLine id="r1l45" custom="readingOrder {index:44;}">
                <Coords points="975,3414 2303,3391 2670,3353 2671,3310 973,3372"/>
                <Baseline points="986,3404 1069,3400 1153,3396 1237,3392 1321,3388 1404,3385 1488,3381 1572,3378 1656,3375 1739,3372 1823,3369 1907,3367 1991,3364 2074,3361 2158,3359 2242,3356 2326,3354 2409,3351 2493,3349 2577,3346 2661,3343"/>
                <TextEquiv>
                    <Unicode>nicht später, viel später einmal aus einem Tag wie der heutige der Ruf des Lebens</Unicode>
                </TextEquiv>
            </TextLine>
            <TextLine id="r1l46" custom="readingOrder {index:45;}">
                <Coords points="977,3473 2681,3410 2654,3353 976,3431"/>
                <Baseline points="988,3460 1072,3456 1156,3452 1240,3449 1324,3446 1408,3443 1492,3440 1577,3438 1661,3435 1745,3433 1829,3431 1913,3428 1997,3426 2081,3424 2166,3421 2250,3417 2334,3415 2418,3411 2502,3407 2586,3402 2671,3398"/>
                <TextEquiv>
                    <Unicode>viel reiner und tiefer in die Seele klingen wird als aus jenem anderen, an dem</Unicode>
                </TextEquiv>
            </TextLine>
            <TextLine id="r1l47" custom="readingOrder {index:46;}">
                <Coords points="989,3542 2687,3491 2684,3414 2564,3405 987,3483"/>
                <Baseline points="998,3520 1081,3517 1165,3513 1249,3510 1333,3508 1417,3504 1501,3501 1584,3498 1668,3496 1752,3493 1836,3491 1920,3488 2004,3485 2088,3482 2171,3479 2255,3476 2339,3474 2423,3470 2507,3468 2591,3464 2675,3461"/>
                <TextEquiv>
                    <Unicode>Sie Dinge erlebt haben, die so furchtbare und glühende Namen tragen wie Mord</Unicode>
                </TextEquiv>
            </TextLine>
            <TextLine id="r1l48" custom="readingOrder {index:47;}">
                <Coords points="980,3602 997,3599 1021,3616 1037,3600 1065,3599 1111,3580 1129,3588 1141,3581 1163,3596 1186,3586 1240,3593 1238,3531 1208,3530 1195,3539 1127,3524 1102,3542 1080,3528 1071,3537 1054,3533 1042,3544 978,3553"/>
                <Baseline points="989,3582 1015,3579 1042,3577 1069,3575 1095,3575 1122,3574 1149,3574 1175,3573 1202,3573 1229,3571"/>
                <TextEquiv>
                    <Unicode>und Liebe.“</Unicode>
                </TextEquiv>
            </TextLine>
            <TextLine id="r1l49" custom="readingOrder {index:48;}">
                <Coords points="1072,3638 2682,3593 2680,3542 2541,3527 1071,3612"/>
                <Baseline points="1083,3637 1162,3635 1241,3634 1321,3631 1400,3629 1480,3627 1559,3625 1639,3622 1718,3619 1798,3617 1877,3614 1956,3611 2036,3608 2115,3605 2195,3602 2274,3599 2354,3596 2433,3593 2513,3590 2592,3587 2672,3584"/>
                <TextEquiv>
                    <Unicode>Und während der Arzt in seinen milden Trostworten den Sinn des Spieles</Unicode>
                </TextEquiv>
            </TextLine>
            <TextEquiv>
                <Unicode>d
box 24/3
19. Der Ruf es Lebens
482
meint er. „Sechsundzwanzig und jung und schön und ein Frauenzimmer mit weißer
Haut und mit runden Armen! ... Nichts für dich verloren, nur Geduld! ...
Und wenn ich neunzig werde, dann bist du siebenunddreißig — immer noch Zeit
genug zu allerlei Kurzweil, nach der dich's gelüstet ... Dielleicht werde ich nicht
neunzig, vielleicht nur fünfundachtzig — oder am Ende dauert's gar nur mehr drei,
zwei Jahre, dann bist du frei, kannst deinen Adjunkten haben — oder den Doktor
— oder beide und noch andere dazu . . . wenn's dir lieber ist, dich ans Fenster
stellen und hübschen jungen Leuten winken . . .“ So höhnt sein egoistischer Selbst¬
erhaltungstrieb die Arme aus, die an seinem Krankenbett verblüht und ver¬
dorrt. Da dringt in die Krankenstube die Kunde von dem vorüberziehenden
Regiment, das verurteilt ist, in den Tod zu reiten, und nicht ahnend,
wie tief und stark das Ballabenteuer mit dem jungen Offizier in Marie
nachwirkt, mahnt der Arzt sie, an sich selbst zu denken. „Wenn Sie es etwa für
Ihre Oflicht halten, hierzubleiben, nur weil dieser Mann Ihr Dater ist, so sage ich
Ihnen, daß Sie höhere haben gegen sich selbst; und der Gott, zu dem wir nicht
beten, aber an den wir alle glauben müssen, straft es bitter, wenn sie verletzt
werden.“ Und Marie schüttet ihrem Dater den Tod ins Trinkglas und eilt zu dem
jungen Offizier, um in zwölfter Stunde dem Ruf des Lebens zu gehorchen, des
einzigen Lebens, das ihr noch lebenswert dünkt.
Welcher Art aber ist dieses Leben? In der Kammer des todgeweihten Offiziers
angelangt, wird Marie Zeuge einer furchtbaren Abrechnung zwischen dem Regiments¬
obersten und seiner jungen Frau, die aus gleichen Motiven den jungen Offizier
aufgesucht hat. Ein Revolverschuß knallt sie nieder und der Offizier, den die Frau
zur Flucht verleiten wollte, sieht sich um den Heldentod auf dem Schlachtfeld ge¬
prellt. Bevor er jedoch Hand an sich legt, steigt er mit Marie ins Hochzeitsbette.
Auch Marie wollte in den Tod gehen. Allein ihr graut vor dem Ende und sie
schleicht ins Daterhaus zurück, von wo die Tante sie mit auf das Land nimmt.
Dort vertrauert sie ihre Tage. „Wie mein eigenes Gespenst schleich ich durch die
Welt und mir graut vor mir selbst.“ Noch einmal bietet ihr ein wackerer Mann
die Hand zum Leben an. Doch sie lehnt ab. Wie darf sie es wagen, weiter zu
leben, gleich Menschen, die nicht alle Süßigkeit und alle Schrecken der Welt aus¬
gekostet, wie es wagen, aus einem solchen Schicksal wieder emporzutauchen zum
Leben? ... „Sie leben, Marie“, mahnt der Arzt, „und es war ... Auch seit
jener Nacht und seit jenem Morgen fließen die Tage und Nächte weiter für Sie
hin. Auch daß Sie über Feld und Wiesen spazieren gehen, daß Sie Blumen pflücken,
daß Einer versöhnt von Ihnen Abschied nahm, daß hinter diesem Fenster eine
Freundin Ihnen für ewig entschwindet, daß Sie hier mit mir reden unter dem
leuchtenden Mittagshimmel, ist Leben. Nicht minder als es jene Nacht gewesen ist,
da es Sie aus verstörter Jugend nach dunkeln Abenteuern lockte, die Ihnen heute
noch als Ihres Daseins letzter Sinn erscheinen ... Und wer weiß, ob Ihnen
nicht später, viel später einmal aus einem Tag wie der heutige der Ruf des Lebens
viel reiner und tiefer in die Seele klingen wird als aus jenem anderen, an dem
Sie Dinge erlebt haben, die so furchtbare und glühende Namen tragen wie Mord
und Liebe.“
Und während der Arzt in seinen milden Trostworten den Sinn des Spieles</Unicode>
            </TextEquiv>
        </TextRegion>
    </Page>
</PcGts>
