3436 4352
1570 354 2036 443 box 24/5
244 369 1437 487 19 Der Ruf des Lebens
1736 788 2370 898 Rudd Jnata
1255 835 1608 926 Cgrhn
683 895 2558 1029 OCroßek. 19rs g #n deiene Tarch, Cameik#in 20
2098 2284 2561 2347 Seierenre Vian Damm Phete
690 2319 2560 2419 Thomas Chalmers, still on a pacation from the operatic stage and Era Le Gallienne are abpearing in
691 2386 2563 2442 Schnitaler's Dhe Call of Lise“ schich ie the first prockuction of the Actors' Theatre's nezo geason.
922 2549 2319 2655 Schnitzler Returns to Broadway
1406 2649 1862 2740 By Robert Sparks
735 2726 2568 2816 Once more Arthur Schnitzler has be- ican theatre, Anatol and others of his one¬
1637 2798 2567 2864 act plays have becn a factor in the suceess
691 2815 1616 2893 come a figure of news interest in this coun¬
1645 2858 2572 2917 of the Little Theatre Movement winning re¬
701 2858 1631 2946 try. This season he is to have two of his
1636 2897 2583 2973 spect and admiration for the author. His
706 2925 1626 3008 plays produced on Broadway—one by the
1644 2944 2581 3005 novels, poems and short stories, too, have
1629 2981 2579 3051 attracted attention on this side of the Atlan¬
713 2981 1629 3077 Actors' Theatre and the other by the The¬
1641 3023 2584 3108 tic. Since Schnitzler’s prominence in
701 3039 978 3138 atre Guild.
1631 3077 2586 3147 Europe has come about principally through
752 3075 1630 3169 Schnitzler has been a figure in the Con¬
1641 3128 2578 3201 his ability as a dramatist, he is in the unique
702 3146 1633 3202 tinental drama since 1802 at which time
1639 3174 2587 3256 position of having become famous in Amer¬
702 3198 1633 3252 his cyele of dialogues written around the
1637 3227 2576 3292 ica without much professional assistance
708 3230 1632 3293 Caffairs' of Anatol was produced in Vienna.
1645 3253 2584 3342 from our theatre. That, seemingly, would
709 3281 1631 3349 Success came immediately, for Anatol’s ad¬
1646 3313 2569 3371 have been the logical place for so distin¬
713 3328 1638 3390 ventures took Vienna by storm. Since then
1649 3356 2502 3439 guished a playwright to get his honors.
706 3379 1646 3444 Schnitzler has forged- steadily ahead until
1693 3405 2576 3477 Schnitzler is a very prolisic writer. De¬
717 3434 1637 3497 he is now the leading Austrian dramatist
1649 3449 2583 3520 spite the fact that he has written many
714 3477 1635 3553 and a power long felt in the European
1642 3493 2585 3578 plays and sketches only a few have been
721 3533 911 3586 theatre.
1647 3547 2584 3619 performed in New York. The first per¬
756 3538 1637 3624 His fame abroad, however, has had little
1652 3598 2602 3690 formance of a Schnitzler play here was
715 3619 1635 3695 to do with the tide of affairs in the Amer¬
