3436 4352
270 211 431 299 19.
440 209 1421 305 Der Ruf des Lebens
395 505 741 583 att aus.
505 561 1463 679 3.KTisi( Pikante Blätter, Wie
324 601 473 670 vom:
434 759 1299 888 Theaternachrichten.
440 873 1337 955 (Deutsches Volkstheater.) Artur Schnitzlers
345 916 1333 1004 Schauspiel „Der Ruf des Lebens“ hat
357 981 1343 1053 eine sehr gute Aufnahme bei vollbesetztem Hause
347 1022 1332 1103 gefunden. Gar nicht „rittmeisterlich“ ist der von
341 1061 1339 1151 Gewissensbissen geplagte und deshalb unaus¬
341 1113 1327 1183 stehliche alte Moser, der Hemmschuh des jugend¬
349 1172 1330 1248 lichen Lebens seiner Tochter Marie, gestorben.
341 1220 1329 1302 Die Feigheit der blauen Kürassiere von ehedem
333 1276 1318 1346 büßt die junge Nachkommenschaft. Alle empfinden
338 1311 1316 1390 den Ruf des Lebens und jeder in anderer Art.
325 1362 1326 1446 Niemand wird glücklich, weil in unrechter Zeit
334 1420 1324 1484 ihm gefolgt wird. Der eine muß vergiftet werden,
331 1473 1320 1539 die andere erschossen, eine wird närrisch und die
322 1517 1322 1586 letzte jubelt sich lebendig tot. Es ist ein Jagen
331 1560 1320 1637 nach dem Leben, das doch so nahe wäre. Man
334 1620 1315 1697 muß in das Reich der höchsten Phantasie, um
340 1660 1311 1746 sich in das Unglück der gezeigten Figuren hinein¬
322 1726 1312 1779 zuleben. Insbesondere Katharine läßt viel zum
327 1758 1315 1842 Raten. Frau v. Wagner ist der Mittelpunkt
319 1813 1316 1883 der trefflichen Leistung, die das Stück von allen
313 1861 1302 1932 Mitwirkenden verlangt und auch geboten wurde.
321 1912 1314 1988 Der Beifall war Schnitzler zugedacht, aber die
320 1969 1309 2033 Schauspieler haben ihm dazu verholfen. E. J
509 2618 931 2735 Ausschnitt aus:
927 2647 1575 2767 Iumoristische Blätter, Wien
681 2724 954 2800 180K71974
521 2747 667 2805 vom:
880 2814 1143 2924 dler.
586 2923 1480 3041 „Der Ruf des Lebens“ von Artur
500 2988 1476 3080 anfneln eines der verstiegenste Stücke des
492 3048 1373 3151 sonst so gemäßigten und feinsinnigen Autors.
568 3124 1463 3236 Das Mädchen, welches den Vater ermordet,
476 3196 1463 3273 um zum Buhlen zu eilen, will uns nicht recht ver¬
478 3252 1461 3358 ständlich werden und ist wohl nur eine Konstruktion.
602 3341 1505 3431 Auch sonst ist keine echte Lebenswärme den
509 3398 1504 3487 Gestalten, so daß keine rechte Wirkung aufkommt
497 3462 1484 3564 und der Erfolg wohl nur der allgemeinen Bart¬
497 3516 1277 3609 schätzt# des Dichters zuzuschreiben ist.
1321 3543 1564 3652 —
1553 196 2028 285 box 24/5
2275 913 2599 1014 burg, Toronto.
2202 1011 2885 1112 doren-Borter Wien
1871 1082 2339 1163 Ausschnitt aus:
2145 1154 2438 1249 130K11914
1898 1198 2054 1250 vom:
2204 1297 2536 1391 Theater.
1928 1415 2927 1475 „Der Ruf des Lebens“ ist ein schwer
1808 1467 2923 1558 zu verstehendes Stück von Arfnx-Schnlizler.
1811 1519 2925 1582 Es scheint, daß der Dichter seine Produktion
1818 1578 2924 1635 ein wenig überspannt und mehr sagen möchte,
1808 1636 2302 1704 als er zu sagen hat.
1925 1698 2915 1751 Hier scheint ihn ein guter Titel gelockt zu
1810 1764 2928 1839 haben, zu welchem ihm kein recht lebensfähiges
1814 1803 2326 1883 Stück eingefallen ist.
1927 1860 2923 1926 Uberhaupt kommt Schnitzler nicht recht
1809 1926 2942 1992 über elegisch-sentimentale Jünglinge und dazu.
1812 1984 2605 2065 gehörige lockere Mädchen hinaus.
1920 2049 2927 2099 Die Atmosphäre der Ringstraße kommt
1805 2108 2924 2168 immer wieder zur Gellung und kein Dichter hat
1805 2165 2915 2235 durch die Epoche des Weltkrieges so sehr an
1810 2208 2990 2321 Geltung verloren wie Schnitzler. Mit seinen—/
1810 2280 2929 2344 Figuren wären keine Schlachten zu gewinnen,
1813 2344 2945 2424 mit seinen Aphorismen könnte man nicht üben
1802 2404 2928 2462 Lagen, wie sie heute vorliegen hinwegkommen.
1922 2455 2928 2532 Es war eine recht müde, dekadente, sich
1801 2501 2944 2613 selbst aufgebende Kunst, welche seinerzeit in
1814 2570 2948 2671 den Wiener Kaffeehäusern entstanden ist —
1808 2634 2918 2713 der Krieg dürfte sie hinwegblasen, diese Dramatik
1809 2704 2913 2750 und Novellistik, in welcher sich alles darum
1808 2762 2911 2810 dreht, ob dieses oder jenes elegante Jüngel diese
1801 2810 2833 2890 oder jene „gehabt“ hat oder „haben“ wird.
1913 2851 2943 2945 Im Deutschen Volkstheater wurde „Der □
1798 2939 2909 2997 Ruf des Lebens“ wieder hervorgeholt und
1802 2990 2226 3058 sehr gut gespielt.
1912 3062 2909 3125 Einige Tage vorher hat Schnitzler eine
1814 3109 2694 3195 Vorlesung in der „Urania“ gehalten.
1910 3162 2920 3240 Auch freisinnige Dichter sind in den
1798 3225 2518 3299 Künsten der Reklame zuhause
2580 3227 2926 3303 natürlich ist
1797 3279 2472 3368 auch die Reklame freisinnig.
