3436 4320
1526 164 2004 256 box 24/1
212 175 1390 258 19. Der Ruf des Lebens
2878 1110 3012 1184 —
899 1149 992 1218 —
2058 1150 3337 1232 Auch von Gastspielen; hat es im Monat Juni noch Brahms zurück
129 1172 2019 1293 hier am ehesten den klingenden Lohn er-geweihten Hause noch ihre Thesenschlacht ausführten,
155 1214 3322 1316 Erst kürzlich, just vor Schluß der Spiel-tritt ein Weib auf, das den frommen Gottesmann eines ein wenig getröpfelt. Da kam Maria Pospischill aus Hause eines
942 1254 3331 1346 unzüchtigen Angriffs auf ihre Frauenehre bezichtigt. Hamburg und spielte mit einem leider nur notdürftig von Brahms
139 1305 961 1356 wir noch ein Beispiel dieser dramatischen
1992 1300 3338 1387 abgestimmten Ensemble eine Reihe Klassiker=Tragödien,hoben worden
948 1320 2013 1398 Der Pfarrer gesteht und bereut öffentlich, aber er be¬
139 1344 962 1423 ft ohne dramatischen Beruf. Den Berliner
1998 1342 3328 1421 in denen ihr meistens die Hauptrolle zufiel: die Elektralauf, unseren 9
955 1378 2011 1447 reut, die Tat nicht begangen, mit der ###sicht nur
155 1391 965 1451 Oliven, der unter dem Pseudonym
1998 1383 3332 1466 des Sophokles, die Iphigenie Goethes, die Sappho und herrliche Villa
144 1398 2022 1500 Simplizissimus=Tonart allerlei Gesellschafts-fgespielt zu haben. Dies Bekenntnis zum Evangelium
944 1422 3338 1535 der freien Liebe ist der erste Triumph des Teufels; der die Medea Grillpaczers. Die persönlichen Kunstleistungen zu überraschen
155 1476 965 1555 besten gegeben hat, stach plötzlich der
951 1487 3341 1584 zweite folgt auf dem Fuße. Der Herrgott selber, heißt der tüchtigen und klugen Tragödin in allen Ehren, aber auch wir wark
167 1524 966 1600 Dramatikers, und die Sommerdirektion
956 1559 3338 1620 es plötzlich, stehe im Bettlergewand vor der Kirchenpforte. daß ihr recht anspruchsvoll verkündigtes Bestreben, einer knappen
119 1572 961 1641 gtheaters war gutmütig oder schwach
126 1562 3290 1691 En „psychologischen Bluetten", „burlesken Der Pfarrer erkennt ihn nicht und weist den frechen! die Großen der Weltliteratur „in dem Naturalismus der offen, die
3047 1605 3306 1684 kennt man
131 1625 3076 1726 und „burlesken Phantasien“ den Schlüssel zur Landstreicher hochmütig von der Schwelle. Da ist sein Dichterepoche“, d. h. in dem ihrer Zeit und ihrem Wesen!
3058 1653 3320 1709 ein, steigen
2013 1667 3065 1739 gemäßen Natürlichkeitsstile, nicht etwa in dem „Natura¬
956 1685 2012 1755 Maß voll: der Teufel darf ihn mitsamt seiner Gemeinde
3054 1694 3344 1753 Wir kommen
132 1707 961 1770 liefern. Der Unfug und die Verwirrung, die
2013 1700 3068 1780 lismus des 20. Jahrhunderts“ zu spielen, etwas wesentlich
133 1723 2007 1809 Witzblättern entsprungenen Biesterchen da und dem neuen Gotteshaus vom Erdboden vertilgen.
2014 1733 3329 1822 anderes und höheres bedeute als die Klassiker=Renaissance, kein Laut zu
139 1770 2017 1859 wäre furchtbar geworden, wenn sich nicht Der Sinn der „Komödie“ würde sich aus der an Unklar¬
2006 1784 3337 1862 die ohnedies schon im Werke, hat sie uns einstweilen mit sein? Doch
962 1816 2018 1889 heiten und Widersprüchen reichen Handlung nur schwer
233 1840 970 1900 sommerliche Publikum seiner kritischen
2006 1829 3294 1922 ihren z. T. recht unausgeglichenen Aufführungen nichtNotenpult
957 1861 2018 1927 enthüllen, wenn der Verfasser seiner Ohnmacht, sinnfällig
3053 1868 3332 1936 Brahms will
153 1883 971 1945 g bewußt geworden wäre, solche Konterbande
2009 1874 3081 1948 zu beweisen vermocht. — Im Neuen Königlichen Opern¬
966 1900 2019 1972 und greifbar zu gestalten, nicht durch allerhand redselige
3057 1917 3328 1978 Klavier. Er
129 1925 975 1985 Ehe des Dramas nicht zu dulden. Wie gern
2012 1911 3084 2001 theater konnten Freunde der musikalischen Stilvergleichung
137 1936 2038 2035 m Theater lacht, hatte dasselbe Publikum Erläuterungen, die scholastisch neben dem Grundtext
2020 1965 3280 2040 in den letzten Wochen seltene Feste feiern. D'Andrades holperig,
963 1984 2039 2061 einherlaufen, zu Hilfe gekommen wäre. Daraus erfahren!
3059 2005 3334 2076 Nebenzimmer
141 2012 975 2086 Stelle wenige Wochen zuvor bei Rößlers
2027 2019 3080 2082 Gastspiel folgte das des Belgiers Henri Albers vom
3140 2051 3334 2116 „Falsch!
142 2034 2028 2125 f bewiesen; aber daß es sich deshalb auf der wir denn glücklicherweise, daß Paul einmal wieder den
157 2104 3094 2148 nicht mit oberflächlich dramatisierten Café= Bannstrahl gegen das papierne, leblose Dogma schleudert, Théatre de la Morrain in Brüssel; dem schmiegsamsten,
3151 2093 3221 2145 B
120 2136 3096 2208 nkspäßen abspeisen läßt, hat es jetzt in nicht das Gott wohl stets und überall im Munde führt, ihn zierlichsten und temperamentvollsten Rigoletto und Don
3079 2134 3204 2209 noch
2023 2142 3072 2218 Juan folgte der kraftvollste, wuchtigste, pathetischste, aber
125 2150 2046 2251 klicher Weise kundgetan. Jeder Freund einerleigentlich aber gar nicht kennt und von seinem Wesen!
980 2182 3089 2279 nichts begriffen hat, und daß er von seiner Kanzel leider auch der behäbigste und — bürgerlichste, den es
3074 2208 3226 2297 hast du
115 2236 992 2318 Scheidung zwischen den poetischen Gattungen
135 2273 3089 2344 senk ich, dieser energischen Grenzregulierung herab den naiven, herzhaft ohne viel Zweifeln und bisher gegeben hat. Eine Vereinigung beider grund¬
3151 2267 3270 2321 Wir
964 2316 3096 2372 Fragen zugreifenden Lebensgenuß predigen möchte, derl verschiedenen Temperamente würde für die Rollen einen
3077 2313 3326 2375 zu verraten,
2033 2316 3093 2391 wertvollen Fortschritt bedeuten; gilt es sich zu entscheidenl
132 2319 281 2389 reuen.
3087 2354 3303 2415 erweichen!
138 2332 2039 2434 ef diese Rideamus=Späher auf der Stufenleiter sich erinnert, daß Gott selber ja nicht Mensch geworden
2034 2366 3088 2443 für das eine oder das andere, so wird man D'Andrad#
3073 2377 3329 2458 von Kleider
121 2381 2039 2470 hinabstiegen, so hoch suchte die vorletzte Dar- wäre, wenn er im Menschsein eine Sünde gesehen
2025 2407 2613 2505 doch wohl den „Vorzug geben.
1196 2430 2038 2502 Adolf Paul, dieser aus Finland stammende,
3091 2446 3299 2509 Schwelle
138 2451 1222 2516 esselben Unternehmers emporzuklimmen. Es hätte...
3203 2483 3314 2546 Bub,
137 2449 2047 2571 f Pauls Komödie „Die Teufelskirche“ aufzu= aber schon seit gut einem Jahrzehnt in Deutschland
3081 2492 3168 2554 ,D
3207 2532 3285 2588 den
162 2504 2048 2598 symbolisches Gedankendrama, das, verstehen lebende und deutsch schreibende Dramatiker ist einer der
2286 2512 2882 2614 Buntes Feuilleton.
3090 2538 3186 2590 nicht
3090 2574 3341 2648 Seiten vor
132 2560 2053 2650 AAbsicht recht, so eine Art von modern=frei= fruchtbarsten, erfindungsreichsten und beweglichsten, die
3157 2618 3333 2690 „Meinl
129 2605 2046 2704 Faust“ sein möchte. In Form einer Traum= wir haben, und fast immer greift er zu Problemen, die
2171 2602 2928 2690 Heiteres aus der Musikwelt.
3165 2661 3328 2738 „Ei st
117 2654 2088 2724 Edie weder innerlich motiviert noch im Grunde auf Gipfel führen und in die Höhe weisen. Aber immer
2126 2651 3101 2743 — Karl Goldmark erzählt einem Mitarbeiter des
3089 2699 3334 2785 nicht. Abel
129 2698 2054 2783 tischen Handlung genügend verankert ist, führt zeigt sich auch, daß seine Kühnheit größer als
1609 2715 3092 2792 die Unkenntn's der Wiener Fremdenblattes folgende heitere Erinnerung aus
1384 2750 1514 2806 daß
3164 2745 3333 2808 Es wa
124 2725 1385 2841 Perfasser da ein gelstiges Duill zwischen einem seine Kraft und
2318 2758 3105 2830 Jahre, die mir etwa noch be¬
3083 2791 3332 2867 sonnigen T
131 2770 2220 2876 also dem offiziellen Vectreter der Staats= Gefahren und Schwierigkeiten dieses Weges ist, diel seinen
988 2805 3096 2903 ihn so mutig macht, Über die Zurückhaltung der schieden sind, brauche ich Ruhe, seelische und körperliche.
3089 2843 3332 2903 gekommen;
122 2860 995 2916 und dem leibhaftigen Gottseibeiuns vor. Der
130 2898 3095 2959 t dem Pfarrer und seiner Gemeinde ein neues Berliner Theater kann er, der Eingewanderte, sich nicht Selbst den kleinen Weg, der mich in Gmunden vom See
3092 2888 3327 2954 sind tot.
116 2944 3101 2998 Gotteshaus gebaut, aber nur unter der Be= beklagen; ein halbes Dutzend seiner Stücke sind schhuf bis zu meinem Häuschen führt, lege ich im Wagen
114 2986 3103 3053 daß der Pfarrer an der heiligen Stätte nicht aufgeführt, ein weiteres halbes Dutzend soll folgen. Wie zurück. Wo sind die Tage, da mir der Weg von
2039 2978 3115 3055 Altaussee zum Grundlsee über die Berge ein fröhlicher
131 3004 2059 3088 der ersten Stunde schon seinen Herrn und dankbar wollten wir sein, wenn unter diesem noch zu
121 3067 3113 3143 dem er einzig und allein zu dienen vorgibt, erwartenden Reichtum anstatt vieler neuer Halbheite. Spazurgang war. Noch heute denke ich daran, als ich
2053 3051 3152 3145 die schöre Tour zum letztenmal in Gesellschaft von!
134 3099 1758 3193 d verleuanet. Wäbrend die beiden in dem eben ein einziges Ganzes und Reifes wäre!
