3484 4352
1585 253 2061 361 box 24/3
277 258 1457 352 19. Der Ruf des Lebens
190 1635 404 1718 zustenen.
1087 1639 1315 1727 —
1067 1766 3236 1831 stellen, von dem kein Mann lebendig zurückkehren wird.] Bühne, nicht hinter den Kusissen, und das, was seine
186 1603 1067 1849 pier etenschunge. 17.
1076 1810 2158 1875 Das ganze Regiment ist bereits abgerückt bis auf den
2141 1810 3231 1896 Personen reden, nicht was sie sich höchstwahrscheinlich
194 1838 1075 1903 uf des Lebens,“ Schauspiel in drei Auf¬
1068 1859 3226 1943 Oberst und eine einzige Schwadron. Bei dieser aber steht] denken. Und in diesem Sinne ist „Der Ruf des Lebens“
189 1872 1077 1951 Artur Schn##er (Deutsches Volkstheater).
1074 1912 2161 1992 der Leutnant Max, den Marie vor einem halben Jahre
200 1927 1081 1983 on Liederlich,“ Komödie in drei Akten
2152 1917 3228 1995 ein ungemein roh gezimmertes und dennoch unklares
183 1964 1071 2037 nrich Schrottenbach (Theater in der
1065 1970 2160 2035 auf einem Balle kennen gelernt und dem sich
2148 1978 3238 2043 Stück, mehr kraftmeierisch als kräftig, sophistisch eher als
404 1999 659 2058 Jösefstadt.)
1073 2001 2152 2062 völlig hinzugeben, sie soeben ihren Vater getötet
2145 2012 2423 2084 philosophisch.
205 2037 1071 2111 Untertitel „Schauspiel“, nicht „Komödie“, be¬
1072 2058 2162 2130 hat. Derselbe Max hat ein ehebrecherisches Verhältnis!
2230 2046 3227 2142 Kein Schöpfer steht seinem Geschöpfe unparteiisch
190 2074 1074 2170 wiß auch (jene, die weder das 1906 er¬
1077 2107 2149 2173 mit der Frau seines Obersten, die ihn bewegen will, mit
2151 2115 3234 2189 gegenüber, und es wäre daher auch von Schnitzler zu viel
191 2137 1079 2221 Buch, noch die Berichte über die Berliner
1075 2151 2147 2216 ihr ins Leben zu fliehen, anstatt mit den##ameraden in den
2147 2166 3230 2235 verlangt, daß er nach der sonnabendlichen Wiener Erst¬
175 2189 1078 2256 ung im Gedächtnis hatten, auf Arges und
1067 2198 2147 2268 Tod zu reiten. Marie kommt eben zurecht, diese nieder¬
2147 2210 3227 2285 aufführung den „Ruf des Lebens“ für ein verfehltes Ex¬
183 2232 1072 2312 vor. Eine solche Anhäufung aufregendster Ge¬
1072 2257 2147 2316 schmetternde Unterredung vom Schlafalkoven des Kasernen¬
2148 2257 3232 2330 periment erkläre. Daß aber der Beisafl, der ihn nach
192 2282 1072 2356 hatte aber doch wohl niemand von ihnen er¬
1065 2306 2151 2353 zimmers aus entsetzt mitanzuhören. Allein auch der be¬
2136 2310 3234 2389 dem ersten Akte vergeblich, nach dem zweiten erfolgreich
195 2335 1068 2403 ls erster Aktschluß Vatermord, als zweiter
1073 2344 2145 2418 trogene Gatte hört sie, springt durchs Fenster herein,
2137 2360 3228 2431 vor die Rampe rief, der zielbewußte Ausdruck wohl¬
189 2381 1065 2449 d. als dritter Tod an Lungenschwindsucht: das
1072 2385 2144 2464 schießt seine Frau über den Haufen und ersucht den Herrn
2144 2398 3223 2477 wollender Voreingenommenheit, unbedingter Freundes¬
200 2434 1069 2504 stärksten, aber beiweitem noch nicht alle starken
1060 2435 2150 2510 Leutnant höhnisch, diesen Mord auf sich zu nehmen. Max
2130 2438 3228 2524 begeisterung war, wird er selbst kaum leugnen. Und ebenso,
188 2478 1080 2565 n Effekte des Schnitzlerschen Stückes, das
1069 2488 2148 2557 begeht Selbstmord. Und Marie? Sie, die den „Ruf des
2144 2502 3223 2569 daß seinem Werke nicht zu einem dauernden Bühnenleben
195 2515 727 2594 des Lebens“ heißt ...
1076 2524 2140 2600 Lebens“ zu spät vernommen, ihren Vater umsonst geopfert
2146 2553 3225 2609 zu verhelfen ist, wenn ihm die Darstellung des Volks¬
186 2570 1074 2642 tödlichen Schlaftrunk, den ein doppelt mitleidiger
1062 2582 2152 2665 hat, sehen wir „auf dem Lande“ wieder, wo sie mit dem
2142 2598 3217 2680 theaters nicht dazu verhilft. Denn sie erreicht wohl das
189 2631 1062 2693 ht, reicht Marie Moser ihrem greisen, kranken Vater,
1072 2635 2148 2705 gefälligen Arzte, einem abgewiesenen Freier, ihrer Tante
2138 2634 3221 2715 Menschenmögliche, Höchste von präziser Ausarbeitung,
189 2672 1069 2738 sen Tyrannei und Kerkermeisterschaft nicht länger
1068 2678 2139 2746 und deren an allzu großer Lebenslust zugrundegehender
2141 2687 3217 2778 plastischer Abstimmung des Wortes und der Gebärde.
179 2716 1078 2780 nn, weil er sie hindert, ihrem heimlich Ge¬
1063 2748 1922 2805 Tochter erbauliche weltweise Gespräche führt.
2141 2740 3220 2803 Homma, Kutschera, Edthofer, Weisse,
187 2769 1079 2846 die Arme zu eilen, und — weil er ihr eine
1152 2774 2137 2841 Diese Geschichte spielt in Oesterreich, in Wien und
2143 2790 3222 2857 Kramer und Klitsch umschifften die zahlreichen
184 2815 1069 2884 e Schuld gesteht. Als Rittmeister bei den
1067 2812 2150 2897 nahe bei Wien, aber freilich — in der Mitte des vorigen
2134 2847 3220 2900 gefährlichen Klippen ihrer Rollen mit einer Sicherheit, die
173 2853 1069 2941 ürassieren“ nämlich hat er vor dreißig Jahren,
1060 2879 2142 2933 Jahrhunderts. Daß sie „in der Gegenwart“ einfach unmög¬
2137 2890 3216 2957 nur ein angestrengtes, unermüdetes Mühen verleiht, be¬
187 2913 1071 2994 Schlacht als erster zur Flucht sich wendend, den
1066 2928 2138 2994 lich wäre, hat sich offenbar Artur Schnitzler selber gesagt.
2137 2932 3209 3007 wegten sich auf der schmalen Grenzlinie zwischen Er¬
181 2963 1065 3021 n Ausgang des Gefechtes besiegelt und zugleich
1064 2970 2136 3049 Ihr Inhalt ist zwar mit unserer Skizzierung nicht er¬
2148 2988 3217 3060 habenem und Lächerlichem aufrecht ungezwungen wie auf
183 3012 1063 3072 ent mit dauernder Schmach bedeckt. Nun ist
1063 3025 2142 3093 schöpft. Da gibt es Züge und Einzelheiten und Ver¬
2144 3032 3215 3098 breiter Ebene. Käthe Hannemann war herb, groß und
185 3059 1073 3130 Krieg. Nun wollen die „Blauen“ auf An¬
1060 3071 2135 3131 brämungen, die den Titel des Stückes näher erklären,
2142 3084 3210 3152 glaubwürdig im Verhalten sowohl als im Hinströmen¬
182 3103 1074 3179 s Obersten, der die halb vergessene und halb
1061 3118 2143 3188 seinen Sinn verdeutlichen, die tieferen Absichten des
2137 3127 3224 3212 lassen ihrer Leidenschaft, Paula Müller, wie aus einem
199 3157 1076 3231 Geschichte wieder ans Licht gezogen hat, den
1065 3165 2133 3233 Dichters erkennbar machen sollen. Aber maßgebend für
2137 3179 3205 3251 Schwindschen oder Waldmüllerschen Gemälde heraus¬
197 3201 3231 3282 n. indem sie sich auf einen verlorenen Posten] den Wert eines Theaterstückes sind die Vorgänge auf der  geschnitten, verschmähte es, aus Schwindsucht und
