3436 4352
270 267 1424 377 19. Der Ruf des Lebens
1188 1100 1585 1185 Telephon 12.801.
955 1190 1317 1322 LHVER
867 1307 1577 1405 unternehmen für Zeitungs-Ausschnltte
804 1369 1455 1466 I., Concordiaplatz 4.
805 1447 1257 1522 Verfretungen
667 1477 1559 1574 Budapest, Chicago, Christiania, Genf, Kopen¬
479 1540 1563 1615 hage. London, Madrid, Mailand, Minneapolis, New-Vork,
511 1586 1525 1664 Paris, Rom, San Francisco, Stockholm, St. Petersburg.
817 1628 1240 1683 (Guellenangabe ehne Gewähr).
474 1669 853 1751 Ausschnitt aus:
647 1740 1479 1845 T301So Wiener Bilder
462 1761 642 1833 vom:
406 3374 1531 3464 Arthur Schnitzker, der Dichter des Schauspiels „Der Ruf des
866 3433 1061 3503 Lebens“.
1580 261 2035 347 box 24/3
2661 1565 3046 1657 Telephon 12.801.
2777 1695 2852 1746 *
2173 1715 2795 1812 JODSCHTER
1940 1812 3053 1864 1 österr. behördl. konz. Unternehmen für Zeitungs-Ausschnltte
2074 1851 2911 1952 Wien, I., Concordiaplatz 4.
2269 1926 2708 2003 Vertretungen
1947 1987 3045 2048 in Berlin, Budapest, Chicago, Christiania, Genf, Kopen¬
1946 2039 3044 2095 hagen, London, Madrid, Mailand, Minneapolis, New-York,
1983 2077 2993 2143 Paris, Rom, San Francisco, Stockholm, St. Petersburg.
2279 2117 2702 2180 (Quellenangabe ohne Gewähr).
1940 2135 2959 2275 Ausschnitt Laüpziger Neueste Nachrichm
2128 2228 2564 2321 16. OE Z. 1909
1941 2273 2102 2334 vom:
2844 2285 3140 2369 -
1826 2310 2153 2370 zu Heirgens
1978 2332 2867 2425 bes####orträge das Fest verschönern zu helfen.
1827 2372 3130 2461 ###r Schnitzlers dreiaktiges Schauspiel „Der Ruf des Lebens“,
2254 2428 3115 2485 hren in Berlin seine Uraufführung erlebt hat.
1828 2434 2096 2491 Das bereit:*
1838 2466 3136 2517 Hat nunmehr auch seine Wiener Erstaufführung im Deutschen
1848 2517 3134 2571 Volkstheater erfahren. Auch hier war der Erfolg kein reiner. Das
1849 2538 3158 2608 Publikum nahm das Werk mit der Achtung auf, die es dem beliebten
1853 2580 3137 2637 Verfasser schuldig zu sein glaubte. Die Kritik kann sich aber der Auf¬
1844 2619 3132 2687 fassung nicht verschließen, daß das Schauspiel einen krankhaften Zun
1848 2669 3133 2716 hat, der einen wahren künstlerischen Genuß nicht aufkommen läßt. Das
1844 2709 3140 2749 Stück enthält eigentlich mehrere Dramen, die sich nur oberflächlich be¬
1849 2735 3111 2793 rühren und doch durch den gemeinsamen Titel unter einen Hut ge¬
1851 2756 3142 2837 bracht sind, das Drama des 79jährigen Rittmeisters Moser, der durch
1842 2804 3136 2874 seine Feigheit vor 30 Jahren den Verlust einer Schlacht verschuldet
1850 2847 3132 2913 hat, und bei dem der „Ruf des Lebens“ die Furcht vor dem Tode be¬
1842 2881 3127 2945 deutet, das Drama seiner Tochter Marie, der der „Ruf des Lebens“
1850 2939 3035 2977 die gewaltsame Befreiung von der brutalisierenden Selbstsucht
1849 2963 3130 3027 Vaters ist, dem sie eine Arzenei, die den „Schlaf von hundert Nächten“
1850 2995 3135 3057 enthält, in das Glas schüttet, um sich die „Tür ins Freie“ zu öffnen,
1859 3055 3135 3103 und das Drama der schwindsüchtigen Katharina, bei der der „Ruf des
1859 3071 3139 3139 Lebens“ die Sorge ist, auch nur eine Glücksstunde der kurzen Lebens¬
1862 3119 3134 3179 frist ungenosfen entschlüpsen zu lassen, weshalb sie von Mann zu Mann
1854 3156 3149 3223 haftet. Nur die blauen Kürassiere, die morgen in den Soldatentod
1861 3202 3145 3252 reiten sollen, scheinen den „Ruf des Lebens“ nicht zu kennen. Schon
1858 3226 3143 3295 der Schluß des ersten Aktes verstimmte einen Teil des Publikums.
1854 3268 3144 3334 Der zweite Akt mit seiner kleckshaften Malerei und der dritte Akt, der
1857 3313 3146 3368 mehr schwulstiges Soupergespräch als Drama ist, konnten das Interesse
1858 3337 3141 3405 des Publikums nicht dauernd fesseln. Die Darstellung war, wie immer
1851 3402 2691 3449 im Deutschen Volkstheater, eine vortreffliche.
2069 3421 2925 3488 . „ Aandenn. cheitet Agsomun
