3436 4384
259 224 1429 310 19. Der Ruf des Lebens
1493 222 2049 328 box 24/2
662 892 919 985 en
2217 908 2682 1014 n     n n
1590 987 2821 1089 einen, dem überlegenen, ja „fremden“ Künstler und betrachten ein
1589 1050 2810 1121 wenig bescheidener und doch viel frohlockender die „Zusammen¬
404 973 677 1170 Ge
659 1066 1258 1174 Brnikrion.
1593 1088 2811 1158 gehörigkeit“ mit dem Anderen. Der 367. Aphorismus der gaya#
1587 1145 2806 1224 scienza denkt an den Seelenzustand des Gestalters, nicht des
1595 1198 2810 1253 Genießers; in den Tiefen wird man doch eine gewisse Einheit spüren¬
521 1201 1377 1316 „Der Ruf des Lebens.“
1589 1253 2802 1316 müssen: „Alles, was gedacht, gedichtet, gemalt, komponirt, selbst ge¬
1584 1291 2803 1368 baut und gebildet wird, gehört entweder zur monologischen Kunst oder
362 1277 1584 1386 (Schauspiel in drei Akten von Arthur Schu##eErstaufführung
464 1355 1480 1407 im Berliner Lessing=Theater am 24. Feber.)
1583 1331 2819 1419 zur Kunst vor Zeugen .... Ich kenne keinen tieferen Unterschied der
1586 1400 2810 1470 gesammten Optik eines Künstlers als diesen: ob er mit dem Auge
465 1379 1586 1449 Es war eine Zeit — ich kann es lachend gestehen: sie ist gar
1590 1445 2809 1509 des Zeugen nach seinem werdenden Kunstwerke (nach „sich“ —) hin¬
351 1435 1581 1502 nicht so lange vorbei —, in der Einem die Grenze des Naturschönen
1576 1468 2813 1549 blickt oder aber „die Welt vergessen hat“: was das Wesentliche jeder
359 1495 1586 1548 und des Künstlerisch=Schönen höchst wichtig erschien. Wo man
356 1542 1574 1603 darüber nachsann, ob dieser Wesensunterschied durch artige Begriffe
1590 1526 2803 1606 monologischen Kunst ist, — sie ruht auf dem Vergessen, sie ist die
1572 1559 2814 1662 Musik des Vergessens.“ Das wird sich schon decken: der Künstler, der
345 1591 1572 1658 irgendwie doch festzuhalten wäre. Wo man die Mittel, die Ziele,
1588 1638 2803 1687 die Zeugen mitarbeiten läßt, und die Zeugen, die den Künstler als
343 1649 1576 1706 die Wirkungen der Natur, dann Mittel, Ziele, Wirkungen der Kunst
1587 1679 2811 1754 ihresgleichen verstehen. Allen Respekt vor der monologischen Kunst;
343 1682 1576 1751 eifrig untersuchte und wo Einem die befriedigende Zauberformel auch
1584 1733 2806 1805 alle Liebe für diesen menschlichen Kontakt. Vielleicht, vielleicht — in
345 1739 1570 1809 nicht versagt blieb. Es war eben eine Zeit, in der man die Frage¬
1579 1785 2813 1856 diesen Tagen der Nekrologen=Weisheit muß man doppelt vorsichtig
342 1781 1572 1846 zeichen leicht und siegreich bekämpfte. (Seitdem haben sich diese kleinen,
1590 1834 2802 1880 sprechen — ist das die wahrste Bedeutung Heinrich Heine's. Und be¬
344 1835 1574 1893 rundlichen, höhnisch=verschmitzten Feinde vermehrt und die verbündeten
1584 1873 2797 1965 stimmt — die Premièrennähe macht Jeden kühn — ist der größte, der
343 1878 1582 1945 Ausrufungszeichen sind schwächer geworden.) Die Sache war ja
1577 1918 2627 2010 geliebteste Zeugenkünstler, der heute lebt: Arthur Schnitzler.
354 1932 1572 1990 ziemlich einfach: die schönste Photographie ist noch keine Kunst, das
345 1981 1575 2047 häßlichste Porträt nicht mehr Natur. In beiden Fällen geht eine
1690 1979 2803 2059 Memento vivere: das ist das Leitmotiv seiner. Dichtung. Das
356 2028 1571 2101 „Reproduktion“ vor sich; in beiden Fällen sind sogenannte Hilfs¬
1580 2020 2804 2100 wuchtige Wort ist nicht von ihm. Der Einsiedler von Sils=Maria
350 2081 1559 2142 mittel unentbehrlich, der Maler braucht Leinwand, Farbe, Pinsel,
1572 2094 2806 2156 hat es geprägt. Der Umwerther aller Werthe hat heutzutage vor¬
346 2131 1576 2195 der Photograph Apparat, Platte, Sonnenschein; in beiden Fällen hat
1578 2130 2800 2198 treffliche Schüler. Die düstere, unsinnige, unmenschliche Begrüßung
352 2176 1564 2246 auch das menschliche Bewußtsein eine Rolle, indem der Eine das Bild
1574 2175 2799 2253 der Karthäuser, das schauderhafte memento moti muß endlich ver¬
346 2216 1570 2289 einstellt und den chemischen Prozeß dann sorgfältig überwacht, während
1564 2241 2801 2303 klingen und die Jünger des Zarathustra haben einen fröhlichen,
351 2279 1572 2336 der Andere die Wirklichkeit mit allen ihr innewohnenden Gedanken
1564 2284 2806 2364 sonnigen, kampfeslustigen Ruf: Gedenket des Lebens! Immer und
350 2325 1566 2386 begreift und wiedergibt. Warum entsteht nur in einem Falle „Kunst“?
1574 2336 2795 2388 immer kehrt dieser Ruf in den Werken Arthur Schnitzler's wieder und
338 2390 1574 2442 Weil nur in einem Falle das menschliche Bewußtsein dominirt. Das
1576 2378 2807 2451 ertönt immer klarer, schärfer, zielbewußter in einem leidenschaftlichen
344 2423 1565 2496 muß wohl ausschlaggebend sein; das erklärt sofort die grundver¬
1578 2423 2803 2509 Crescendo. Er geißelte von jeher den Gegensatz des Lebens; er fand
346 2451 1564 2537 schiedene Wirkung. Das Naturschöne: das wogende Meer, das
1572 2463 2806 2555 nur von Fall zu Fall einen anderen Gegensat. Der pensionirte
346 2524 1567 2579 rhapsodische Geklüft, aber auch ein schlichter Baum und der winzigste
1573 2526 2804 2603 Beamte Anton Hausdorfer frug zuerst den jungen Dichter, den
348 2570 1573 2642 Grashalm wird durch eine unbekannte wunderbare Kraft auf einem
1568 2571 2805 2652 „grünen“ Heinrich in dem Bewußtsein eines ewigen Rechtes, einer
350 2613 1566 2683 unbekannten mystischen Wege geschaffen. Das Künstlerisch=Schöne:
1579 2634 2806 2712 schwer gefundenen, nicht mehr verlierbaren Wahrheit: „Was ist
351 2675 1563 2735 selbst die Sixtinische Madonna und die Neunte Symphonie und der
1569 2659 2787 2739 denn Deine ganze Schreiberei, und wenn Du das größte
340 2703 1561 2783 „Faust“ sind menschliche Produkte. Dort mahnt etwas Fremdes zum
1576 2718 2794 2786 Genie bist, was ist sie denn gegen so eine Stundes
343 2768 1335 2829 Gebet; hier entzückt und erhebt uns etwas Verwandtes.
1577 2780 2786 2851 so eine lebendige Stunde, in der Deine Mutter hier auf dem Lehn
461 2797 1565 2864 Vielleicht ist dieser Satz und dieser Gegensatz in der Theorie
1580 2823 2789 2893 stuhl gesessen ist und zu uns geredet hat, oder auch geschwiegen —
333 2865 1566 2938 leicht zu stürzen. Vielleicht ist auch eine zwölfbändige Aesthetik möglich,
1577 2866 2795 2959 aber da ist sie gewesen — da! und sie hat gelebt, gelebt!“ Deine ganze
337 2916 1561 2970 die denselben als Grundgedanken aufnimmt, umschreibt, weiterführt
1571 2930 2789 2988 Schreiberei: das war der Gegensatz. Die Literatur, die wie eine
340 2969 1573 3018 und verhätschelt. Ich weiß es nicht; ich habe ihn bald verwerfen
1571 2955 2799 3042 Maschine das Leben „verarbeitet“; die Kunst, die in einem geschmückten:
340 3008 1567 3066 müssen. Denn die tausend und abertausend Erscheinungen und durch
1576 3018 2785 3079 und verschlossenen und dumpfen Raume das Leben wegeskamotirt,
344 3048 1563 3138 sie hervorgerufen: die mannigfaltigen, unsteten Stimmungen spotten
1575 3068 2785 3134 Der Maler Remigio, der seine Frau mit eigem Nebenbuhler ertappt,
339 3117 1576 3179 jeder abstrakten Klügelei, der Kontrast von Mensch und Natur
1562 3106 2789 3192 der mit anhört, wie der Liebhaber ihm den sicheren Tod verspricht, der
347 3162 1568 3228 schwindet mit einem Schlage und in einer pantheistischen Aufwallung
1563 3170 2790 3233 mit ansieht, wie seine Frau auf Lionardo zueilt und ihm den Dolch in
349 3213 1561 3268 fühlt man sich mit der ganzen Schöpfung Eins. Und wiederum ändert
1560 3218 2790 3290 den Hals sticht; dieser Maler Remigio, der dann zuletzt nur die schöne
345 3259 1560 3323 sich das Bild: die menschliche Einheit aller Künstler wird als ein
1578 3270 2784 3335 „Pose“ des untreuen, des mörderischen Weibes betrachtet und entzückl
352 3311 1561 3366 läppischer, unglücklicher Versuch empfunden; man sieht plötzlich klar,
1569 3323 2790 3392 zur Staffelei geht; dieser Maler Remigio ist kein Lebendiger mehr.
348 3354 1569 3427 daß manche Höhen nicht mehr zu nivelliren sind und stellt man der
1557 3352 2760 3424 Wer wird der raffinirten Beweisführung noch widersprechen?..
350 3396 1559 3475 unsichtbaren, ungreifbaren, unpersönlichen Gottheit die „menschliche
1571 3399 2786 3486 Kein Mensch; und doch sind Kunst und Leben keine Gegensätze. Die
342 3460 1566 3522 Verwandtschaft“ mit einem Goethe, einem Raffael, einem Beethoven
1576 3469 2789 3537 „Frau mit dem Dolche“ wird eben im Croquis=Style erzählt. Ein betrogener
342 3503 1566 3570 gegenüber, so wird Einem schließlich vor seiner Gottunähnlichkeit bange.
1567 3509 2785 3586 Ehemann ist nie so gelassen, nie so geistreich=würdevoll, nie so papiern;
354 3554 1572 3609 Die Grenze verschiebt sich auf diese Weise: in der Kunst selbst taucht nun
1577 3552 2787 3630 er wird schon eine Beklemmung fühlen, einen peinlichen Gedanken
346 3604 2795 3694 der Unterschied auf und wir beugen uns in tiefer Ehrfurcht vor dem denken, einen Vorwurf gegen die Gattin oder gegen sich selbst aus¬
2806 1002 3355 1079 sprechen oder auch unterdrücke
2810 1054 3337 1128 sehen, ein Aufschrei zu hören
2810 1111 3355 1177 an — das Malerische der Si
2811 1150 3350 1222 Bald halbbewußt, bald unter
2800 1204 3348 1281 die Farbenwirkung, die Linien
2812 1244 3357 1324 beschäftigen, quälen und ber
2806 1308 3349 1384 Leben. Aber auch nicht des L##
2806 1345 3325 1418 von Millionen Zügen
2924 1402 3345 1487 In dem „Schleier der
2803 1437 3357 1536 und die Grenze dieser bei
2813 1492 3352 1574 naissance beleuchtet; mit der
2805 1551 3332 1635 Leben ist die Fülle, nichtd
2813 1606 3349 1673 ist weit!“ Der „Einsame W
2810 1651 3358 1721 Stimmung des Friedhofes, in
2794 1678 3357 1769 Rückblick in der Abenddämmer
2811 1753 3344 1831 leises, hier überlegenes, dort
2811 1801 3350 1874 Herr v. Sala sprach: „Gibt
2799 1856 3353 1926 irgend einer guten Stunde in
2813 1899 3342 1968 Nun war der richtige, der
2807 1946 3348 2011 Arthur Schnitzler, der Denker,
2798 2002 3334 2070 gesagt (und der Eine nannte
2797 2046 3356 2104 dere spöttisch einen Raisonn
2810 2101 3352 2171 Schnitzler den „Ruf des Leben
2815 2138 3348 2213 sah diese Aufgabe voraus und
2917 2194 3335 2258 Wir dürfen weiter hof
2812 2229 3350 2318 und ein dreiaktiges Theaterstüh
2812 2301 3339 2363 siebzigjährigen Moser, der
2809 2342 3347 2411 den „blauen Kürassieren“ war
2802 2385 3347 2459 Schlacht auf dem Gewissen ha
2789 2443 3343 2522 blicke hat er plötzlich, unerklä
2802 2484 3335 2558 daß alle Begriffe, wie Ehre,
2806 2527 3339 2601 Wichtigste, das Einzig=Wich
2795 2588 3346 2652 Weib genommen, ein Kin
2793 2632 3337 2700 Krankheit will er noch zwein
2795 2688 3346 2752 möglich, all die Jungen überle
2801 2740 3346 2791 gebens auf den Ruf des Leb
2804 2783 3337 2856 läßt die zuverlässigste Pflegeri
2795 2832 3340 2904 undzwanzig; auch wenn ern
2790 2879 3328 2945 Zeit und Lust, und Schönheit
2795 2939 3337 3000 der Tante Toni und der Base
2790 2984 3340 3046 die Nacht durch mit einem sch
2788 3033 3344 3104 um den braven Forstadjunkten
2797 3082 3333 3145 einem Blick und einem Hände#
2796 3126 3338 3189 Uebrige in der Welt zu verg#
2802 3175 3347 3239 Pflichten gegen sich selbst aufn
2897 3234 3339 3298 „Da lag das Leben vor
2785 3257 3333 3339 1 Tag und eine Nacht gewesen,
2780 3314 3346 3392 mich erwartete. Nun ist es da#
2794 3371 3329 3440 und Sie wecken mich auf!
2784 3417 3338 3493 blauen Kürassiere, bei denen
2795 3476 3327 3535 in den sicheren Tod, um die
2789 3506 3331 3575 machen. Die Offiziere haben si
2785 3563 3339 3642 Kriege lebend zurückkehrt. In
2778 3618 3341 3697 Katharina, die im Bewußtsein
3072 3671 3258 3726 KShR Pur
3053 3677 3284 3752 g. .  6s
