3484 4352
856 281 959 350 de
234 286 1397 379 19. Der Ruf Lebens
400 1544 1235 1641 Lessing=Cheater.
324 1636 1555 1693 Hum ersten Mal: „Der Ruf des Lebens“, Schaufpiel in drei
602 1672 1292 1732 Akten von Artur Schnitzler.
358 1725 1569 1783 M. J. Vor ein paar Wochhar Ariae Schnitzler mil
310 1764 1571 1828 einer leisen, feinen, zarten Bühnennovelle Beifall geerntet.
316 1805 1569 1862 Dafür wurde gestern sein jüngstes Drama, das scheinbar
316 1850 1571 1915 laut und derb mit Gift und Schießgewehr arbeitet, abgelehnt. Schein¬
317 1914 1571 1951 bar laut und derb. Denn in Wahrheit klingt aus beiden Werken
318 1936 1565 1995 der gleiche Grundton, der dem Flüstern mehr als dem Schreien
321 1993 1569 2038 ähnelt. Hier wie dort spricht eine einsichtige, ein wenig müde
332 2017 1571 2075 Slepsis von den Dingen des Lebens. Liebe, Treue, Ruhm
317 2076 1574 2117 und Ehre, alles, was die Leidenschaften aufflammen läßt, wird ge¬
316 2116 1571 2160 wogen und zu leicht befunden. Worte find's, bloße Worte. Lächerlich
318 2148 1576 2217 fast scheinen die Menschen, die sie zu schwer nehmen, die über Glück
313 2190 1566 2255 und Reue grübeln, statt sich des einzig Wirklichen, des Lebens und
319 2242 864 2317 des Sonnenscheins zu freuen.
358 2266 1567 2330 Diese Lehrweisheit wäre zu ertragen, wenn sie auch noch so dentlich
317 2340 1561 2390 vom Raisonneur vorgetragen wird, den Schnitzler nicht entbehren kann
321 2360 1567 2410 Im „Zwischenspiel“ schien es nur, als betrachteten die Menschen
315 2421 1575 2469 die Dinge des Lebens aus allzu großer Entfernung. Als dringe
324 2455 1576 2504 nicht genug Lärm und Unruhe des Daseins in die geschlossen
320 2500 1575 2555 Stube der Beobachter. Im „Ruf des Lebens“ aber ist's umgekehrt.
318 2543 1575 2606 Um den ungewissen Wert der starken Erschütterungen deutlicher
322 2583 1570 2630 kundzutun, werden sie leibhaftig ad oculos demonstriert. Der Anfang
313 2627 1583 2668 und der Schluß gehörten den Reflexionen. In der Mitte
312 2678 1574 2712 werden desto energischer Mord und Totschlag konzentriert. Ein Mädchen
315 2711 1586 2774 reicht einem Sterbenskranken, der ihr Vater und Quälgeist zugleich
322 2741 1583 2804 ist, Gift statt Arznei, um eine letzte Nacht dem Liebsten zu schenken.
317 2786 1589 2848 Dem Liebsten, der morgen mit den blauen Kürassieren in den
321 2824 1587 2877 Tod reiten muß. Sie glaubt zum ersten Male in einem mürben,
326 2886 1596 2939 verstörten Dasein den Ruf des Lebens zu vernehmen. Aber die Lockung
326 2914 1576 2965 scheint trügerisch. Wohl genießt sie alle Seligkeit der Welt. Aber
321 2957 1587 3011 auch all ihren Jammer, denn sie wird in ein blutiges Ehedramg
322 2997 1587 3066 verstrickt, das ihrer Nebenbuhlerin wie ihrem Galan den Tod bringt
321 3043 1581 3095 Zu spät erkennt sie, daß sich im Alltagsfrieden das Leben reiner,
324 3105 1592 3160 klarer spiegeln kann als in den großen Tumulten und Passionen
334 3137 543 3190 der Seele.
387 3180 1583 3230 So lange in dieser Bühnenschöpfung die Beschaulichkeit spricht, ist's
332 3226 1590 3266 ein Vergnügen, feinen und klugen Worten zu lauschen. Doch
332 3265 1583 3317 immer klarer zeigt sich, daß der Dramatiker Schnitzler über
338 3295 1595 3372 diese Grenze nicht mehr hinauszudringen vermag. Will er
1460 264 2010 349 box 24/1
1976 1121 3247 1211 den Dingen des Lebens selbst zu Leibe rücken, so versagt seins
1976 1201 3247 1252 Kraft. Im Wetteifer mit den Theatralikern muß er unterliegen.
1977 1236 3230 1291 Denn er ist allzu sehr von seiner eigenen Lehre überzeugt, daß sich
1984 1272 3237 1335 hinter den großen Leidenschaften nur Lügen bergen. Deshalb ist er
1977 1311 3238 1388 nicht mehr naiv genug, ihre Schrecken selbst mit stockendem Atem,
1982 1357 3228 1416 mit heißer Stirn zu durchleben. Allzu kühl, allzu skeptisch wird
1981 1378 3244 1462 darum das Ehedrama betrachtet. Sorglos, fast skizzenhaft ist
1980 1464 3244 1514 das Intermezzo vom Obersten, der seine ehebrecherische Frau nieder¬
1981 1482 3245 1559 schießt, hingeworsen. Gleich hinter zwei Vorhängen sind die Lauscher
1991 1524 3245 1597 verborgen, die am Schluß entscheidend einzugreifen haben. Kühle,
1985 1565 3242 1645 korrekte Aeußerungen eines schneidenden Witzes ertönen stakt eines
1990 1611 3253 1681 Aufschreis der bangen Kreatur. Der Autor steht über der Situation
1987 1669 3242 1725 und scheint schon hier dazwischenzurufen: Worte, Worte, nichts als
1985 1718 2150 1774 Worte.
2046 1710 3245 1802 An diesem inneren Zidiespalt geht das Werk zugrunde. Zumal
1986 1783 3240 1848 es allzu locker komponiert ist, allzu breit das Ueberflüssige neben das
1998 1799 3256 1876 Wichtige schiebt. Im Anfang zwar spricht die Heldin knopp und herb mit
1995 1866 3247 1929 der Dialektik der Hebbelschen Tischlertochter. Bald aber muß sie ihre
1990 1905 3244 1969 Aufmerksamkeit an Nebenfiguren verschwenden, die sich breit in den
1986 1945 3258 2019 Vordergruno pflanzen. Ein entsagungsvoller Forstadjunkt, eine
2001 1990 3248 2056 mannstolle Base mit Ophelia=Allüren nehmen bei aller Kürze des
1997 2046 3239 2106 Dramas zu viel Zeit in Anspruch. Nach dem bunten und lauten
1995 2073 3252 2139 Wirrsal des Mittelakts klingt der Schluß desto matter aus, in dem
1990 2120 3253 2185 der Raisonneur mit erhobenem Zeigefinger das Fazit zieht. Solange
1995 2175 3249 2223 ein Bühnendichter sich von einer solchen Eselsbrücke nicht emanzi¬
2004 2214 3251 2274 pieren kann, verrät er die Schwäche und Unfreiheit, die Schnitzlers
1992 2253 2435 2319 jüngstes Werk begräbt.
2064 2261 3254 2346 Ein wenig von dieser Unfreiheit schien auch den Darstellern in die
1999 2346 3264 2384 Glieder gefahren zu sein. Fast alle starken Persönlichkeiten aus Direktor:
1995 2379 3254 2430 Brahms Reich waren zwar aufgeboten. Aber das treffliche Paar
2008 2414 3253 2482 Rittner=Lehmann war in so schattenhaften, bedeutungslosen Rollen
2011 2472 3267 2516 beschäftigt, daß es schon deshalb seine lebendige Kraft nicht entfalten
2013 2487 3265 2566 konnte. Selbst Irene Triesch, die Darstellerin der Heldin, er.
2005 2544 3253 2610 lahmte zuweilen im Bemühen, die verlorene Festung zu halten. Doch
2011 2581 3264 2646 wenn sichtote Strecken zwischen einzelnen Ausbrüchen des Affekts hinzogen.
2012 2624 3265 2697 so ist es wahrlich nicht allein die Schuld der Schauspielerin, die jüngst
2016 2661 3263 2735 erst im „Zwischenspiel“ das Schnitzler=Examen mit Auszeichnung be¬
2012 2719 3270 2777 standen hat. Eine desto dankbarere Aufgabe fand Bassermann
2021 2770 3261 2826 in der Gestalt des Obersten. Ihre sarkastische Ueberlegenheit,
2015 2796 3267 2861 ihren heimlichen Zynismus kann niemand schlagkräftiger als
2017 2835 3267 2906 er zutage fördern. Als Rabenvater im Krankenstuhl mühte sich Herr
2021 2883 3264 2946 Marr redlich nach dem Lorbeer des Virtuosentums, während Herrn
2017 2903 3270 2985 Stielers angebeteter Leutnant Jugendlichkeit ohne süßlichen Bei¬
2011 2962 3260 3031 geschmack darbot. Als verirrte Ophelia debütierte eine Dame, die vorläufig
2014 3001 3265 3068 noch den einheitlichen Ton des Brahmschen Ensembles empfindlich stört.
2008 3047 3266 3112 Das ist nicht kollegial von ihr. Denn dafür ist bereits Fräulein
2016 3080 3275 3154 Schiff engagiert, die auch gestern als Oberstenfrau ihrer Mission
2010 3161 2464 3212 mit Hingabe nachtam
