3436 4384
-10 1484 97 1550 ren
-21 1543 90 1600 tria
-19 1620 91 1705 nsell
-16 1684 101 1757 Hau
0 1744 89 1807 n 0
16 1793 87 1854 de
3 1880 79 1957 ste
-17 1914 90 2011 hie
-14 1985 101 2051 ind
-12 2142 86 2204 Glo
-7 2188 79 2259 ir
4 2226 80 2303 un
-22 2467 78 2551 oße
-20 2532 77 2606 ie
-19 2587 81 2648 en
-8 2638 89 2699 icht
-11 2686 82 2753 heit
-19 2734 78 2805 uß
-13 2783 80 2849 Sie
283 239 1460 369 19. Der Ruf des Lebens
1598 244 2058 361 box 24/2
825 1201 3255 1300 anspruch. Erst das Verzweifeln des Mutes am Leben Gruft unserer Sehnsuchten gelegt wird. War denn der
200 1206 699 1335 des Mutes.)
822 1278 3245 1372 und dann der Mut der Verzweiflung. Der Oberst hatte sich Oberst, der seine Brust den feindlichen Kugeln öffnete,
189 1297 839 1386 8 Theatermarktes: Ein neuer
825 1320 1712 1422 für einen nachweltlichen Beruf entschieden.
2021 1327 3257 1433 nicht ein anderer als der Mann, der noch nichts von der
192 1371 844 1446 Lebens“ in der gedämpften
2017 1407 3257 1469 Verirrung seiner Frau wußte? Hätte er als glücklicher
198 1402 848 1484 'hote=Aesthetikers. Eigentlich
916 1419 3247 1525 Schnitzler sagt uns wohl damit nichts Neues. Schon Gatte nicht gezögert, sein Erdenwallen mit einem Knall¬
198 1466 3253 1551 e Garbe. Das feine artistische Hermann Bahr und Bernhard Shaw haben den Helden leffekt abzuschließen, wären in ihm nicht Bedenken aufge¬
183 1488 3253 1627 indet hinter Reflexionsgebüsch begriff innerlich ausgehöhlt. Beide haben uns sophistisch stiegen, ob mori pro patria dolce est? Es ist ähnlich wie
198 1568 3257 1629 spielerischer pariserischer Witz nachgewiesen, daß sich an einem kleinen Herdfeuer die mit dem Verbrechen. Ist der armselige Kauz, der die
228 1625 3260 1693 auf den Trauerweiden des! Todesverachtung entflammt, daß winzige äußere Anlässe Richter um Gnade anwinselt, das gleiche Geschöpf, das roh
204 1663 3259 1754 a ist eigentlich moralisch: Wiesaus uns das Seltenste, Edelste hervorholen. Schnitzler ist mit der Hacke auf das Haupt seines Opfers losschlug? Ist
182 1727 3237 1815 au in die Dirne, die Dirne in nur tiefer ins Menschliche eingedrungen, bei ihm jagt ein das Individuum mit den geknickten Instinkten verantwort¬
187 1765 3250 1871 n in eine reuige, bußfertigesgroßes Unglück das Leben in die Flucht. Der lich für das frühere mit den ungebrochenen, gewalttätigen
184 1822 2046 1918 n eine Todeskandidatin ver=Daseinsdrang rennt davon und läßt alle seelischen Fourage¬
2029 1836 3243 1920 Trieben? Läßt man das zweite Ich nicht dafür schuldig
181 1875 3240 1920 oet, den der „schieberisch“ zur magazine, den Glauben, die Hoffnungen zurück. Diewerden, was das erste angestiftet? Und umgekehrt:
191 1932 3239 2023 gut kleidet, sich die Angströhre Angst vor einer illusionsarmen Zukunft, die Angst vorheimst nicht der tollkühne Krieger den Ruhm ein, der
190 1973 3241 2023 nd seine Mundwinkel auf dem Zerstieben aller Lebenslügen, die Angst vor trostlosen rechtlich dem blessierten, innerlich lädierten Ehekrüppel ge¬
183 2025 3241 2119 Firkt es outriert, naturwidrig. Wahrheiten macht uns tapfer. Wir wollen nicht rückwärts bührt? Ist nicht dabei das Uebermenschliche die lückenlose
193 2076 3245 2125 e ist wie das fromm gewordene schauen, wo die losen Scherben unseres Glückes liegen, Folge des allzu Menschlichen? Der Held lebt in unserem
219 2133 3236 2178 eines amüsanten Anfanges. wenn auch vorne die Säbel blinken und die Gewehrkolben Gedächtnisse mit einer Gloriole weiter, aber für den
785 2174 3237 2238 blitzen. Lieber den Schädel gespalten, als ihn von wirren Hahnrei hätten wir nur ein mitleidiges Lächeln. Wie
196 2182 3251 2337 interessantes Werk. Ein tief= Gedanken zerfressen zu lassen. Der Mut ist hierbei nur  innig sind die Motive nur verwoben, die unsere Verehrung
182 2277 2020 2350 krt seine Lider, schließt sie aber das kleinere Uebel als die Feigheit. Und unwillkürlich muß
2003 2298 2827 2383 und unsere Geringschätzung auslösen.
184 2318 2026 2402 einem neuen Seiniment fort= man daran denken, wer schon lange vor Schnitzler eine
183 2364 2025 2450 sein bißchen auf, aber windetlähnliche Schicksalsfrage aufgeworfen: Schillets schöner
2096 2355 3231 2456 Die Heroen, zu denen unsere verirrten Blicke empor¬
177 2420 2026 2497 Einem Knäuel. Ich meine den Jüngling Max Pikkolomini taucht im Silberpanzer vor
2004 2414 3221 2516 dringen, sind eigentlich nur auf Marmorsockel gestellte
173 2455 2009 2548 ls der biedere Regimentschefunseren sinnenden Blicken auf, dessen Pein gleichfalls
2011 2486 3231 2553 Schwächlinge. Das große Unglück hat sie mit eisernen
164 2500 2022 2622 Etrogen, faßt er den Entschluß, der Heldentod beendigte. Auch er wußte keinen Ausweg
2008 2536 3240 2607 Fängen umkrallt und die Willenlosen in den Engpaß von
181 2565 2020 2650 einst feige vor dem Feinde ge=aus dem furchtbaren Konfli“ Pflicht oder Liebe, und
2013 2589 3233 2656 Thermopylä, in die ersten Schlachtreihen geschoben. Dort
198 2618 1350 2689 jetzt eine erlesene, eine be=starb daher in Schönheit.
1437 2621 2017 2709 ux Pikkolomini hat Hedda
2009 2635 3234 2714 stehen sie, sie können nicht anders, doch Gott hilft ihnen
178 2644 2015 2773 bllführen und seine Leute auf Gablers posthume Forderung schon a priori erfüllt, als
2005 2688 3230 2759 nicht, amen! Ihre anscheinende Energie gegen die Todes¬
177 2720 1408 2806 ktellen, wo sie die sausenden Eilert Lövborg in Uniform!
2005 2731 3234 2816 furcht ist nur der Ausfluß ihrer wirklichen Energielosigkeit
168 2766 821 2833 bar durchbohren müssen. Also
2000 2788 3233 2869 gegen das Schicksal. Sie können ihm nicht entrinnen,
171 2815 839 2879 chon geweihten Hauptes, dazu
895 2800 3230 2888 Das große Unglück kommt nie allein, es bringt uns und hypnotisieren sich durch ausomatisches Nachplappern
167 2867 3233 2945 Ala, bezahlt mit einem Glücks= immer einen blitzblanken neuen Menschen mit, der in die des Satzes: „Sei ein Mann!“ Wenn man sich dieses aber
453 2966 2512 3087 Ansere heutige Aummer umfaßt 12 Seiten.
