<?xml version="1.0" encoding="UTF-8" standalone="yes"?>
<PcGts xmlns="http://schema.primaresearch.org/PAGE/gts/pagecontent/2013-07-15" xmlns:xsi="http://www.w3.org/2001/XMLSchema-instance" xsi:schemaLocation="http://schema.primaresearch.org/PAGE/gts/pagecontent/2013-07-15 http://schema.primaresearch.org/PAGE/gts/pagecontent/2013-07-15/pagecontent.xsd">
    <Metadata>
        <Creator>prov=University of Rostock/Institute of Mathematics/CITlab/Gundram Leifert/gundram.leifert@uni-rostock.de:name=ONB_Newseye_GT_M1+(htr_id=10810)::::v=2.4.2
prov=University of Rostock/Institute of Mathematics/CITlab/Tobias Gruening/tobias.gruening@uni-rostock.de:name=de.uros.citlab.module.baseline2polygon.B2PSeamMultiOriented:v=2.4.2
prov=University of Rostock/Institute of Mathematics/CITlab/Tobias Gruening/tobias.gruening@uni-rostock.de:name=/mnt/transkribus/LA/DEA/URO/LA_news_onb_att.pb:de.uros.citlab.segmentation.CITlab_LA_ML:v=2.4.2
Transkribus</Creator>
        <Created>2019-10-07T11:19:23.381+02:00</Created>
        <LastChange>2019-10-08T05:09:41.138+02:00</LastChange>
        <TranskribusMetadata docId="223969" pageId="9496138" pageNr="10" tsid="16502238" status="IN_PROGRESS" userId="40391" imgUrl="https://files.transkribus.eu/Get?id=GQXNMQQQJQUDVYDXKOQORELO&amp;fileType=view" xmlUrl="https://files.transkribus.eu/Get?id=MZGLUTMAZVXDMAOAIIMVMITQ" imageId="6186365"/>
    </Metadata>
    <Page imageFilename="223969_0010.jpeg" imageWidth="3484" imageHeight="4352">
        <ReadingOrder>
            <OrderedGroup id="ro_1711451126812" caption="Regions reading order">
                <RegionRefIndexed index="0" regionRef="r1"/>
                <RegionRefIndexed index="1" regionRef="r2"/>
                <RegionRefIndexed index="2" regionRef="r3"/>
            </OrderedGroup>
        </ReadingOrder>
        <TextRegion orientation="0.0" id="r1" custom="readingOrder {index:0;}">
            <Coords points="245,448 245,3709 1993,3709 1993,448"/>
            <TextLine id="r1l1" custom="readingOrder {index:0;}">
                <Coords points="1548,503 1615,481 1710,500 1763,481 1893,497 1938,476 2002,480 2000,406 1797,417 1775,435 1737,424 1675,443 1578,419 1547,430"/>
                <Baseline points="1555,478 1580,478 1606,478 1632,477 1658,477 1683,477 1709,477 1735,476 1761,476 1786,476 1812,475 1838,474 1864,474 1889,473 1915,472 1941,471 1967,470 1993,468"/>
                <TextEquiv>
                    <Unicode>box 24/1</Unicode>
                </TextEquiv>
            </TextLine>
            <TextLine id="r1l2" custom="readingOrder {index:1;}">
                <Coords points="237,507 526,550 1181,533 1392,507 1391,450 236,467"/>
                <Baseline points="245,509 304,514 364,517 424,520 484,521 544,522 604,522 664,522 724,521 784,520 844,518 904,516 964,514 1024,512 1084,510 1144,508 1204,507 1264,505 1324,504 1384,504"/>
                <TextEquiv>
                    <Unicode>19. Der Ruf des Lebens</Unicode>
                </TextEquiv>
            </TextLine>
            <TextLine id="r1l3" custom="readingOrder {index:2;}">
                <Coords points="537,1421 1750,1429 1763,1349 1273,1384 536,1357"/>
                <Baseline points="545,1418 605,1418 666,1418 726,1418 787,1418 847,1418 908,1418 968,1418 1029,1418 1089,1418 1150,1418 1210,1417 1271,1417 1331,1417 1392,1416 1452,1415 1513,1415 1573,1414 1634,1413 1694,1412 1755,1411"/>
                <TextEquiv>
                    <Unicode>Berheute Berdltgter; um 0. Dturg Setomnen lersei,</Unicode>
                </TextEquiv>
            </TextLine>
            <TextLine id="r1l4" custom="readingOrder {index:3;}">
                <Coords points="552,1467 1764,1475 1764,1424 1693,1416 552,1425"/>
                <Baseline points="560,1464 619,1463 679,1462 739,1461 799,1461 859,1460 918,1460 978,1460 1038,1460 1098,1460 1158,1461 1217,1461 1277,1461 1337,1461 1397,1461 1457,1460 1516,1460 1576,1459 1636,1458 1696,1457 1756,1455"/>
                <TextEquiv>
                    <Unicode>damit dieselben etwa am 23. März, wenn möglich, be¬</Unicode>
                </TextEquiv>
            </TextLine>
            <TextLine id="r1l5" custom="readingOrder {index:4;}">
                <Coords points="325,1466 351,1481 360,1472 399,1481 412,1471 447,1477 465,1468 492,1482 534,1470 533,1432 516,1432 506,1422 485,1432 472,1424 442,1432 408,1423 382,1438 360,1424 325,1426"/>
                <Baseline points="333,1469 360,1467 388,1466 415,1465 443,1465 470,1466 498,1466 526,1466"/>
                <TextEquiv>
                    <Unicode>st leerem</Unicode>
                </TextEquiv>
            </TextLine>
            <TextLine id="r1l6" custom="readingOrder {index:5;}">
                <Coords points="546,1511 571,1519 624,1512 642,1528 687,1515 706,1528 740,1513 782,1522 814,1516 813,1479 783,1488 759,1466 699,1473 674,1462 661,1473 643,1465 622,1475 603,1467 569,1471 560,1481 545,1476"/>
                <Baseline points="553,1503 578,1505 603,1505 628,1506 653,1506 679,1506 704,1506 729,1505 754,1504 779,1503 805,1502"/>
                <TextEquiv>
                    <Unicode>endigt sind.</Unicode>
                </TextEquiv>
            </TextLine>
            <TextLine id="r1l7" custom="readingOrder {index:6;}">
                <Coords points="324,1508 333,1506 356,1528 373,1513 435,1521 441,1515 478,1527 503,1511 523,1509 522,1474 496,1484 462,1468 446,1478 419,1470 398,1480 385,1474 379,1481 369,1471 353,1480 323,1482"/>
                <Baseline points="332,1516 358,1512 384,1511 410,1510 436,1510 462,1510 488,1510 515,1509"/>
                <TextEquiv>
                    <Unicode>justiz¬</Unicode>
                </TextEquiv>
            </TextLine>
            <TextLine id="r1l8" custom="readingOrder {index:7;}">
                <Coords points="627,1560 1749,1556 1712,1483 1490,1524 627,1531"/>
                <Baseline points="634,1556 689,1555 744,1554 799,1553 855,1553 910,1553 965,1553 1021,1553 1076,1553 1131,1554 1187,1554 1242,1554 1297,1554 1352,1554 1408,1554 1463,1554 1518,1553 1574,1553 1629,1551 1684,1550 1740,1548"/>
                <TextEquiv>
                    <Unicode>Die Kenyon=Militärakademie in Gambier (Ohio) ist</Unicode>
                </TextEquiv>
            </TextLine>
            <TextLine id="r1l9" custom="readingOrder {index:8;}">
                <Coords points="333,1560 423,1565 441,1558 473,1570 529,1561 528,1512 515,1509 489,1525 453,1523 440,1513 407,1520 377,1511 357,1528 333,1520"/>
                <Baseline points="342,1556 367,1554 393,1554 418,1553 444,1554 469,1553 495,1552 521,1551"/>
                <TextEquiv>
                    <Unicode>Antrags</Unicode>
                </TextEquiv>
            </TextLine>
            <TextLine id="r1l10" custom="readingOrder {index:9;}">
                <Coords points="541,1605 1729,1617 1777,1603 1777,1544 541,1552"/>
                <Baseline points="549,1595 610,1595 671,1595 732,1595 793,1595 854,1594 915,1594 976,1594 1037,1594 1098,1594 1159,1594 1220,1594 1281,1594 1342,1594 1403,1594 1464,1594 1525,1595 1586,1595 1647,1596 1708,1596 1769,1597"/>
                <TextEquiv>
                    <Unicode>durch Feuer völlig zerstört worden. Drei Kadetten werden</Unicode>
                </TextEquiv>
            </TextLine>
            <TextLine id="r1l11" custom="readingOrder {index:10;}">
                <Coords points="327,1605 352,1603 360,1611 388,1602 426,1615 463,1599 495,1612 530,1603 531,1561 466,1569 457,1577 436,1560 327,1563"/>
                <Baseline points="334,1595 360,1596 387,1597 414,1598 441,1597 468,1597 495,1597 522,1596"/>
                <TextEquiv>
                    <Unicode>ilung an</Unicode>
                </TextEquiv>
            </TextLine>
            <TextLine id="r1l12" custom="readingOrder {index:11;}">
                <Coords points="545,1641 1442,1643 1442,1613 1336,1589 545,1608"/>
                <Baseline points="553,1632 597,1631 641,1630 685,1630 729,1630 773,1630 817,1630 861,1631 905,1632 949,1633 993,1633 1037,1634 1081,1635 1125,1635 1169,1636 1213,1636 1257,1636 1301,1636 1345,1635 1389,1634 1434,1633"/>
                <TextEquiv>
                    <Unicode>vermißt, acht wurden verletzt, davon drei schwer.</Unicode>
                </TextEquiv>
            </TextLine>
            <TextLine id="r1l13" custom="readingOrder {index:12;}">
                <Coords points="315,1646 375,1656 418,1640 442,1657 463,1645 498,1657 508,1649 537,1653 536,1600 494,1612 462,1603 437,1612 379,1603 315,1629"/>
                <Baseline points="323,1641 348,1642 374,1642 399,1642 425,1642 451,1641 476,1640 502,1639 528,1638"/>
                <TextEquiv>
                    <Unicode>ab dem</Unicode>
                </TextEquiv>
            </TextLine>
            <TextLine id="r1l14" custom="readingOrder {index:13;}">
                <Coords points="314,1694 359,1705 373,1692 413,1695 426,1687 470,1697 497,1689 515,1700 521,1693 537,1696 536,1654 499,1655 463,1645 452,1657 416,1644 373,1655 312,1647"/>
                <Baseline points="322,1692 347,1691 373,1690 399,1690 425,1689 451,1688 477,1687 503,1686 529,1685"/>
                <TextEquiv>
                    <Unicode>Fall der</Unicode>
                </TextEquiv>
            </TextLine>
            <TextLine id="r1l15" custom="readingOrder {index:14;}">
                <Coords points="625,1725 1768,1720 1710,1664 625,1666"/>
                <Baseline points="633,1714 689,1714 745,1713 802,1713 858,1712 914,1712 971,1712 1027,1711 1083,1711 1140,1711 1196,1711 1252,1711 1309,1711 1365,1711 1421,1712 1478,1712 1534,1712 1590,1712 1647,1713 1703,1713 1760,1714"/>
                <TextEquiv>
                    <Unicode>Im Lessing=Theater rief am Sonnabend der warme, ob auch</Unicode>
                </TextEquiv>
            </TextLine>
            <TextLine id="r1l16" custom="readingOrder {index:15;}">
                <Coords points="331,1732 360,1746 376,1739 395,1745 414,1733 438,1742 469,1735 532,1743 530,1693 511,1700 497,1689 469,1697 431,1688 415,1703 391,1702 379,1692 362,1702 330,1698"/>
                <Baseline points="338,1727 364,1730 390,1731 417,1731 443,1729 470,1728 496,1726 523,1725"/>
                <TextEquiv>
                    <Unicode>in Aus¬</Unicode>
                </TextEquiv>
            </TextLine>
            <TextLine id="r1l17" custom="readingOrder {index:16;}">
                <Coords points="551,1772 1728,1773 1757,1725 551,1728"/>
                <Baseline points="559,1764 618,1763 678,1762 737,1762 797,1761 856,1761 916,1761 975,1761 1035,1761 1094,1761 1154,1761 1213,1761 1273,1761 1332,1762 1392,1762 1451,1762 1511,1762 1570,1762 1630,1762 1689,1761 1749,1761"/>
                <TextEquiv>
                    <Unicode>zum Schluß abflauende und nicht widerspruchslose Beifall eines</Unicode>
                </TextEquiv>
            </TextLine>
            <TextLine id="r1l18" custom="readingOrder {index:17;}">
                <Coords points="554,1820 1620,1831 1760,1816 1760,1759 554,1784"/>
                <Baseline points="562,1816 621,1814 681,1813 740,1812 800,1811 859,1811 919,1811 978,1811 1038,1812 1097,1812 1157,1812 1216,1813 1276,1814 1335,1814 1395,1814 1454,1814 1514,1814 1573,1814 1633,1813 1692,1812 1752,1810"/>
                <TextEquiv>
                    <Unicode>ausverkauften Hauses Arthur Schnitzler nach allen drei</Unicode>
                </TextEquiv>
            </TextLine>
            <TextLine id="r1l19" custom="readingOrder {index:18;}">
                <Coords points="326,1826 403,1824 417,1835 464,1826 475,1834 494,1833 510,1817 529,1821 529,1783 505,1785 482,1777 450,1788 439,1777 405,1776 397,1784 352,1788 340,1802 325,1804"/>
                <Baseline points="333,1821 359,1820 386,1819 413,1819 440,1818 467,1817 494,1817 521,1817"/>
                <TextEquiv>
                    <Unicode>denschaft¬</Unicode>
                </TextEquiv>
            </TextLine>
            <TextLine id="r1l20" custom="readingOrder {index:19;}">
                <Coords points="542,1874 1693,1874 1765,1859 1765,1821 542,1829"/>
                <Baseline points="550,1865 610,1863 670,1862 731,1861 791,1860 852,1860 912,1860 972,1861 1033,1861 1093,1862 1154,1862 1214,1863 1274,1863 1335,1863 1395,1863 1456,1862 1516,1861 1576,1860 1637,1858 1697,1855 1758,1852"/>
                <TextEquiv>
                    <Unicode>Akten seines neuen Schauspiels „Der Ruf des Lebens“ mehr¬</Unicode>
                </TextEquiv>
            </TextLine>
            <TextLine id="r1l21" custom="readingOrder {index:20;}">
                <Coords points="334,1863 345,1862 369,1877 392,1868 430,1886 463,1866 478,1872 484,1865 492,1873 535,1868 533,1825 514,1817 493,1833 458,1826 426,1839 403,1824 392,1830 379,1824 354,1838 333,1839"/>
                <Baseline points="342,1872 368,1868 394,1867 421,1865 447,1864 474,1864 500,1863 527,1861"/>
                <TextEquiv>
                    <Unicode>sich zwei</Unicode>
                </TextEquiv>
            </TextLine>
            <TextLine id="r1l22" custom="readingOrder {index:21;}">
                <Coords points="331,1933 347,1935 388,1912 417,1915 433,1903 464,1916 491,1912 532,1926 531,1874 463,1866 438,1889 392,1868 370,1878 355,1870 339,1886 329,1886"/>
                <Baseline points="338,1914 364,1912 391,1911 417,1909 444,1907 470,1906 497,1905 524,1906"/>
                <TextEquiv>
                    <Unicode>gen des</Unicode>
                </TextEquiv>
            </TextLine>
            <TextLine id="r1l23" custom="readingOrder {index:22;}">
                <Coords points="540,1921 1673,1926 1771,1902 1771,1857 540,1883"/>
                <Baseline points="548,1914 608,1912 669,1911 730,1910 791,1910 852,1909 912,1909 973,1909 1034,1909 1095,1909 1156,1910 1216,1910 1277,1910 1338,1911 1399,1911 1460,1911 1520,1911 1581,1911 1642,1911 1703,1911 1764,1910"/>
                <TextEquiv>
                    <Unicode>mals vor den Vorhang. In feiner dichterischer Kraft, psychologisch</Unicode>
                </TextEquiv>
            </TextLine>
            <TextLine id="r1l24" custom="readingOrder {index:23;}">
                <Coords points="352,1950 368,1947 374,1954 416,1963 424,1957 485,1956 499,1965 516,1949 524,1949 525,1922 501,1913 464,1915 443,1908 435,1914 398,1911 353,1919"/>
                <Baseline points="360,1945 386,1947 412,1948 438,1948 464,1948 490,1950 516,1953"/>
                <TextEquiv>
                    <Unicode>Bevoll¬</Unicode>
                </TextEquiv>
            </TextLine>
            <TextLine id="r1l25" custom="readingOrder {index:24;}">
                <Coords points="553,1969 1715,1978 1760,1917 553,1928"/>
                <Baseline points="562,1962 621,1961 681,1960 740,1960 800,1959 859,1959 919,1959 978,1959 1038,1960 1097,1960 1157,1960 1216,1961 1276,1961 1335,1961 1395,1961 1454,1961 1514,1961 1573,1961 1633,1960 1692,1959 1752,1958"/>
                <TextEquiv>
                    <Unicode>analysierend, steigt der erste Akt an in dem Ruf des Lebens, der</Unicode>
                </TextEquiv>
            </TextLine>
            <TextLine id="r1l26" custom="readingOrder {index:25;}">
                <Coords points="330,1995 357,2008 391,2001 426,2012 450,2000 489,2005 532,1999 533,1970 493,1965 481,1955 455,1955 430,1975 347,1941 332,1946"/>
                <Baseline points="338,1991 364,1993 391,1995 417,1996 444,1997 470,1998 497,1998 524,1999"/>
                <TextEquiv>
                    <Unicode>Abg. Dr.</Unicode>
                </TextEquiv>
            </TextLine>
            <TextLine id="r1l27" custom="readingOrder {index:26;}">
                <Coords points="551,2022 1759,2024 1689,1966 551,1984"/>
                <Baseline points="558,2013 617,2011 677,2010 737,2009 796,2008 856,2008 916,2008 975,2008 1035,2009 1095,2009 1155,2010 1214,2010 1274,2011 1334,2011 1393,2011 1453,2011 1513,2011 1572,2010 1632,2009 1692,2008 1752,2006"/>
                <TextEquiv>
                    <Unicode>mit elementarer Macht laut wird in der Brust eines jungen ge¬</Unicode>
                </TextEquiv>
            </TextLine>
            <TextLine id="r1l28" custom="readingOrder {index:27;}">
                <Coords points="333,2053 373,2044 399,2052 407,2046 426,2055 437,2047 450,2052 477,2045 484,2052 492,2045 503,2050 524,2045 523,2002 514,2000 490,2005 469,2000 459,2010 446,2005 440,2012 385,2002 332,2006"/>
                <Baseline points="340,2037 365,2039 390,2040 415,2040 440,2040 465,2039 490,2038 516,2037"/>
                <TextEquiv>
                    <Unicode>lkspartei</Unicode>
                </TextEquiv>
            </TextLine>
            <TextLine id="r1l29" custom="readingOrder {index:28;}">
                <Coords points="550,2073 1774,2081 1774,2020 1739,2015 550,2022"/>
                <Baseline points="558,2061 618,2060 678,2059 739,2058 799,2058 860,2058 920,2058 981,2058 1041,2059 1102,2059 1162,2060 1222,2060 1283,2061 1343,2061 1404,2061 1464,2061 1525,2060 1585,2059 1646,2058 1706,2056 1767,2054"/>
                <TextEquiv>
                    <Unicode>knechteten Weibes, in dem Verlangen nach der Seligkeit selbst¬</Unicode>
                </TextEquiv>
            </TextLine>
            <TextLine id="r1l30" custom="readingOrder {index:29;}">
                <Coords points="341,2092 362,2103 389,2098 409,2110 431,2091 476,2098 482,2092 492,2097 502,2087 529,2095 528,2047 517,2043 504,2052 495,2045 484,2052 461,2046 437,2062 408,2048 341,2051"/>
                <Baseline points="349,2084 377,2086 406,2087 434,2087 463,2086 491,2085 520,2083"/>
                <TextEquiv>
                    <Unicode>und die</Unicode>
                </TextEquiv>
            </TextLine>
            <TextLine id="r1l31" custom="readingOrder {index:30;}">
                <Coords points="551,2121 1762,2111 1730,2069 1611,2061 551,2074"/>
                <Baseline points="558,2112 617,2110 677,2109 737,2108 797,2108 857,2108 917,2108 976,2108 1036,2108 1096,2108 1156,2109 1216,2109 1276,2109 1336,2110 1395,2110 1455,2109 1515,2109 1575,2108 1635,2107 1695,2106 1755,2104"/>
                <TextEquiv>
                    <Unicode>vergessenen Sichhingebens. Andere Töne des gleichen Themas</Unicode>
                </TextEquiv>
            </TextLine>
            <TextLine id="r1l32" custom="readingOrder {index:31;}">
                <Coords points="340,2133 351,2136 358,2130 375,2142 425,2149 460,2147 477,2136 535,2135 536,2105 517,2093 499,2090 477,2098 456,2089 430,2094 409,2111 385,2097 362,2103 342,2091"/>
                <Baseline points="348,2126 373,2127 398,2128 424,2130 449,2131 475,2132 500,2132 526,2131"/>
                <TextEquiv>
                    <Unicode>in und</Unicode>
                </TextEquiv>
            </TextLine>
            <TextLine id="r1l33" custom="readingOrder {index:32;}">
                <Coords points="555,2172 1693,2152 1770,2184 1770,2112 555,2125"/>
                <Baseline points="564,2164 623,2162 683,2161 743,2160 803,2159 863,2159 923,2159 983,2158 1043,2158 1103,2158 1163,2158 1222,2159 1282,2159 1342,2159 1402,2159 1462,2159 1522,2159 1582,2158 1642,2158 1702,2157 1762,2156"/>
                <TextEquiv>
                    <Unicode>mischen sich in die Melodie. Und leise schon klingt hinein, was in</Unicode>
                </TextEquiv>
            </TextLine>
            <TextLine id="r1l34" custom="readingOrder {index:33;}">
                <Coords points="335,2170 395,2190 416,2176 461,2185 475,2178 534,2181 534,2146 509,2135 420,2148 375,2142 358,2129 335,2134"/>
                <Baseline points="344,2174 370,2174 396,2174 422,2174 448,2173 474,2173 500,2173 526,2174"/>
                <TextEquiv>
                    <Unicode>chworene</Unicode>
                </TextEquiv>
            </TextLine>
            <TextLine id="r1l35" custom="readingOrder {index:34;}">
                <Coords points="546,2224 1483,2206 1774,2239 1803,2172 546,2178"/>
                <Baseline points="554,2211 616,2209 678,2209 740,2208 802,2207 864,2207 926,2206 988,2206 1050,2206 1112,2207 1174,2207 1236,2207 1298,2207 1360,2207 1422,2208 1484,2208 1546,2208 1608,2208 1670,2207 1732,2207 1795,2206"/>
                <TextEquiv>
                    <Unicode>den starken theatralischen Effekten des zweiten Aktes die Grundnote,“</Unicode>
                </TextEquiv>
            </TextLine>
            <TextLine id="r1l36" custom="readingOrder {index:35;}">
                <Coords points="403,2234 412,2234 419,2241 428,2233 444,2236 470,2223 492,2234 533,2233 533,2186 518,2180 507,2180 501,2186 451,2180 443,2186 420,2176 403,2181"/>
                <Baseline points="410,2219 438,2218 467,2217 495,2218 524,2219"/>
                <TextEquiv>
                    <Unicode>scharf</Unicode>
                </TextEquiv>
            </TextLine>
            <TextLine id="r1l37" custom="readingOrder {index:36;}">
                <Coords points="546,2273 1686,2275 1790,2233 546,2236"/>
                <Baseline points="554,2262 615,2262 676,2261 738,2261 799,2261 861,2260 922,2259 983,2259 1045,2258 1106,2257 1168,2257 1229,2256 1290,2256 1352,2255 1413,2255 1475,2255 1536,2255 1597,2255 1659,2256 1720,2257 1782,2257"/>
                <TextEquiv>
                    <Unicode>gibt, der Ruf des Todes. In poetischer Kontrapunktik, fugenartig</Unicode>
                </TextEquiv>
            </TextLine>
            <TextLine id="r1l38" custom="readingOrder {index:37;}">
                <Coords points="333,2262 376,2268 386,2276 418,2261 440,2264 448,2257 461,2267 509,2271 537,2264 537,2232 492,2235 474,2224 441,2237 417,2227 370,2236 360,2230 333,2244"/>
                <Baseline points="341,2262 367,2262 394,2262 421,2262 448,2262 475,2262 502,2263 529,2263"/>
                <TextEquiv>
                    <Unicode>ien lex</Unicode>
                </TextEquiv>
            </TextLine>
            <TextLine id="r1l39" custom="readingOrder {index:38;}">
                <Coords points="547,2321 1809,2330 1845,2325 1845,2255 547,2272"/>
                <Baseline points="555,2308 619,2308 683,2307 747,2307 811,2306 875,2306 939,2305 1004,2305 1068,2305 1132,2305 1196,2305 1260,2305 1324,2304 1388,2304 1453,2305 1517,2305 1581,2305 1645,2305 1709,2305 1773,2305 1838,2306"/>
                <TextEquiv>
                    <Unicode>in einander verwoben, durchdringen sich dann die Themata in einem#</Unicode>
                </TextEquiv>
            </TextLine>
            <TextLine id="r1l40" custom="readingOrder {index:39;}">
                <Coords points="337,2329 353,2335 368,2318 407,2313 418,2321 463,2309 482,2317 514,2314 522,2305 540,2303 539,2274 479,2264 452,2268 426,2259 404,2273 367,2275 357,2265 335,2273"/>
                <Baseline points="344,2310 370,2309 397,2307 424,2306 450,2304 477,2303 504,2303 531,2305"/>
                <TextEquiv>
                    <Unicode>egenüber</Unicode>
                </TextEquiv>
            </TextLine>
            <TextLine id="r1l41" custom="readingOrder {index:40;}">
                <Coords points="348,2348 368,2347 401,2366 425,2356 443,2363 475,2356 494,2367 504,2359 533,2363 533,2318 509,2311 461,2311 421,2322 401,2314 384,2322 348,2319"/>
                <Baseline points="357,2351 385,2350 413,2349 441,2349 469,2349 497,2350 525,2351"/>
                <TextEquiv>
                    <Unicode>Aussicht</Unicode>
                </TextEquiv>
            </TextLine>
            <TextLine id="r1l42" custom="readingOrder {index:41;}">
                <Coords points="543,2371 1641,2369 1776,2344 1776,2301 543,2334"/>
                <Baseline points="551,2358 611,2357 672,2356 733,2356 794,2355 855,2355 915,2355 976,2356 1037,2356 1098,2356 1159,2357 1219,2357 1280,2357 1341,2357 1402,2357 1463,2356 1523,2355 1584,2354 1645,2353 1706,2351 1767,2348"/>
                <TextEquiv>
                    <Unicode>Höhepunkt. Aber der Ruf des Lebens führt selbst in die Nähe des</Unicode>
                </TextEquiv>
            </TextLine>
            <TextLine id="r1l43" custom="readingOrder {index:42;}">
                <Coords points="333,2400 426,2414 448,2398 464,2406 474,2399 482,2407 504,2399 528,2401 532,2365 490,2369 435,2356 406,2366 373,2355 360,2363 332,2361"/>
                <Baseline points="340,2394 366,2396 392,2396 418,2397 445,2396 471,2396 497,2395 524,2394"/>
                <TextEquiv>
                    <Unicode>langsver¬</Unicode>
                </TextEquiv>
            </TextLine>
            <TextLine id="r1l44" custom="readingOrder {index:43;}">
                <Coords points="543,2416 1764,2402 1705,2359 543,2372"/>
                <Baseline points="551,2407 611,2407 671,2407 731,2407 792,2406 852,2406 912,2406 972,2406 1033,2406 1093,2406 1153,2405 1213,2405 1274,2405 1334,2405 1394,2404 1454,2404 1515,2404 1575,2403 1635,2403 1695,2402 1756,2401"/>
                <TextEquiv>
                    <Unicode>Todes. In einem von den ersten zwei Aufzügen wesentlich ver¬</Unicode>
                </TextEquiv>
            </TextLine>
            <TextLine id="r1l45" custom="readingOrder {index:44;}">
                <Coords points="328,2431 366,2448 407,2455 423,2455 436,2443 488,2446 507,2454 526,2450 527,2399 491,2401 479,2412 454,2400 424,2415 391,2405 360,2415 348,2405 328,2410"/>
                <Baseline points="336,2434 362,2440 388,2443 414,2443 440,2443 466,2442 492,2442 518,2443"/>
                <TextEquiv>
                    <Unicode>lung, daß</Unicode>
                </TextEquiv>
            </TextLine>
            <TextLine id="r1l46" custom="readingOrder {index:45;}">
                <Coords points="554,2473 1710,2471 1779,2410 554,2418"/>
                <Baseline points="563,2459 623,2458 683,2457 744,2456 804,2456 865,2456 925,2455 985,2455 1046,2456 1106,2456 1167,2456 1227,2456 1287,2456 1348,2456 1408,2456 1469,2455 1529,2454 1589,2454 1650,2453 1710,2451 1771,2449"/>
                <TextEquiv>
                    <Unicode>schiedenen weichen Schlußakt gibt der Dichter dann des Aus= und</Unicode>
                </TextEquiv>
            </TextLine>
            <TextLine id="r1l47" custom="readingOrder {index:46;}">
                <Coords points="329,2494 350,2485 366,2501 392,2488 417,2499 427,2492 443,2499 454,2490 517,2493 538,2485 537,2449 526,2446 492,2456 471,2447 459,2457 442,2442 420,2456 391,2449 364,2451 346,2463 329,2460"/>
                <Baseline points="337,2486 364,2487 392,2488 419,2487 447,2487 474,2486 502,2485 530,2485"/>
                <TextEquiv>
                    <Unicode>jewendet</Unicode>
                </TextEquiv>
            </TextLine>
            <TextLine id="r1l48" custom="readingOrder {index:47;}">
                <Coords points="550,2510 1771,2501 1731,2464 1374,2450 550,2470"/>
                <Baseline points="558,2505 618,2505 678,2505 738,2504 799,2504 859,2504 919,2504 979,2504 1040,2504 1100,2504 1160,2504 1220,2503 1281,2503 1341,2503 1401,2502 1461,2502 1522,2501 1582,2500 1642,2499 1702,2498 1763,2497"/>
                <TextEquiv>
                    <Unicode>Abklanges Lebensweisheit, zwischen melancholischer Resignation und</Unicode>
                </TextEquiv>
            </TextLine>
            <TextLine id="r1l49" custom="readingOrder {index:48;}">
                <Coords points="331,2530 349,2529 359,2538 423,2534 431,2542 445,2534 487,2544 519,2528 517,2491 467,2488 445,2498 426,2492 416,2499 393,2490 387,2497 359,2501 348,2513 330,2506"/>
                <Baseline points="339,2535 367,2533 396,2531 425,2530 453,2530 482,2528 511,2526"/>
                <TextEquiv>
                    <Unicode>nteresse“</Unicode>
                </TextEquiv>
            </TextLine>
            <TextLine id="r1l50" custom="readingOrder {index:49;}">
                <Coords points="545,2561 1767,2560 1766,2518 1707,2509 545,2513"/>
                <Baseline points="553,2559 613,2558 673,2557 733,2556 794,2555 854,2555 914,2554 975,2554 1035,2553 1095,2553 1156,2553 1216,2552 1276,2552 1336,2552 1397,2551 1457,2551 1517,2551 1578,2550 1638,2550 1698,2549 1759,2549"/>
                <TextEquiv>
                    <Unicode>Lebensbejahung die Mitte haltend: schwankend und willkürlich ist</Unicode>
                </TextEquiv>
            </TextLine>
            <TextLine id="r1l51" custom="readingOrder {index:50;}">
                <Coords points="337,2576 357,2576 367,2585 378,2575 393,2582 441,2579 454,2587 460,2580 489,2586 512,2576 536,2578 535,2525 520,2523 487,2543 456,2536 432,2542 421,2533 402,2540 370,2534 357,2544 336,2539"/>
                <Baseline points="345,2575 371,2574 397,2574 423,2573 449,2573 475,2573 501,2572 527,2572"/>
                <TextEquiv>
                    <Unicode>ttelalter¬</Unicode>
                </TextEquiv>
            </TextLine>
            <TextLine id="r1l52" custom="readingOrder {index:51;}">
                <Coords points="548,2613 1720,2616 1771,2612 1771,2559 548,2576"/>
                <Baseline points="557,2606 617,2606 677,2606 737,2605 798,2605 858,2605 918,2605 979,2605 1039,2604 1099,2604 1160,2604 1220,2603 1280,2603 1340,2603 1401,2602 1461,2601 1521,2601 1582,2601 1642,2600 1702,2599 1763,2599"/>
                <TextEquiv>
                    <Unicode>der Wert aller Lebensgüter und großen Worte, und nur das Leben</Unicode>
                </TextEquiv>
            </TextLine>
            <TextLine id="r1l53" custom="readingOrder {index:52;}">
                <Coords points="329,2628 349,2618 380,2621 395,2631 401,2626 411,2634 443,2619 499,2628 524,2620 524,2582 506,2577 446,2589 410,2578 396,2583 380,2575 369,2586 357,2575 328,2575"/>
                <Baseline points="337,2618 362,2618 388,2617 414,2617 439,2617 465,2617 491,2617 517,2616"/>
                <TextEquiv>
                    <Unicode>nicht ent¬</Unicode>
                </TextEquiv>
            </TextLine>
            <TextLine id="r1l54" custom="readingOrder {index:53;}">
                <Coords points="549,2665 1772,2660 1771,2612 1693,2603 548,2614"/>
                <Baseline points="557,2657 617,2657 677,2657 738,2657 798,2656 858,2656 919,2655 979,2655 1039,2655 1100,2654 1160,2654 1220,2653 1281,2653 1341,2652 1401,2652 1462,2651 1522,2651 1582,2650 1643,2649 1703,2649 1764,2648"/>
                <TextEquiv>
                    <Unicode>selber ist gewiß. Das Ganze wie eine kontrapunktische fugenartige</Unicode>
                </TextEquiv>
            </TextLine>
            <TextLine id="r1l55" custom="readingOrder {index:54;}">
                <Coords points="333,2666 405,2667 420,2677 442,2664 460,2675 529,2668 528,2620 498,2628 472,2622 461,2633 434,2634 422,2627 411,2634 386,2622 379,2627 363,2621 333,2631"/>
                <Baseline points="341,2663 366,2662 392,2662 418,2662 443,2662 469,2662 495,2662 521,2661"/>
                <TextEquiv>
                    <Unicode>iten bei</Unicode>
                </TextEquiv>
            </TextLine>
            <TextLine id="r1l56" custom="readingOrder {index:55;}">
                <Coords points="555,2711 1772,2706 1751,2658 555,2667"/>
                <Baseline points="563,2706 623,2705 683,2705 743,2704 803,2703 863,2703 923,2703 983,2702 1043,2702 1103,2702 1163,2702 1223,2702 1283,2701 1343,2701 1403,2701 1463,2700 1523,2700 1583,2699 1643,2698 1703,2697 1764,2696"/>
                <TextEquiv>
                    <Unicode>Abwandlung jener beiden vielfach individualisierten „Rufe“, eine große</Unicode>
                </TextEquiv>
            </TextLine>
            <TextLine id="r1l57" custom="readingOrder {index:56;}">
                <Coords points="332,2713 367,2718 380,2710 408,2712 423,2723 438,2713 463,2722 483,2713 534,2723 535,2684 508,2671 494,2675 486,2668 460,2676 444,2667 420,2678 404,2667 380,2667 352,2680 333,2676"/>
                <Baseline points="340,2702 366,2704 393,2704 419,2706 446,2707 472,2708 499,2708 526,2707"/>
                <TextEquiv>
                    <Unicode>stag aus.</Unicode>
                </TextEquiv>
            </TextLine>
            <TextLine id="r1l58" custom="readingOrder {index:57;}">
                <Coords points="328,2760 371,2769 381,2778 402,2768 430,2782 469,2775 517,2781 540,2767 541,2720 517,2728 485,2714 462,2722 451,2713 422,2721 380,2710 329,2725"/>
                <Baseline points="336,2750 364,2750 392,2750 420,2751 448,2752 476,2752 504,2753 532,2754"/>
                <TextEquiv>
                    <Unicode>eteranen¬</Unicode>
                </TextEquiv>
            </TextLine>
            <TextLine id="r1l59" custom="readingOrder {index:58;}">
                <Coords points="553,2778 1689,2765 1771,2721 553,2733"/>
                <Baseline points="561,2759 621,2757 681,2755 741,2754 801,2753 861,2753 921,2752 981,2751 1041,2751 1101,2751 1162,2751 1222,2751 1282,2751 1342,2750 1402,2750 1462,2750 1522,2750 1582,2749 1642,2748 1702,2747 1763,2746"/>
                <TextEquiv>
                    <Unicode>geistreiche dichterische Konstruktion; wie ein feingewobener Teppich, dessen</Unicode>
                </TextEquiv>
            </TextLine>
            <TextLine id="r1l60" custom="readingOrder {index:59;}">
                <Coords points="556,2820 1756,2816 1766,2780 555,2775"/>
                <Baseline points="563,2805 622,2805 682,2805 742,2804 801,2804 861,2804 921,2803 980,2803 1040,2803 1100,2803 1160,2802 1219,2802 1279,2802 1339,2802 1398,2801 1458,2801 1518,2800 1577,2800 1637,2800 1697,2799 1757,2798"/>
                <TextEquiv>
                    <Unicode>vielverschlungene Arabesken, aufs geschickteste die Motive verbindend,</Unicode>
                </TextEquiv>
            </TextLine>
            <TextLine id="r1l61" custom="readingOrder {index:60;}">
                <Coords points="340,2833 364,2843 376,2839 391,2850 406,2843 426,2855 454,2841 489,2850 531,2845 533,2778 475,2784 468,2776 440,2777 398,2786 374,2781 361,2792 342,2788"/>
                <Baseline points="348,2833 373,2833 398,2833 423,2833 448,2835 473,2836 498,2837 523,2838"/>
                <TextEquiv>
                    <Unicode>Februar,</Unicode>
                </TextEquiv>
            </TextLine>
            <TextLine id="r1l62" custom="readingOrder {index:61;}">
                <Coords points="554,2857 1764,2859 1763,2816 1704,2806 553,2830"/>
                <Baseline points="562,2855 621,2854 681,2853 740,2852 800,2851 860,2850 919,2850 979,2850 1039,2850 1098,2850 1158,2850 1218,2850 1277,2850 1337,2850 1397,2849 1456,2849 1516,2848 1576,2848 1635,2847 1695,2845 1755,2843"/>
                <TextEquiv>
                    <Unicode>ein riesiges großes Gleichnis darstellen. Aber, über das Theatra¬</Unicode>
                </TextEquiv>
            </TextLine>
            <TextLine id="r1l63" custom="readingOrder {index:62;}">
                <Coords points="399,2889 430,2876 446,2881 468,2876 476,2883 502,2877 508,2883 536,2887 536,2845 525,2843 517,2851 499,2846 475,2852 441,2839 400,2844"/>
                <Baseline points="408,2876 438,2873 468,2874 498,2876 528,2874"/>
                <TextEquiv>
                    <Unicode>von</Unicode>
                </TextEquiv>
            </TextLine>
            <TextLine id="r1l64" custom="readingOrder {index:63;}">
                <Coords points="549,2910 1767,2906 1766,2862 1585,2848 548,2857"/>
                <Baseline points="557,2910 617,2908 677,2906 737,2905 797,2904 857,2903 917,2902 977,2902 1037,2901 1097,2901 1157,2900 1217,2900 1277,2900 1337,2900 1397,2900 1457,2900 1517,2900 1577,2900 1637,2900 1697,2900 1758,2900"/>
                <TextEquiv>
                    <Unicode>lische hinaus, lassen die mannigfachen dichterischen Feinheiten des</Unicode>
                </TextEquiv>
            </TextLine>
            <TextLine id="r1l65" custom="readingOrder {index:64;}">
                <Coords points="315,2916 342,2924 362,2919 379,2929 397,2923 414,2940 427,2930 447,2931 477,2948 535,2933 536,2890 502,2877 480,2883 432,2877 407,2890 393,2881 377,2891 343,2883 316,2889"/>
                <Baseline points="324,2915 349,2914 375,2915 400,2916 426,2917 451,2918 477,2919 502,2918 528,2917"/>
                <TextEquiv>
                    <Unicode>bünsche</Unicode>
                </TextEquiv>
            </TextLine>
            <TextLine id="r1l66" custom="readingOrder {index:65;}">
                <Coords points="558,2961 1775,2948 1727,2905 558,2914"/>
                <Baseline points="566,2964 626,2959 686,2955 746,2953 806,2951 866,2949 926,2949 986,2948 1046,2948 1106,2948 1166,2948 1226,2949 1286,2949 1346,2950 1406,2950 1466,2950 1526,2950 1586,2950 1646,2949 1706,2947 1767,2945"/>
                <TextEquiv>
                    <Unicode>Psychologischen und des Dialogs nicht vergessen, daß die meisten</Unicode>
                </TextEquiv>
            </TextLine>
            <TextLine id="r1l67" custom="readingOrder {index:66;}">
                <Coords points="326,2995 361,3003 380,3017 394,3004 462,2996 490,3013 521,3013 534,3010 535,2953 511,2957 487,2945 471,2953 457,2948 435,2963 426,2953 397,2961 371,2951 344,2968 326,2966"/>
                <Baseline points="334,2995 361,2996 388,2997 416,2998 443,2998 471,2999 498,2999 526,2999"/>
                <TextEquiv>
                    <Unicode>bend die</Unicode>
                </TextEquiv>
            </TextLine>
            <TextLine id="r1l68" custom="readingOrder {index:67;}">
                <Coords points="549,3014 1775,2998 1725,2950 548,2958"/>
                <Baseline points="556,3007 616,3005 677,3005 737,3003 798,3002 858,3002 919,3001 979,3001 1040,3000 1100,3000 1161,3000 1222,2999 1282,2999 1343,2999 1403,2999 1464,2999 1524,2999 1585,2998 1645,2998 1706,2998 1767,2997"/>
                <TextEquiv>
                    <Unicode>der Figuren mit dem Geiste ihres Schöpfers sprechen, und daß</Unicode>
                </TextEquiv>
            </TextLine>
            <TextLine id="r1l69" custom="readingOrder {index:68;}">
                <Coords points="316,3031 354,3050 369,3042 396,3054 474,3048 487,3058 510,3048 540,3061 541,3012 516,3009 506,3016 481,3005 472,3011 450,3001 400,3001 377,3018 362,3005 340,3019 316,3013"/>
                <Baseline points="324,3038 350,3041 376,3042 402,3043 428,3044 454,3044 480,3044 506,3045 533,3046"/>
                <TextEquiv>
                    <Unicode>s Tempo</Unicode>
                </TextEquiv>
            </TextLine>
            <TextLine id="r1l70" custom="readingOrder {index:69;}">
                <Coords points="560,3063 1613,3069 1773,3050 1773,2997 560,3016"/>
                <Baseline points="568,3056 627,3054 687,3052 747,3051 807,3049 867,3048 927,3048 986,3047 1046,3047 1106,3047 1166,3046 1226,3046 1286,3046 1346,3046 1405,3046 1465,3046 1525,3045 1585,3045 1645,3044 1705,3044 1765,3042"/>
                <TextEquiv>
                    <Unicode>vor allem die konstruktive Ausgestaltung über der dichterischen</Unicode>
                </TextEquiv>
            </TextLine>
            <TextLine id="r1l71" custom="readingOrder {index:70;}">
                <Coords points="312,3089 367,3098 386,3090 449,3098 476,3092 534,3103 535,3058 510,3049 495,3058 437,3060 409,3049 401,3056 369,3041 331,3062 314,3057"/>
                <Baseline points="320,3084 345,3085 371,3085 397,3086 423,3087 448,3088 474,3089 500,3091 526,3093"/>
                <TextEquiv>
                    <Unicode>rörterung</Unicode>
                </TextEquiv>
            </TextLine>
            <TextLine id="r1l72" custom="readingOrder {index:71;}">
                <Coords points="555,3112 1769,3099 1749,3048 555,3070"/>
                <Baseline points="563,3103 622,3102 682,3101 742,3100 802,3100 862,3099 922,3099 982,3098 1042,3098 1102,3097 1162,3097 1221,3096 1281,3096 1341,3095 1401,3094 1461,3094 1521,3093 1581,3093 1641,3092 1701,3092 1761,3091"/>
                <TextEquiv>
                    <Unicode>Phantasie steht. Die Darstellung bot dem Stück nicht überall</Unicode>
                </TextEquiv>
            </TextLine>
            <TextLine id="r1l73" custom="readingOrder {index:72;}">
                <Coords points="315,3147 344,3151 359,3137 381,3146 402,3140 410,3147 441,3136 481,3147 537,3136 538,3109 488,3101 477,3092 450,3098 391,3091 373,3101 351,3092 317,3097"/>
                <Baseline points="324,3127 349,3130 375,3131 400,3133 426,3133 452,3133 477,3133 503,3134 529,3136"/>
                <TextEquiv>
                    <Unicode>inzipiellen</Unicode>
                </TextEquiv>
            </TextLine>
            <TextLine id="r1l74" custom="readingOrder {index:73;}">
                <Coords points="546,3154 1755,3164 1755,3110 1718,3103 546,3114"/>
                <Baseline points="555,3154 614,3154 674,3154 733,3153 793,3153 853,3152 912,3152 972,3151 1031,3151 1091,3150 1151,3150 1210,3149 1270,3149 1329,3148 1389,3148 1449,3147 1508,3147 1568,3147 1627,3146 1687,3146 1747,3145"/>
                <TextEquiv>
                    <Unicode>gleichmäßig starke Stützen; hervorragend beteiligt waren Irene</Unicode>
                </TextEquiv>
            </TextLine>
            <TextLine id="r1l75" custom="readingOrder {index:74;}">
                <Coords points="334,3178 350,3175 370,3189 451,3179 471,3190 482,3182 504,3190 532,3185 531,3139 479,3147 454,3137 430,3139 421,3147 401,3141 376,3147 358,3136 344,3151 334,3151"/>
                <Baseline points="342,3174 367,3173 393,3173 419,3174 445,3174 471,3174 497,3173 523,3171"/>
                <TextEquiv>
                    <Unicode>den einer</Unicode>
                </TextEquiv>
            </TextLine>
            <TextLine id="r1l76" custom="readingOrder {index:75;}">
                <Coords points="547,3218 1726,3219 1768,3160 546,3173"/>
                <Baseline points="555,3201 615,3202 675,3202 735,3202 796,3202 856,3202 916,3202 976,3201 1037,3200 1097,3199 1157,3199 1217,3198 1278,3197 1338,3196 1398,3196 1458,3195 1519,3195 1579,3196 1639,3196 1699,3197 1760,3198"/>
                <TextEquiv>
                    <Unicode>Triesch und Else Lehmann, die Herren Marr, Reicher, Bassermann,</Unicode>
                </TextEquiv>
            </TextLine>
            <TextLine id="r1l77" custom="readingOrder {index:76;}">
                <Coords points="340,3225 352,3222 366,3233 417,3219 440,3227 531,3226 531,3186 504,3190 484,3182 470,3190 452,3179 427,3189 412,3183 369,3188 340,3174"/>
                <Baseline points="348,3220 373,3219 398,3219 423,3219 448,3219 473,3218 498,3218 523,3217"/>
                <TextEquiv>
                    <Unicode>jen Kon¬</Unicode>
                </TextEquiv>
            </TextLine>
            <TextLine id="r1l78" custom="readingOrder {index:77;}">
                <Coords points="1623,3250 1637,3247 1639,3249 1640,3247 1652,3252 1656,3249 1680,3253 1680,3210 1666,3210 1652,3199 1647,3202 1640,3200 1637,3204 1623,3202"/>
                <Baseline points="1630,3242 1672,3242"/>
                <TextEquiv>
                    <Unicode>f.</Unicode>
                </TextEquiv>
            </TextLine>
            <TextLine id="r1l79" custom="readingOrder {index:78;}">
                <Coords points="551,3259 595,3262 624,3255 628,3260 657,3263 665,3256 694,3261 702,3252 717,3251 716,3227 696,3228 681,3216 668,3222 643,3221 622,3213 610,3217 596,3209 583,3214 577,3210 561,3222 551,3222"/>
                <Baseline points="559,3253 584,3253 609,3253 634,3253 659,3253 684,3252 709,3251"/>
                <TextEquiv>
                    <Unicode>Rittner.</Unicode>
                </TextEquiv>
            </TextLine>
            <TextLine id="r1l80" custom="readingOrder {index:79;}">
                <Coords points="352,3268 364,3270 372,3262 386,3273 421,3268 437,3282 458,3286 476,3272 497,3268 509,3276 535,3269 547,3273 548,3237 508,3226 439,3227 418,3220 407,3231 399,3224 374,3235 354,3229"/>
                <Baseline points="360,3261 385,3262 411,3262 436,3262 462,3264 487,3264 513,3266 539,3268"/>
                <TextEquiv>
                    <Unicode>erklärte,</Unicode>
                </TextEquiv>
            </TextLine>
            <TextLine id="r1l81" custom="readingOrder {index:80;}">
                <Coords points="337,3307 417,3319 432,3310 480,3318 486,3312 496,3322 509,3319 540,3330 542,3280 513,3279 496,3267 459,3287 422,3269 339,3267"/>
                <Baseline points="346,3303 372,3305 399,3306 426,3308 452,3309 479,3309 506,3310 533,3312"/>
                <TextEquiv>
                    <Unicode>icht ein</Unicode>
                </TextEquiv>
            </TextLine>
            <TextLine id="r1l82" custom="readingOrder {index:81;}">
                <Coords points="354,3370 398,3371 417,3355 435,3363 478,3356 488,3364 508,3363 532,3347 548,3347 548,3329 495,3322 487,3314 450,3318 440,3310 421,3323 411,3313 402,3318 384,3310 367,3327 354,3325"/>
                <Baseline points="362,3356 387,3355 412,3354 438,3353 463,3353 489,3352 514,3353 540,3354"/>
                <TextEquiv>
                    <Unicode>Ausein¬</Unicode>
                </TextEquiv>
            </TextLine>
            <TextLine id="r1l83" custom="readingOrder {index:82;}">
                <Coords points="767,3370 1461,3368 1555,3343 1555,3314 1483,3286 1422,3307 1395,3286 1194,3287 1111,3312 767,3294"/>
                <Baseline points="775,3357 813,3357 852,3357 890,3357 929,3357 968,3357 1006,3357 1045,3357 1083,3356 1122,3356 1161,3356 1199,3356 1238,3356 1276,3355 1315,3355 1354,3355 1392,3355 1431,3354 1469,3354 1508,3353 1547,3353"/>
                <TextEquiv>
                    <Unicode>Dandel und Verkehr</Unicode>
                </TextEquiv>
            </TextLine>
            <TextLine id="r1l84" custom="readingOrder {index:83;}">
                <Coords points="366,3405 403,3422 440,3401 456,3402 466,3412 504,3404 539,3414 555,3407 553,3337 504,3370 480,3357 435,3363 419,3355 383,3389 365,3381"/>
                <Baseline points="373,3403 402,3403 431,3401 460,3399 489,3398 518,3398 547,3400"/>
                <TextEquiv>
                    <Unicode>Sneten</Unicode>
                </TextEquiv>
            </TextLine>
            <TextLine id="r1l85" custom="readingOrder {index:84;}">
                <Coords points="630,3409 1771,3394 1736,3359 1564,3355 630,3372"/>
                <Baseline points="638,3404 694,3404 750,3404 806,3404 863,3403 919,3403 975,3403 1031,3403 1088,3402 1144,3402 1200,3402 1256,3402 1313,3401 1369,3401 1425,3401 1481,3400 1538,3400 1594,3400 1650,3399 1706,3399 1763,3399"/>
                <TextEquiv>
                    <Unicode>Commerz= und Disconto=Bank, Hamburg=Berlin. Nach</Unicode>
                </TextEquiv>
            </TextLine>
            <TextLine id="r1l86" custom="readingOrder {index:85;}">
                <Coords points="557,3446 1780,3436 1641,3398 557,3404"/>
                <Baseline points="566,3444 626,3444 686,3444 746,3444 807,3444 867,3444 927,3443 988,3443 1048,3443 1108,3442 1169,3442 1229,3441 1289,3441 1349,3440 1410,3440 1470,3439 1530,3439 1591,3438 1651,3438 1711,3437 1772,3437"/>
                <TextEquiv>
                    <Unicode>dem Rechenschaftsbericht, der im Inseratenteile unserer heutigen</Unicode>
                </TextEquiv>
            </TextLine>
            <TextLine id="r1l87" custom="readingOrder {index:86;}">
                <Coords points="401,3478 419,3474 433,3482 452,3476 479,3447 490,3451 496,3447 504,3454 546,3454 541,3410 521,3405 495,3417 478,3406 467,3412 452,3407 417,3440 405,3432 395,3433"/>
                <Baseline points="407,3461 433,3451 459,3446 485,3444 511,3444 537,3443"/>
                <TextEquiv>
                    <Unicode>Kau</Unicode>
                </TextEquiv>
            </TextLine>
            <TextLine id="r1l88" custom="readingOrder {index:87;}">
                <Coords points="560,3508 1750,3491 1766,3437 559,3447"/>
                <Baseline points="568,3486 627,3486 687,3485 746,3485 806,3484 865,3484 925,3483 984,3483 1044,3482 1103,3481 1163,3480 1223,3480 1282,3479 1342,3478 1401,3478 1461,3477 1520,3477 1580,3476 1639,3476 1699,3476 1759,3476"/>
                <TextEquiv>
                    <Unicode>Zeitung zum Abdruck gelangt, beläuft sich der Reingewinn auf</Unicode>
                </TextEquiv>
            </TextLine>
            <TextLine id="r1l89" custom="readingOrder {index:88;}">
                <Coords points="407,3529 437,3528 467,3506 483,3509 512,3489 538,3494 533,3454 496,3456 485,3447 477,3448 453,3476 426,3480 417,3474 400,3482"/>
                <Baseline points="411,3503 440,3499 470,3494 499,3491 529,3487"/>
                <TextEquiv>
                    <Unicode>„der</Unicode>
                </TextEquiv>
            </TextLine>
            <TextLine id="r1l90" custom="readingOrder {index:89;}">
                <Coords points="561,3521 1673,3527 1777,3496 561,3506"/>
                <Baseline points="569,3519 629,3520 689,3520 749,3521 809,3521 869,3521 929,3521 989,3522 1049,3522 1109,3521 1169,3521 1229,3521 1289,3521 1349,3520 1409,3520 1469,3519 1529,3518 1589,3517 1649,3516 1709,3515 1769,3514"/>
                <TextEquiv>
                    <Unicode>7051 605 Ml. (3962 200 Mk.), von welchem auf das von 50 Mill.</Unicode>
                </TextEquiv>
            </TextLine>
            <TextLine id="r1l91" custom="readingOrder {index:90;}">
                <Coords points="414,3569 427,3563 441,3568 449,3557 472,3559 483,3548 493,3548 501,3538 513,3542 520,3534 535,3535 526,3489 506,3491 488,3508 464,3509 424,3529 406,3529"/>
                <Baseline points="419,3555 445,3546 472,3541 498,3538 525,3531"/>
                <TextEquiv>
                    <Unicode>##</Unicode>
                </TextEquiv>
            </TextLine>
            <TextLine id="r1l92" custom="readingOrder {index:91;}">
                <Coords points="548,3565 1781,3557 1650,3515 548,3529"/>
                <Baseline points="556,3564 616,3563 677,3562 738,3561 799,3560 860,3559 920,3559 981,3558 1042,3558 1103,3557 1164,3557 1224,3557 1285,3557 1346,3556 1407,3556 1468,3556 1528,3556 1589,3556 1650,3556 1711,3556 1772,3556"/>
                <TextEquiv>
                    <Unicode>Mark auf 85 Millionen Mark erhöhte Aktienkapital eine Dividende</Unicode>
                </TextEquiv>
            </TextLine>
            <TextLine id="r1l93" custom="readingOrder {index:92;}">
                <Coords points="436,3617 444,3616 450,3620 465,3605 469,3608 487,3608 496,3603 502,3594 512,3592 503,3543 479,3549 471,3559 456,3556 442,3566 427,3568"/>
                <Baseline points="442,3600 472,3594 503,3589"/>
                <TextEquiv>
                    <Unicode>#e</Unicode>
                </TextEquiv>
            </TextLine>
            <TextLine id="r1l94" custom="readingOrder {index:93;}">
                <Coords points="547,3601 1778,3605 1777,3572 1688,3558 546,3564"/>
                <Baseline points="555,3604 615,3602 676,3601 737,3600 797,3600 858,3599 919,3599 979,3599 1040,3599 1101,3599 1162,3599 1222,3599 1283,3599 1344,3599 1404,3599 1465,3599 1526,3598 1586,3597 1647,3596 1708,3595 1769,3593"/>
                <TextEquiv>
                    <Unicode>von 6½ Prozent (wie im Vorjahre) verteilt werden soll. Dem</Unicode>
                </TextEquiv>
            </TextLine>
            <TextLine id="r1l95" custom="readingOrder {index:94;}">
                <Coords points="523,3654 1783,3658 1766,3602 522,3598"/>
                <Baseline points="531,3641 593,3641 655,3641 717,3641 779,3641 841,3641 903,3640 966,3640 1028,3639 1090,3639 1152,3638 1214,3637 1276,3637 1338,3636 1401,3636 1463,3635 1525,3635 1587,3634 1649,3634 1711,3634 1774,3634"/>
                <TextEquiv>
                    <Unicode>Reservefonds werden 512 796 Mk. (89 310 Mk.) überwiesen, dem</Unicode>
                </TextEquiv>
            </TextLine>
            <TextLine id="r1l96" custom="readingOrder {index:95;}">
                <Coords points="1309,3691 1335,3691 1342,3682 1371,3682 1379,3687 1391,3678 1413,3680 1412,3640 1382,3637 1308,3640"/>
                <Baseline points="1317,3660 1346,3657 1375,3657 1405,3658"/>
                <TextEquiv>
                    <Unicode>0 001</Unicode>
                </TextEquiv>
            </TextLine>
            <TextLine id="r1l97" custom="readingOrder {index:96;}">
                <Coords points="452,3691 470,3691 478,3686 489,3690 503,3673 515,3674 520,3666 543,3657 541,3638 533,3639 517,3626 499,3625 488,3630 481,3639 475,3638 468,3647 454,3642 446,3643"/>
                <Baseline points="458,3678 484,3669 510,3666 536,3668"/>
                <TextEquiv>
                    <Unicode></Unicode>
                </TextEquiv>
            </TextLine>
            <TextLine id="r1l98" custom="readingOrder {index:97;}">
                <Coords points="548,3704 1089,3706 1167,3679 1273,3681 1272,3638 547,3643"/>
                <Baseline points="556,3680 591,3680 626,3681 662,3682 697,3682 733,3682 768,3682 803,3682 839,3682 874,3681 910,3680 945,3679 980,3678 1016,3676 1051,3675 1087,3673 1122,3671 1157,3669 1193,3666 1228,3663 1264,3660"/>
                <TextEquiv>
                    <Unicode>Beamten= und Unterstützunosfunds oc</Unicode>
                </TextEquiv>
            </TextLine>
            <TextLine id="r1l99" custom="readingOrder {index:98;}">
                <Coords points="472,3729 492,3730 503,3719 515,3720 524,3714 557,3710 551,3654 540,3655 511,3675 503,3671 498,3675 467,3680"/>
                <Baseline points="477,3699 512,3694 547,3691"/>
                <TextEquiv>
                    <Unicode>1#</Unicode>
                </TextEquiv>
            </TextLine>
            <TextEquiv>
                <Unicode>box 24/1
19. Der Ruf des Lebens
Berheute Berdltgter; um 0. Dturg Setomnen lersei,
damit dieselben etwa am 23. März, wenn möglich, be¬
st leerem
endigt sind.
justiz¬
Die Kenyon=Militärakademie in Gambier (Ohio) ist
Antrags
durch Feuer völlig zerstört worden. Drei Kadetten werden
ilung an
vermißt, acht wurden verletzt, davon drei schwer.
ab dem
Fall der
Im Lessing=Theater rief am Sonnabend der warme, ob auch
in Aus¬
zum Schluß abflauende und nicht widerspruchslose Beifall eines
ausverkauften Hauses Arthur Schnitzler nach allen drei
denschaft¬
Akten seines neuen Schauspiels „Der Ruf des Lebens“ mehr¬
sich zwei
gen des
mals vor den Vorhang. In feiner dichterischer Kraft, psychologisch
Bevoll¬
analysierend, steigt der erste Akt an in dem Ruf des Lebens, der
Abg. Dr.
mit elementarer Macht laut wird in der Brust eines jungen ge¬
lkspartei
knechteten Weibes, in dem Verlangen nach der Seligkeit selbst¬
und die
vergessenen Sichhingebens. Andere Töne des gleichen Themas
in und
mischen sich in die Melodie. Und leise schon klingt hinein, was in
chworene
den starken theatralischen Effekten des zweiten Aktes die Grundnote,“
scharf
gibt, der Ruf des Todes. In poetischer Kontrapunktik, fugenartig
ien lex
in einander verwoben, durchdringen sich dann die Themata in einem#
egenüber
Aussicht
Höhepunkt. Aber der Ruf des Lebens führt selbst in die Nähe des
langsver¬
Todes. In einem von den ersten zwei Aufzügen wesentlich ver¬
lung, daß
schiedenen weichen Schlußakt gibt der Dichter dann des Aus= und
jewendet
Abklanges Lebensweisheit, zwischen melancholischer Resignation und
nteresse“
Lebensbejahung die Mitte haltend: schwankend und willkürlich ist
ttelalter¬
der Wert aller Lebensgüter und großen Worte, und nur das Leben
nicht ent¬
selber ist gewiß. Das Ganze wie eine kontrapunktische fugenartige
iten bei
Abwandlung jener beiden vielfach individualisierten „Rufe“, eine große
stag aus.
eteranen¬
geistreiche dichterische Konstruktion; wie ein feingewobener Teppich, dessen
vielverschlungene Arabesken, aufs geschickteste die Motive verbindend,
Februar,
ein riesiges großes Gleichnis darstellen. Aber, über das Theatra¬
von
lische hinaus, lassen die mannigfachen dichterischen Feinheiten des
bünsche
Psychologischen und des Dialogs nicht vergessen, daß die meisten
bend die
der Figuren mit dem Geiste ihres Schöpfers sprechen, und daß
s Tempo
vor allem die konstruktive Ausgestaltung über der dichterischen
rörterung
Phantasie steht. Die Darstellung bot dem Stück nicht überall
inzipiellen
gleichmäßig starke Stützen; hervorragend beteiligt waren Irene
den einer
Triesch und Else Lehmann, die Herren Marr, Reicher, Bassermann,
jen Kon¬
f.
Rittner.
erklärte,
icht ein
Ausein¬
Dandel und Verkehr
Sneten
Commerz= und Disconto=Bank, Hamburg=Berlin. Nach
dem Rechenschaftsbericht, der im Inseratenteile unserer heutigen
Kau
Zeitung zum Abdruck gelangt, beläuft sich der Reingewinn auf
„der
7051 605 Ml. (3962 200 Mk.), von welchem auf das von 50 Mill.
##
Mark auf 85 Millionen Mark erhöhte Aktienkapital eine Dividende
#e
von 6½ Prozent (wie im Vorjahre) verteilt werden soll. Dem
Reservefonds werden 512 796 Mk. (89 310 Mk.) überwiesen, dem
0 001

Beamten= und Unterstützunosfunds oc
1#</Unicode>
            </TextEquiv>
        </TextRegion>
        <TextRegion orientation="0.0" id="r2" custom="readingOrder {index:1;}">
            <Coords points="1999,1480 1999,3661 3299,3661 3299,1480"/>
            <TextLine id="r2l1" custom="readingOrder {index:0;}">
                <Coords points="1992,1537 2050,1549 2191,1532 2219,1543 2234,1533 2342,1538 2367,1527 2366,1489 2304,1462 2240,1460 2169,1485 2141,1474 2124,1486 2091,1471 2062,1480 2046,1469 1990,1485"/>
                <Baseline points="1999,1515 2024,1515 2050,1515 2076,1515 2101,1514 2127,1514 2153,1513 2179,1513 2204,1511 2230,1511 2256,1510 2281,1509 2307,1507 2333,1506 2359,1504"/>
                <TextEquiv>
                    <Unicode> Telephon 12801.</Unicode>
                </TextEquiv>
            </TextLine>
            <TextLine id="r2l2" custom="readingOrder {index:1;}">
                <Coords points="2778,1591 2801,1598 2833,1565 2856,1569 2865,1564 2883,1572 2919,1555 2916,1512 2899,1516 2886,1509 2865,1520 2846,1512 2832,1522 2803,1517 2798,1523 2774,1521"/>
                <Baseline points="2785,1569 2810,1562 2835,1559 2860,1558 2885,1559 2911,1559"/>
                <TextEquiv>
                    <Unicode>D#</Unicode>
                </TextEquiv>
            </TextLine>
            <TextLine id="r2l3" custom="readingOrder {index:2;}">
                <Coords points="2186,1659 2328,1632 2843,1628 2883,1615 2881,1574 2786,1566 2742,1589 2650,1555 2620,1584 2560,1553 2439,1600 2349,1567 2301,1607 2184,1619"/>
                <Baseline points="2193,1646 2227,1642 2261,1638 2295,1634 2329,1631 2363,1628 2397,1626 2431,1624 2465,1622 2499,1621 2534,1619 2568,1617 2602,1616 2636,1615 2670,1614 2704,1613 2738,1612 2772,1611 2806,1610 2840,1610 2875,1609"/>
                <TextEquiv>
                    <Unicode>„UBSERVER</Unicode>
                </TextEquiv>
            </TextLine>
            <TextLine id="r2l4" custom="readingOrder {index:3;}">
                <Coords points="2000,1719 3099,1654 3097,1619 3020,1601 2957,1632 1997,1659"/>
                <Baseline points="2007,1703 2061,1701 2115,1697 2169,1694 2223,1692 2278,1689 2332,1686 2386,1684 2440,1681 2494,1679 2549,1677 2603,1674 2657,1672 2711,1670 2765,1667 2820,1664 2874,1662 2928,1660 2982,1657 3036,1654 3091,1651"/>
                <TextEquiv>
                    <Unicode>I. österr. behördl. konz. Unternehmen für Zeitungs-Ausschnitte</Unicode>
                </TextEquiv>
            </TextLine>
            <TextLine id="r2l5" custom="readingOrder {index:4;}">
                <Coords points="2190,1766 2483,1744 2622,1760 2655,1740 2709,1762 2849,1727 2912,1751 2913,1688 2568,1702 2480,1682 2342,1718 2187,1701"/>
                <Baseline points="2198,1756 2233,1754 2268,1752 2304,1751 2339,1750 2375,1748 2410,1747 2445,1746 2481,1744 2516,1743 2552,1742 2587,1740 2622,1739 2658,1737 2693,1736 2729,1734 2764,1732 2799,1731 2835,1729 2870,1726 2906,1724"/>
                <TextEquiv>
                    <Unicode>Wien, I., Concordiaplatz 4.</Unicode>
                </TextEquiv>
            </TextLine>
            <TextLine id="r2l6" custom="readingOrder {index:5;}">
                <Coords points="2412,1813 2460,1818 2484,1808 2499,1822 2542,1803 2629,1815 2738,1796 2737,1769 2695,1754 2575,1769 2533,1752 2488,1773 2437,1766 2411,1775"/>
                <Baseline points="2420,1800 2445,1800 2471,1799 2497,1799 2523,1798 2548,1797 2574,1796 2600,1796 2626,1794 2651,1794 2677,1793 2703,1793 2729,1793"/>
                <TextEquiv>
                    <Unicode>Vertretungen.</Unicode>
                </TextEquiv>
            </TextLine>
            <TextLine id="r2l7" custom="readingOrder {index:6;}">
                <Coords points="2016,1881 3108,1832 3106,1794 2954,1777 2739,1817 2013,1821"/>
                <Baseline points="2024,1870 2077,1868 2131,1866 2185,1864 2239,1861 2292,1858 2346,1856 2400,1853 2454,1851 2507,1848 2561,1846 2615,1843 2669,1841 2722,1838 2776,1836 2830,1834 2884,1831 2937,1828 2991,1827 3045,1824 3099,1822"/>
                <TextEquiv>
                    <Unicode>in Berlin, Budapest, Chicago, Christiania, Genf, Kopenhagen,</Unicode>
                </TextEquiv>
            </TextLine>
            <TextLine id="r2l8" custom="readingOrder {index:7;}">
                <Coords points="2012,1906 2151,1929 3110,1871 3108,1837 3003,1830 2011,1882"/>
                <Baseline points="2021,1908 2075,1907 2129,1904 2183,1902 2237,1900 2291,1898 2345,1895 2399,1893 2453,1890 2507,1887 2561,1885 2615,1882 2669,1879 2723,1877 2777,1875 2831,1872 2885,1869 2939,1867 2993,1865 3047,1863 3101,1861"/>
                <TextEquiv>
                    <Unicode>London, Madrid, Mailand, Minneapolis, New-Vork, Paris, Rom,</Unicode>
                </TextEquiv>
            </TextLine>
            <TextLine id="r2l9" custom="readingOrder {index:8;}">
                <Coords points="2174,1943 2271,1961 2456,1924 2625,1940 2825,1918 2882,1943 2931,1919 2930,1878 2173,1913"/>
                <Baseline points="2181,1939 2218,1937 2255,1936 2292,1934 2329,1932 2366,1931 2403,1929 2440,1927 2477,1925 2514,1924 2552,1922 2589,1921 2626,1919 2663,1918 2700,1917 2737,1915 2774,1914 2811,1913 2848,1913 2885,1912 2923,1911"/>
                <TextEquiv>
                    <Unicode>San Francisco, Stockholm, St. Petersburg.</Unicode>
                </TextEquiv>
            </TextLine>
            <TextLine id="r2l10" custom="readingOrder {index:9;}">
                <Coords points="2348,1977 2423,1968 2488,1993 2567,1962 2647,1980 2670,1958 2767,1970 2765,1928 2685,1919 2631,1939 2555,1930 2347,1945"/>
                <Baseline points="2356,1970 2381,1968 2406,1966 2431,1965 2456,1963 2481,1962 2507,1961 2532,1960 2557,1959 2582,1957 2607,1957 2633,1956 2658,1955 2683,1954 2708,1954 2733,1954 2759,1954"/>
                <TextEquiv>
                    <Unicode>(Quellenangabe ohne Gewähr.)</Unicode>
                </TextEquiv>
            </TextLine>
            <TextLine id="r2l11" custom="readingOrder {index:10;}">
                <Coords points="2019,2089 2084,2086 2102,2103 2136,2087 2249,2079 2377,2095 2423,2084 2421,2025 2397,2017 2353,2033 2315,2017 2263,2034 2230,2022 2107,2048 2057,2022 2017,2039"/>
                <Baseline points="2027,2082 2052,2081 2078,2081 2104,2079 2130,2078 2156,2077 2182,2075 2208,2074 2233,2073 2259,2072 2285,2071 2311,2071 2337,2071 2363,2072 2389,2073 2415,2076"/>
                <TextEquiv>
                    <Unicode>Ausschnitt aus:</Unicode>
                </TextEquiv>
            </TextLine>
            <TextLine id="r2l12" custom="readingOrder {index:11;}">
                <Coords points="2426,2108 2529,2134 2598,2105 2775,2116 2823,2093 2936,2119 3170,2068 3168,2014 3080,2032 2997,2002 2960,2039 2867,2007 2734,2052 2651,2020 2620,2044 2558,2020 2424,2049"/>
                <Baseline points="2434,2093 2470,2097 2506,2099 2543,2101 2579,2101 2616,2101 2652,2100 2688,2099 2725,2097 2761,2095 2798,2091 2834,2089 2870,2087 2907,2084 2943,2081 2980,2079 3016,2077 3052,2076 3089,2076 3125,2076 3162,2077"/>
                <TextEquiv>
                    <Unicode>Haole unge kuwo</Unicode>
                </TextEquiv>
            </TextLine>
            <TextLine id="r2l13" custom="readingOrder {index:12;}">
                <Coords points="2024,2184 2040,2181 2048,2189 2073,2193 2081,2187 2093,2191 2103,2186 2174,2186 2173,2150 2160,2145 2128,2154 2120,2147 2083,2146 2051,2133 2040,2138 2023,2131"/>
                <Baseline points="2032,2183 2058,2182 2085,2182 2112,2183 2139,2182 2166,2178"/>
                <TextEquiv>
                    <Unicode>vom:</Unicode>
                </TextEquiv>
            </TextLine>
            <TextLine id="r2l14" custom="readingOrder {index:13;}">
                <Coords points="2169,2217 2278,2224 2358,2210 2414,2221 2442,2210 2472,2227 2536,2207 2557,2215 2572,2212 2571,2156 2504,2129 2356,2128 2287,2174 2239,2160 2205,2176 2168,2168"/>
                <Baseline points="2177,2206 2202,2203 2228,2201 2254,2200 2279,2200 2305,2200 2331,2201 2357,2202 2382,2202 2408,2203 2434,2203 2460,2203 2485,2202 2511,2200 2537,2197 2563,2194"/>
                <TextEquiv>
                    <Unicode>B</Unicode>
                </TextEquiv>
            </TextLine>
            <TextLine id="r2l15" custom="readingOrder {index:14;}">
                <Coords points="2707,2245 2739,2233 2760,2240 2779,2229 2793,2233 2807,2221 2879,2238 2921,2223 2956,2235 2951,2166 2891,2173 2855,2145 2823,2170 2780,2150 2755,2162 2740,2153 2702,2165"/>
                <Baseline points="2715,2232 2740,2227 2766,2223 2792,2220 2818,2217 2843,2214 2869,2214 2895,2214 2921,2215 2947,2217"/>
                <TextEquiv>
                    <Unicode>Mohn</Unicode>
                </TextEquiv>
            </TextLine>
            <TextLine id="r2l16" custom="readingOrder {index:15;}">
                <Coords points="2504,2358 2556,2386 2608,2370 2620,2379 2637,2371 2684,2382 2764,2351 2764,2317 2743,2319 2726,2306 2682,2321 2632,2301 2608,2314 2566,2309 2504,2339"/>
                <Baseline points="2512,2359 2539,2362 2566,2364 2593,2364 2620,2364 2647,2363 2674,2362 2701,2362 2728,2360 2756,2359"/>
                <TextEquiv>
                    <Unicode>Theater.</Unicode>
                </TextEquiv>
            </TextLine>
            <TextLine id="r2l17" custom="readingOrder {index:16;}">
                <Coords points="2159,2427 3222,2403 3220,2354 3128,2337 2574,2398 2499,2370 2158,2393"/>
                <Baseline points="2167,2430 2219,2428 2271,2426 2323,2424 2376,2422 2428,2420 2480,2419 2533,2417 2585,2415 2637,2414 2690,2413 2742,2411 2794,2409 2846,2408 2899,2406 2951,2404 3003,2402 3056,2400 3108,2397 3160,2394 3213,2391"/>
                <TextEquiv>
                    <Unicode>Im Lessing=Theuter gelangte gestern „Der Rus des</Unicode>
                </TextEquiv>
            </TextLine>
            <TextLine id="r2l18" custom="readingOrder {index:17;}">
                <Coords points="2030,2478 3218,2443 3216,2401 3168,2393 2029,2438"/>
                <Baseline points="2038,2468 2096,2468 2155,2467 2213,2467 2272,2466 2331,2464 2389,2463 2448,2461 2506,2459 2565,2457 2624,2456 2682,2454 2741,2451 2799,2450 2858,2447 2917,2445 2975,2443 3034,2441 3092,2438 3151,2437 3210,2435"/>
                <TextEquiv>
                    <Unicode>Lebent“ Schauspiel in drei Akten von Artur Schnitzler,</Unicode>
                </TextEquiv>
            </TextLine>
            <TextLine id="r2l19" custom="readingOrder {index:18;}">
                <Coords points="2042,2516 3117,2482 3093,2438 2041,2480"/>
                <Baseline points="2049,2513 2104,2510 2160,2508 2216,2506 2271,2504 2327,2502 2383,2501 2439,2499 2494,2497 2550,2496 2606,2494 2662,2493 2717,2491 2773,2490 2829,2488 2885,2486 2940,2484 2996,2482 3052,2480 3108,2477"/>
                <TextEquiv>
                    <Unicode>zur Erstaufführung und wuebe, trotzdem die ganze Verrr</Unicode>
                </TextEquiv>
            </TextLine>
            <TextLine id="r2l20" custom="readingOrder {index:19;}">
                <Coords points="2045,2547 3100,2529 3098,2480 2045,2520"/>
                <Baseline points="2053,2552 2107,2550 2162,2548 2217,2546 2271,2544 2326,2541 2381,2540 2435,2538 2490,2536 2545,2535 2599,2533 2654,2532 2709,2530 2763,2529 2818,2526 2873,2525 2927,2523 2982,2521 3037,2520 3092,2518"/>
                <TextEquiv>
                    <Unicode>Freundschaft des Antors erschtenen war, nach dem letzte</Unicode>
                </TextEquiv>
            </TextLine>
            <TextLine id="r2l21" custom="readingOrder {index:20;}">
                <Coords points="2043,2598 3052,2569 3097,2560 3096,2526 2041,2547"/>
                <Baseline points="2051,2589 2102,2588 2154,2586 2206,2585 2258,2583 2310,2582 2362,2580 2414,2578 2466,2577 2518,2575 2570,2573 2621,2571 2673,2570 2725,2568 2777,2566 2829,2565 2881,2563 2933,2562 2985,2560 3037,2559 3089,2557"/>
                <TextEquiv>
                    <Unicode>entschieden abgelehnt. Auch nach den beiden anderen</Unicode>
                </TextEquiv>
            </TextLine>
            <TextLine id="r2l22" custom="readingOrder {index:21;}">
                <Coords points="2048,2636 3100,2607 3099,2561 2046,2598"/>
                <Baseline points="2056,2628 2107,2627 2159,2625 2211,2624 2263,2621 2315,2620 2366,2618 2418,2616 2470,2614 2522,2612 2574,2610 2625,2608 2677,2606 2729,2605 2781,2603 2833,2602 2884,2600 2936,2599 2988,2599 3040,2598 3092,2598"/>
                <TextEquiv>
                    <Unicode>kämpfte hefiiges Zischen mit dem von Caque und Freund</Unicode>
                </TextEquiv>
            </TextLine>
            <TextLine id="r2l23" custom="readingOrder {index:22;}">
                <Coords points="2052,2668 3026,2653 3117,2643 3116,2601 2051,2634"/>
                <Baseline points="2060,2665 2112,2665 2164,2664 2217,2663 2269,2662 2322,2661 2374,2660 2427,2659 2479,2656 2532,2655 2584,2653 2636,2652 2689,2649 2741,2648 2794,2646 2846,2644 2899,2643 2951,2641 3004,2640 3056,2638 3109,2637"/>
                <TextEquiv>
                    <Unicode>künstlich gemachten Applaus. Schnitle;, dessen Begabun</Unicode>
                </TextEquiv>
            </TextLine>
            <TextLine id="r2l24" custom="readingOrder {index:23;}">
                <Coords points="2056,2716 3003,2691 3121,2677 3122,2646 2054,2672"/>
                <Baseline points="2063,2703 2115,2703 2168,2703 2220,2703 2273,2702 2325,2701 2378,2699 2430,2698 2483,2696 2535,2694 2588,2691 2641,2689 2693,2688 2746,2685 2798,2684 2851,2682 2903,2680 2956,2678 3008,2677 3061,2676 3114,2676"/>
                <TextEquiv>
                    <Unicode>stark überschätzt wurde und der mit Vorliebe in „er##</Unicode>
                </TextEquiv>
            </TextLine>
            <TextLine id="r2l25" custom="readingOrder {index:24;}">
                <Coords points="2050,2748 3054,2728 3113,2715 3112,2679 2049,2715"/>
                <Baseline points="2057,2743 2109,2742 2161,2741 2214,2740 2266,2739 2319,2738 2371,2737 2423,2735 2476,2733 2528,2732 2581,2731 2633,2729 2685,2727 2738,2725 2790,2724 2843,2721 2895,2720 2947,2718 3000,2716 3052,2714 3105,2712"/>
                <TextEquiv>
                    <Unicode>Stossen arbeitel“, hat in seinem neuesten Werke dasselbe</Unicode>
                </TextEquiv>
            </TextLine>
            <TextLine id="r2l26" custom="readingOrder {index:25;}">
                <Coords points="2981,2773 3009,2755 3046,2760 3087,2750 3102,2761 3141,2761 3153,2749 3161,2757 3190,2749 3213,2760 3241,2749 3238,2701 3158,2722 3121,2710 3082,2727 2977,2720"/>
                <Baseline points="2987,2757 3014,2756 3041,2755 3069,2753 3096,2751 3123,2749 3151,2747 3178,2745 3205,2744 3233,2743"/>
                <TextEquiv>
                    <Unicode>spiel: Es lebe</Unicode>
                </TextEquiv>
            </TextLine>
            <TextLine id="r2l27" custom="readingOrder {index:26;}">
                <Coords points="2050,2794 2914,2773 2912,2726 2846,2718 2049,2747"/>
                <Baseline points="2058,2784 2100,2782 2142,2781 2185,2779 2227,2778 2270,2777 2312,2776 2354,2775 2397,2774 2439,2773 2482,2772 2524,2771 2566,2770 2609,2769 2651,2768 2694,2767 2736,2765 2778,2764 2821,2763 2863,2761 2906,2759"/>
                <TextEquiv>
                    <Unicode>blem behandelt wie Sudermann in seinem Se</Unicode>
                </TextEquiv>
            </TextLine>
            <TextLine id="r2l28" custom="readingOrder {index:27;}">
                <Coords points="2051,2827 3017,2812 3263,2788 3262,2745 2050,2795"/>
                <Baseline points="2059,2824 2118,2822 2178,2820 2238,2818 2298,2816 2358,2814 2417,2812 2477,2811 2537,2810 2597,2808 2657,2806 2716,2805 2776,2803 2836,2801 2896,2799 2956,2797 3015,2795 3075,2792 3135,2789 3195,2786 3255,2782"/>
                <TextEquiv>
                    <Unicode>das Leben! Das Leben ist nach Schnitzler das höchste aller</Unicode>
                </TextEquiv>
            </TextLine>
            <TextLine id="r2l29" custom="readingOrder {index:28;}">
                <Coords points="2978,2839 3031,2845 3144,2829 3223,2837 3240,2820 3260,2832 3274,2828 3273,2791 3242,2787 3221,2797 3192,2785 3138,2801 3120,2789 3087,2802 3075,2794 3066,2804 3027,2801 3017,2813 2993,2793 2975,2794"/>
                <Baseline points="2986,2836 3011,2835 3037,2834 3062,2832 3088,2830 3113,2829 3139,2827 3164,2825 3190,2824 3215,2824 3241,2824 3267,2825"/>
                <TextEquiv>
                    <Unicode> und darüm</Unicode>
                </TextEquiv>
            </TextLine>
            <TextLine id="r2l30" custom="readingOrder {index:29;}">
                <Coords points="2048,2855 2296,2878 2795,2840 2866,2863 2853,2801 2048,2839"/>
                <Baseline points="2057,2867 2097,2864 2137,2862 2177,2860 2217,2858 2257,2857 2297,2855 2337,2854 2377,2852 2417,2851 2457,2850 2497,2849 2537,2848 2577,2847 2617,2847 2657,2846 2697,2844 2737,2843 2777,2842 2817,2841 2858,2840"/>
                <TextEquiv>
                    <Unicode>Güter; deshalb folgt Marie dem Rufe des</Unicode>
                </TextEquiv>
            </TextLine>
            <TextLine id="r2l31" custom="readingOrder {index:30;}">
                <Coords points="2057,2899 3251,2867 3249,2818 2291,2879 2056,2853"/>
                <Baseline points="2065,2903 2123,2902 2182,2900 2241,2899 2300,2897 2359,2895 2418,2893 2477,2891 2536,2890 2595,2888 2654,2886 2712,2884 2771,2882 2830,2880 2889,2878 2948,2876 3007,2874 3066,2871 3125,2869 3184,2866 3243,2863"/>
                <TextEquiv>
                    <Unicode>wird auch den blauen Kürassieren das Sterben so schwer.</Unicode>
                </TextEquiv>
            </TextLine>
            <TextLine id="r2l32" custom="readingOrder {index:31;}">
                <Coords points="2053,2940 3160,2920 3256,2898 3255,2866 2052,2910"/>
                <Baseline points="2061,2944 2120,2940 2179,2938 2238,2936 2298,2934 2357,2932 2416,2931 2476,2929 2535,2928 2594,2927 2654,2926 2713,2924 2772,2923 2831,2921 2891,2919 2950,2916 3009,2914 3069,2911 3128,2908 3187,2904 3247,2900"/>
                <TextEquiv>
                    <Unicode>Denn die Offiziere — die Handlung spielt in Wien um die</Unicode>
                </TextEquiv>
            </TextLine>
            <TextLine id="r2l33" custom="readingOrder {index:32;}">
                <Coords points="2054,2980 3160,2965 3260,2954 3258,2898 2052,2948"/>
                <Baseline points="2061,2982 2120,2980 2180,2978 2239,2976 2299,2974 2358,2972 2418,2970 2477,2968 2537,2967 2596,2965 2656,2963 2716,2961 2775,2959 2835,2957 2894,2955 2954,2953 3013,2951 3073,2948 3132,2945 3192,2943 3252,2940"/>
                <TextEquiv>
                    <Unicode>Mitte des vergangenen Jahrhunderts — haben, um eine alte</Unicode>
                </TextEquiv>
            </TextLine>
            <TextLine id="r2l34" custom="readingOrder {index:33;}">
                <Coords points="2058,3035 3307,2977 3201,2944 2056,2982"/>
                <Baseline points="2065,3023 2126,3021 2188,3020 2250,3017 2311,3016 2373,3014 2435,3011 2496,3009 2558,3007 2620,3004 2682,3002 2743,2999 2805,2997 2867,2994 2928,2991 2990,2989 3052,2987 3113,2984 3175,2982 3237,2979 3299,2976"/>
                <TextEquiv>
                    <Unicode>Schmach ihres Kürassierregimentes mit ihrem Blute zu til¬</Unicode>
                </TextEquiv>
            </TextLine>
            <TextLine id="r2l35" custom="readingOrder {index:34;}">
                <Coords points="2055,3064 3276,3017 3196,2981 2054,3028"/>
                <Baseline points="2063,3059 2123,3058 2183,3056 2243,3055 2303,3053 2364,3051 2424,3048 2484,3046 2544,3044 2604,3042 2665,3039 2725,3037 2785,3035 2845,3033 2905,3031 2966,3028 3026,3026 3086,3024 3146,3022 3206,3021 3267,3019"/>
                <TextEquiv>
                    <Unicode>gen, den Eid geschworen, in der nächsten Schlacht alle bis</Unicode>
                </TextEquiv>
            </TextLine>
            <TextLine id="r2l36" custom="readingOrder {index:35;}">
                <Coords points="2063,3089 3259,3064 3257,3027 3177,3022 2062,3068"/>
                <Baseline points="2071,3097 2133,3095 2195,3093 2257,3092 2319,3090 2381,3088 2443,3087 2505,3085 2567,3083 2629,3081 2691,3079 2753,3076 2815,3074 2877,3072 2939,3069 3001,3066 3063,3063 3125,3060 3187,3056 3250,3052"/>
                <TextEquiv>
                    <Unicode>auf den letzten Reiter in den Tod zu gehen. Um diesen Eut¬</Unicode>
                </TextEquiv>
            </TextLine>
            <TextLine id="r2l37" custom="readingOrder {index:36;}">
                <Coords points="2059,3150 3164,3116 3264,3067 2057,3099"/>
                <Baseline points="2067,3140 2126,3138 2186,3136 2245,3134 2305,3132 2364,3130 2424,3129 2483,3126 2543,3124 2602,3122 2662,3120 2721,3118 2781,3116 2840,3113 2900,3111 2959,3108 3019,3105 3078,3102 3138,3099 3197,3096 3257,3092"/>
                <TextEquiv>
                    <Unicode>schluß dreht sich die ganze Handlung, die in drei unseglicht</Unicode>
                </TextEquiv>
            </TextLine>
            <TextLine id="r2l38" custom="readingOrder {index:37;}">
                <Coords points="2066,3179 3193,3146 3276,3130 3275,3091 2064,3147"/>
                <Baseline points="2073,3179 2132,3177 2192,3175 2252,3173 2312,3171 2371,3169 2431,3167 2491,3165 2551,3163 2610,3161 2670,3159 2730,3158 2790,3155 2849,3153 2909,3150 2969,3148 3029,3145 3088,3143 3148,3140 3208,3137 3268,3134"/>
                <TextEquiv>
                    <Unicode>langweiligen Akten auseinandergezerrt ist und sich aus lauter</Unicode>
                </TextEquiv>
            </TextLine>
            <TextLine id="r2l39" custom="readingOrder {index:38;}">
                <Coords points="2066,3213 3271,3177 3261,3136 2065,3181"/>
                <Baseline points="2074,3219 2133,3217 2192,3214 2252,3212 2311,3210 2371,3207 2430,3205 2489,3203 2549,3201 2608,3199 2668,3197 2727,3195 2786,3193 2846,3191 2905,3189 2965,3187 3024,3184 3083,3182 3143,3180 3202,3177 3262,3175"/>
                <TextEquiv>
                    <Unicode>Unwayrscheinlichkeiten zusammensetzt. Judem enthält das Stück</Unicode>
                </TextEquiv>
            </TextLine>
            <TextLine id="r2l40" custom="readingOrder {index:39;}">
                <Coords points="2068,3261 3178,3231 3259,3183 2066,3212"/>
                <Baseline points="2076,3258 2134,3256 2193,3254 2252,3252 2311,3250 2370,3248 2428,3246 2487,3243 2546,3241 2605,3238 2664,3237 2722,3234 2781,3231 2840,3229 2899,3227 2958,3224 3016,3222 3075,3220 3134,3217 3193,3215 3252,3213"/>
                <TextEquiv>
                    <Unicode>nicht eine einzige sympathische Persönlichkeit: die beiden Mäd¬</Unicode>
                </TextEquiv>
            </TextLine>
            <TextLine id="r2l41" custom="readingOrder {index:40;}">
                <Coords points="2073,3295 3265,3256 3217,3219 2071,3263"/>
                <Baseline points="2080,3298 2138,3296 2197,3293 2256,3291 2315,3289 2374,3287 2432,3285 2491,3283 2550,3281 2609,3280 2668,3277 2726,3276 2785,3274 2844,3271 2903,3268 2962,3266 3020,3263 3079,3260 3138,3257 3197,3254 3256,3250"/>
                <TextEquiv>
                    <Unicode>chen, die durch ihre Zörtlichkeiten zwei Kürgssieroffizieren die</Unicode>
                </TextEquiv>
            </TextLine>
            <TextLine id="r2l42" custom="readingOrder {index:41;}">
                <Coords points="2071,3336 3097,3314 3095,3269 3060,3266 2070,3299"/>
                <Baseline points="2079,3335 2129,3333 2179,3332 2230,3330 2280,3329 2331,3327 2381,3326 2432,3324 2482,3322 2533,3321 2583,3319 2633,3317 2684,3315 2734,3314 2785,3311 2835,3310 2886,3307 2936,3306 2987,3303 3037,3301 3088,3298"/>
                <TextEquiv>
                    <Unicode>letzten Stunden versüßen, sowie die ehebrecherische Ga</Unicode>
                </TextEquiv>
            </TextLine>
            <TextLine id="r2l43" custom="readingOrder {index:42;}">
                <Coords points="2065,3365 2461,3385 3041,3353 3039,3297 2064,3341"/>
                <Baseline points="2073,3375 2121,3374 2169,3372 2217,3371 2265,3369 2313,3368 2361,3366 2409,3365 2457,3363 2505,3362 2553,3360 2601,3358 2649,3356 2697,3354 2745,3352 2793,3350 2841,3348 2889,3346 2937,3344 2985,3342 3033,3339"/>
                <TextEquiv>
                    <Unicode>Obersten, sind nymyhomanisch veranlagt, und das Of</Unicode>
                </TextEquiv>
            </TextLine>
            <TextLine id="r2l44" custom="readingOrder {index:43;}">
                <Coords points="2074,3416 2743,3405 2856,3373 2956,3402 3042,3383 3041,3350 2072,3379"/>
                <Baseline points="2081,3416 2128,3414 2176,3412 2223,3411 2271,3409 2319,3407 2366,3406 2414,3405 2462,3403 2509,3402 2557,3400 2605,3398 2652,3397 2700,3395 2748,3393 2795,3391 2843,3389 2891,3388 2938,3385 2986,3382 3034,3380"/>
                <TextEquiv>
                    <Unicode>scheint, wenigstens nach den drei uns vorgeführ</Unicode>
                </TextEquiv>
            </TextLine>
            <TextLine id="r2l45" custom="readingOrder {index:44;}">
                <Coords points="2074,3462 3037,3432 3051,3385 2072,3417"/>
                <Baseline points="2081,3455 2129,3453 2177,3452 2225,3450 2273,3448 2321,3446 2369,3444 2418,3442 2466,3440 2514,3438 2562,3436 2610,3434 2658,3432 2706,3430 2755,3428 2803,3427 2851,3425 2899,3424 2947,3423 2995,3422 3044,3421"/>
                <TextEquiv>
                    <Unicode>plaren zu schließen, nur aus Lumpen und Schuft</Unicode>
                </TextEquiv>
            </TextLine>
            <TextLine id="r2l46" custom="readingOrder {index:45;}">
                <Coords points="3227,3455 3235,3454 3240,3456 3257,3443 3263,3446 3271,3446 3268,3387 3260,3387 3256,3392 3251,3392 3238,3383 3223,3382"/>
                <Baseline points="3234,3448 3264,3447"/>
                <TextEquiv>
                    <Unicode></Unicode>
                </TextEquiv>
            </TextLine>
            <TextLine id="r2l47" custom="readingOrder {index:46;}">
                <Coords points="2071,3497 3052,3471 3094,3465 3093,3434 2069,3457"/>
                <Baseline points="2079,3490 2129,3489 2179,3488 2230,3487 2280,3485 2330,3483 2381,3482 2431,3480 2481,3478 2532,3477 2582,3475 2632,3473 2683,3471 2733,3469 2783,3467 2834,3466 2884,3464 2934,3462 2985,3460 3035,3458 3086,3457"/>
                <TextEquiv>
                    <Unicode>stehen, die sicher nicht in den gewissen Tod gehen</Unicode>
                </TextEquiv>
            </TextLine>
            <TextLine id="r2l48" custom="readingOrder {index:47;}">
                <Coords points="2069,3539 3264,3504 3252,3445 2068,3501"/>
                <Baseline points="2076,3528 2135,3528 2194,3527 2253,3526 2312,3526 2371,3524 2430,3523 2489,3521 2548,3519 2607,3517 2666,3516 2725,3513 2784,3511 2843,3508 2902,3506 2961,3502 3020,3499 3079,3497 3138,3493 3197,3490 3256,3487"/>
                <TextEquiv>
                    <Unicode>Wir kommen auf dieses künstlerisch total mißlungene und</Unicode>
                </TextEquiv>
            </TextLine>
            <TextLine id="r2l49" custom="readingOrder {index:48;}">
                <Coords points="2062,3597 2814,3582 3116,3533 3262,3567 3273,3502 2059,3529"/>
                <Baseline points="2068,3569 2127,3567 2187,3566 2247,3564 2307,3563 2367,3561 2427,3560 2486,3559 2546,3558 2606,3556 2666,3555 2726,3553 2786,3551 2846,3548 2905,3546 2965,3544 3025,3541 3085,3537 3145,3534 3205,3530 3265,3525"/>
                <TextEquiv>
                    <Unicode>moralisch direkt anwidernde Drama noch eingehend zurück.</Unicode>
                </TextEquiv>
            </TextLine>
            <TextLine id="r2l50" custom="readingOrder {index:49;}">
                <Coords points="3091,3576 3110,3570 3130,3581 3150,3573 3165,3585 3215,3580 3238,3594 3279,3599 3282,3560 3249,3566 3197,3535 3172,3540 3155,3535 3137,3543 3122,3534 3096,3539"/>
                <Baseline points="3100,3571 3128,3569 3157,3570 3186,3574 3214,3579 3243,3584 3272,3589"/>
                <TextEquiv>
                    <Unicode>Stege</Unicode>
                </TextEquiv>
            </TextLine>
            <TextLine id="r2l51" custom="readingOrder {index:50;}">
                <Coords points="2193,3678 2218,3670 2281,3670 2291,3680 2339,3678 2339,3600 2321,3596 2294,3606 2275,3603 2265,3608 2255,3604 2251,3608 2244,3601 2230,3601 2220,3608 2193,3603"/>
                <Baseline points="2201,3649 2227,3648 2253,3648 2279,3648 2305,3649 2331,3648"/>
                <TextEquiv>
                    <Unicode></Unicode>
                </TextEquiv>
            </TextLine>
            <TextEquiv>
                <Unicode> Telephon 12801.
D#
„UBSERVER
I. österr. behördl. konz. Unternehmen für Zeitungs-Ausschnitte
Wien, I., Concordiaplatz 4.
Vertretungen.
in Berlin, Budapest, Chicago, Christiania, Genf, Kopenhagen,
London, Madrid, Mailand, Minneapolis, New-Vork, Paris, Rom,
San Francisco, Stockholm, St. Petersburg.
(Quellenangabe ohne Gewähr.)
Ausschnitt aus:
Haole unge kuwo
vom:
B
Mohn
Theater.
Im Lessing=Theuter gelangte gestern „Der Rus des
Lebent“ Schauspiel in drei Akten von Artur Schnitzler,
zur Erstaufführung und wuebe, trotzdem die ganze Verrr
Freundschaft des Antors erschtenen war, nach dem letzte
entschieden abgelehnt. Auch nach den beiden anderen
kämpfte hefiiges Zischen mit dem von Caque und Freund
künstlich gemachten Applaus. Schnitle;, dessen Begabun
stark überschätzt wurde und der mit Vorliebe in „er##
Stossen arbeitel“, hat in seinem neuesten Werke dasselbe
spiel: Es lebe
blem behandelt wie Sudermann in seinem Se
das Leben! Das Leben ist nach Schnitzler das höchste aller
 und darüm
Güter; deshalb folgt Marie dem Rufe des
wird auch den blauen Kürassieren das Sterben so schwer.
Denn die Offiziere — die Handlung spielt in Wien um die
Mitte des vergangenen Jahrhunderts — haben, um eine alte
Schmach ihres Kürassierregimentes mit ihrem Blute zu til¬
gen, den Eid geschworen, in der nächsten Schlacht alle bis
auf den letzten Reiter in den Tod zu gehen. Um diesen Eut¬
schluß dreht sich die ganze Handlung, die in drei unseglicht
langweiligen Akten auseinandergezerrt ist und sich aus lauter
Unwayrscheinlichkeiten zusammensetzt. Judem enthält das Stück
nicht eine einzige sympathische Persönlichkeit: die beiden Mäd¬
chen, die durch ihre Zörtlichkeiten zwei Kürgssieroffizieren die
letzten Stunden versüßen, sowie die ehebrecherische Ga
Obersten, sind nymyhomanisch veranlagt, und das Of
scheint, wenigstens nach den drei uns vorgeführ
plaren zu schließen, nur aus Lumpen und Schuft

stehen, die sicher nicht in den gewissen Tod gehen
Wir kommen auf dieses künstlerisch total mißlungene und
moralisch direkt anwidernde Drama noch eingehend zurück.
Stege
</Unicode>
            </TextEquiv>
        </TextRegion>
        <TextRegion orientation="0.0" id="r3" custom="readingOrder {index:2;}">
            <Coords points="3270,3198 3270,3366 3356,3366 3356,3198"/>
            <TextLine id="r3l1" custom="readingOrder {index:0;}">
                <Coords points="3265,3334 3281,3333 3305,3312 3321,3319 3337,3310 3342,3302 3365,3304 3355,3258 3344,3261 3319,3252 3314,3258 3296,3258 3291,3265 3269,3256 3260,3267 3251,3269"/>
                <Baseline points="3270,3316 3298,3309 3327,3301 3356,3298"/>
                <TextEquiv>
                    <Unicode></Unicode>
                </TextEquiv>
            </TextLine>
            <TextEquiv>
                <Unicode></Unicode>
            </TextEquiv>
        </TextRegion>
    </Page>
</PcGts>
