3484 4224
392 3933 482 4006 10
1524 176 1994 300 box 24/3
221 188 1383 300 19. Der Ruf des Lebens
1932 865 2038 974 D
1808 1108 2792 1237 WWNWINr
1040 1111 1817 1243 JOVWINN WE
1453 1219 1546 1280 —
2298 1217 2496 1298 S
1679 1220 2020 1359 N
2439 1211 2614 1348 4
2145 1328 2511 1416 Telephon Nr. 3008
1435 1338 1943 1428 Direktion: Adolf Weisse
852 1346 1239 1431 Telephon Nr. 3008
1238 1402 2149 1512 Samstag den 11. Dezember 1909
1368 1510 2008 1597 Anteilscheine: 3. Viertel (blau)
1471 1605 1896 1684 Zum ersten Male:
1020 1668 2341 1846 Der Ruf des Lebens
1145 1812 2242 1912 Schauspiel in drei Aufzügen von Artur Schnitzler.
1444 1885 1931 1972 Spielleiter: Julius Herzka.
2112 1917 2438 2014 Hans Homma
746 1939 1110 2015 Der alte Moser
2120 1990 2514 2053 Käthe Hannemann
747 1985 1211 2071 Marie, seine Tochter
2131 2039 2448 2103 Kathi Thaller
741 2029 1446 2119 Frau Richter, Mosers Schwägerin
2125 2078 2466 2149 Paula Müller
749 2095 1248 2160 Katharina, ihre Tochter
2125 2137 2497 2199 Victor Kutschera
753 2137 1243 2209 Doktor Schindler, Arzt
2124 2175 2465 2258 Anton Edthofer
748 2185 1358 2262 Eduard Rainer, Forstadjunkt
2122 2232 2421 2295 Adolf Weisse
755 2240 1051 2305 Der Oberst
2121 2276 2450 2343 Lili Marberg
747 2297 1157 2357 Irene, seine Frau
2121 2323 2473 2388 Leopold Kramer
752 2336 890 2398 Max
747 2337 1297 2447 Atbrecht junge Offiziere:
2134 2368 2482 2454 Wilhelm Klitsch
2129 2413 2405 2509 Jaro Fürth
752 2412 1243 2512 Sebastian, Unteroffizier
1500 2436 1889 2539 Soldaten, Kinder
923 2510 2453 2598 Das Stück spielt etwa in der Mitte des vorigen Jahrhunderts in Osterreich
880 2577 2489 2645 Der erste und zweite Akt in Wien, der dritte in einem niederösterreichischen Dorf.
1219 2638 2183 2737 Konzert im Fover:
1540 2711 1908 2775 (Anfang ½7 Uhr.)
1770 2739 2639 2841 „Hofballtänze“, Walzer von Johann Strauß.
754 2736 1655 2833 1. Ouverture zur Oper „Martha“ von Flotow.
1421 2792 2002 2881 3. „Romanze“ von Karl Hieß.
1551 2849 1849 2922 In der Pause:
919 2888 2503 2962 1. Neapolitanische Serenade von Burgmain — 2. Moment musieal von Schubert.
917 2955 2475 3025 Nach dem 2. Fallen des eisernen Vorhanges eine Pause von 10 Minnten.
757 3026 2639 3101 Die Saaltüren werden knapp vor Beginn des ersten Aktes geschlossen Die verspätet Eintressenden
1015 3087 2233 3148 können den Zuschauerraum erst nach Schluß des ersten Aktes betreten.
780 3139 2611 3218 Operngläser gegen Leihgebühr von 40 h für das Stück bei den Platzanweisern und an den Garderoben.
992 3258 2638 3314 den 12. Dezember. Nachm. halb 3 Uhr (Ermäßigte Preise): Die Cameliendame.
753 3251 957 3328 Sonntag
1134 3305 2247 3346 Abends halb 8 Uhr: Der Ruf des Lebens. 4. V. d. A. (rot).
993 3312 2638 3398 den 13. Dezember. (Ermäß. Preise.) Der Kaufmann von Venedig. 1. V. (grün).
761 3321 946 3397 Montag
998 3373 2028 3427 den 14. Dezember. Der große Name. 2. V. d. A. (gelb).
756 3385 956 3433 Dienstag
1007 3397 2644 3496 den 15. Dezember Nachm. halb 3 Uhr (Ermäßigte Preise). Kindervorst=lung. Hauserl.
749 3423 964 3495 Mittwoch
1138 3463 2266 3531 Abends halb 8 Uhr: Der Ruf des Lebens. 3. V. d A. (blau,
1012 3493 2169 3551 den 16. Dezember. Der Arzt am Scheideweg. 4. V. d. A. (rot).
750 3468 992 3557 Donnerstag
1016 3534 2102 3576 den 17. Dezember. Der Ruf des Lebens. 1. V. d. A. (grün).
757 3540 930 3589 Freitag
757 3571 2641 3647 Samstag den 18. Dezember. Nachm halb 3 Uhr (Ermäßigte Preise): Kindervorstellung. Hanserl.
816 3681 2551 3769 Kassen-Eröffnung ¼7 Uhr. Anfang 7 Uhr. Ende vor ½10 Uhr.
2009 3759 2827 3884 EEEEEEEEEEEE
606 3755 1992 3876 NEESEEEEEEEEEEE
