3484 4352
291 210 2077 301 19. Der Ruf des Lebens box 24/4
1818 1259 2674 1331 8t. Setostaord. Am Speicher eines Haufes &
527 1269 1778 1353 22,419,800 Dz. (also das Doppelte von 1911). die Hopfenernte!
531 1301 3396 1407 115,092 Dz. (gegen 47999 im Vorjahr), die Qualität war mit straße erhängte sich am Sonntag frül, wegen Arbeitslosigkeit der Jahren. Seber, der al
526 1441 3413 1498 tion, die sie selbst geschaffen, in die sie sich selbst begeben: daß verlangender Mädchen in den choses d’amour. Hier, wo wir uns lebt. Ueber ihrem hei
1754 1444 3415 1507 im Jahre 1848 befinden, ist es Marie Moser, Tochter des quieszier= brochenen Krieg Kran
529 1469 1765 1530 sie, ohne die Konsequenzen zu bedenken und zu erfassen, eine Toch¬
2980 1481 3409 1548 Schnitzler entläßt un
1758 1487 2981 1546 ten Dragoner=Rirtmeisters Moser, eines bösen, alten, totkranken
522 1510 1763 1556 ter mit reinlichen bürgerlichen Instinkten, den Weg des füßen
2971 1515 3404 1578 schah so viel und doch
1758 1533 2977 1585 Mannes, die enttäuscht werden muß, als sie dem Ruf des Lebens
526 1541 1764 1617 Mädels ging! Daß sie glaubte er, der sie nur nahm, müßte sie
2969 1548 3409 1616 Immer ist die Aneldo
1754 1554 2970 1623 folgen zu sollen glaubt. Ihr Geliebter, Leutnant des nämlichen
526 1574 1760 1644 so grenzenlos gern haben, wie sie ihn, den sie liebte. Ich sehe in
2966 1586 3409 1661 ten das Herz, stets di
1747 1613 2977 1665 Regiments, dem einst ihr Vater angehörte, ist ein Totgeweihter.
521 1601 1758 1693 dem Stück weniger die Tragödie der Liebe, als die Tragödie einer
2971 1635 3382 1689 lieher. Und auch wie
1755 1641 2982 1701 Denn er ist ein blauer Dragoner. Und die blauen Dragoner
523 1647 1761 1723 erotischen Einbildung. Deshalb entläßt mich das Stück trotz eines
2971 1680 3371 1739 das Stück also, trotz
1760 1671 2980 1746 haben sich zugeschworen, daß aus dem Krieg ihrer keiner lebend
520 1686 1764 1765 herben Geschehens unerschüttert. Und wie vor eineinhalb Jahr¬
1760 1721 3399 1779 zurückkehren werde. Sie haben nämlich eine Schande in der Ge=konnte, war nicht Sch
528 1739 1761 1807 zehnten sehe ich heute noch das Beste des Dramas im Milieu:
2969 1757 3390 1820 energisch geführt, gut
1753 1754 2983 1829 schichte ihres Regiments auszuwischen. Und sie wollen dies mit
535 1773 1766 1849 Wien, wie es weint und lacht, das leichtsinnige, verliebte und sen¬
2978 1791 3411 1855 witz als Marie hatt
1762 1799 2988 1857 ihrem Herzblut tun. Sie weihen sich also dem Tod. Sie schwören
523 1817 1760 1894 timentale Wien, in dem ein Mißton doppelt mißtönend und die
1757 1840 3404 1897 sich's zu. Marie aber erfährt von dem Schwur. Und das Selt= ganz große Tragödin
520 1849 1761 1915 Freude und das Drah'n ewig, ewig wienerisch sind. Frl. Rosar
1767 1875 3367 1938 same reißt sie hin. Sie kennt keine Hemmung mehr. Sie folgt“ Vater voll Haß und
536 1900 1759 1968 war als die unglückliche, selbstquälerische Christine von einpräg¬
1758 1908 3241 1979 dem Ruf des Lebens. Ueber die Leiche des Vaters weg eilt sie Schlüssel entr
536 1938 1766 2011 amer, mitreißender Wahrhaftigkeit: den Höhepunkt ihrer Inter¬
2975 1949 3222 2009 unnachahmli
1761 1947 2988 2020 zu dem geliebten Mann dem sie sich bis zur Stunde versagt hatte.
533 1973 1764 2036 pretation erkannte ich nicht in dem lauten Wehschrei des dritten
1759 1998 3213 2054 Sie weiß: es ist ein Glück von Minuten. Aber eben darum tut hang zurück
537 2011 1756 2079 Aktes, sondern in der ahnungsvollen Angst des Mittelaktes, wo
1765 2024 3209 2095 sie es. Denn alle Luft und allen Schmerz sieht sie so in einen die Wollust
532 2054 1765 2119 etwas prachtvoll Verhaltenes in der Ausdeutung der Rolle lag.
1760 2081 3215 2132 Augenblick zusammengepreßt. (Was freilich eigentlich fein= sein, aber e
524 2078 1761 2167 Frl. Ruß gab mit gutem Gelingen das leichtsinnige Gegenstück
1760 2116 3218 2172 schmeckerischer ist, als man so einem Rittmeisterstöchterlein,igels Obers
528 2138 1768 2201 dieser Grüblerin und Schwerfälligen. Die Herren von Duniecki
1770 2158 3239 2218 das jahraus, jahrein die lebensferne Krankenwacht halten muß, zu= Albrecht war
544 2172 1764 2236 und Günther spielten die zugehörigen Männlichkeiten, die
2985 2200 3267 2250 Stahl=Nachbau
1755 2189 3007 2254 trauen kann.) Gleichviel: der Augenblick kommt und findet
544 2197 1771 2278 Thargen waren bei den Herren Jessen und Weydner und bei
2976 2231 3215 2295 Spielmann,
1757 2236 2987 2293 Marie bereit. Aber der Augenblick ist bunter, komplizierter,
520 2250 1330 2324 Frau Glümer vorzüglich aufgehoben.
1769 2278 2995 2328 schauerlicher und erschütternder, als Marie ahnen kann. Denn im
614 2269 1765 2355 Im „Ruf des Lebens“, mit dem die Kammerspiele
1769 2305 2992 2372 Leben ihres Geliebten ist sie nicht die einzige Frau: Ueber eine
520 2330 1764 2408 unter Erich Ziegels Direktion ihre neue Saison begannen, begeg¬
1762 2336 2999 2409 zweite Leiche hinweg muß sie schreiten, ehe sie in des geliebten.
524 2366 1771 2422 nen uns, obschon das Werk elf Jahre nach der „Liebelei“ entstand,
1769 2365 3171 2451 Leutnants Arme schlüpfen kann. Der Schluß sodann ist voll beurlaub
538 2392 1772 2472 ähnliche Züge wie dort. Und da fragt man sich denn unwillkür¬
1765 2423 3112 2488 vita contemplativa-Stimmung. Stille, Stille. Rosen und Gärtlein] Dram
526 2445 1773 2510 lich, ob Schnitzler etwa nach einem feinsinnig variierten „Rezept“.
2978 2462 3067 2535 der
1760 2469 3001 2524 und gute Reden und ein Menschenherz, das nach Frieden ver¬
532 2479 1772 2546 arbeitet. Sollte diesem Begriff etwas Obtrektierliches innewoh¬
537 2544 3000 2602 nen, so müßte ich dagegen protestieren. Schnitzler hat indessen langt. Eine andere junge Frau aber, die Gegenspielerin der
2998 2521 3103 2589 cr. b
541 2582 2990 2639 ganz bestimmten Stil, seine „Handschrift“ wie man bei der Ana= Marie, bricht ihr Leben, schrill lachend, ab: wir buchen die dritte
2988 2576 3104 2634 lung
538 2610 2998 2657 lyse malerischer Kunstwerke saat, und zu diesem Stil gehören ein Leiche, in jedem Akt eine: mehr als die Galerie verlangen kann;
534 2650 3154 2714 mal die dreieckigen Verhältnisse und die Enttäuschungen junger, denn der Kino selbst vermag nicht mehr zu tun ... Marie aber Aussicht
1285 2690 1425 2851 120
3102 2804 3300 2886 Mreren
2686 2813 2821 2892 PTrNf
2021 2828 2188 2903 urch
2799 2756 3096 2907 erremn
1623 2843 2701 2948 S Srnn
563 2865 1522 2972 ummmt Der erste Bück
