3436 4384
280 182 1450 373 19. Der Ruf des Lebens
1582 269 2065 361 box 24/2
1621 1525 3371 1615 daß der Alte auf ewig die Augen zumacht, nicht ohne der Tochterj den unreinen Geist eines
430 1423 1316 1640 Den.= neshalungeliat.
1617 1580 2826 1656 in der vorhergehenden Szene verraten zu haben, daß gerade er es
2822 1609 3375 1669 von dem Standpunkte des
736 1606 1266 1690 Der Ruf des Lebens.
1622 1623 2837 1694 gewesen sei, der vor dreißig Jahren als Rittmeister durch seine
2825 1642 3382 1702 trachtet. Schnitzler, der #
1627 1662 2825 1730 Feigheit die Flucht der blauen Kürassiere. verschuldet habe.
463 1659 1609 1725 Im Lessing=Theater gelangte am vergangenen Sonnabend
2827 1681 3383 1738 zierkorps beleidigenden No##
1623 1684 2832 1773 Jetzt endlich ist Marie frei, und sie stürzt geradewegs in die
380 1708 1144 1780 das dreiaktige Schauspiel von Artbur#
1149 1719 1609 1783 schnitler „Der Ruf des
2831 1712 3369 1784 arztes ehrengerichtlich abges
1610 1744 2822 1812 Kaserne, um sich ihrem Leutnant Max an den Hals zu werfen.
378 1750 1597 1813 Lebens“ zur Erstaufführung. Der MenerSchriftsteller be¬
2834 1765 3376 1821 Fähigkeit, sich in das Empf
1622 1779 2819 1835 Der hat aber schon ein Liebesverhältnis mit der Gattin seines
386 1791 1609 1852 handelt in seinem neuesten Opus das Problem des Lebens
2818 1798 3300 1857 zuversetzen, sonst würde
1614 1805 2822 1892 Obersten und wird gerade von diesem bei dem letzten Rendez¬
387 1830 1603 1897 im Gegensatz zu dem des Todes, d. h. jenes Lebens, das für die
2822 1840 3382 1902 Rocke des Kaisers vorgeführt
1614 1848 2826 1909 vous mit der Ehebrecherin überrascht. Kurzer Hand schießt
380 1855 1610 1924 Betätigung seiner Triebe keine Grenzen kennt, die Sitte und
2820 1873 3372 1931 welcher den Schandfleck de
1610 1890 2826 1964 der Oberst sein Weib nieder und geht dann verächtlich aus
382 1904 1605 1980 Gesetz gezögen haben. Sich ausleben ohne Rücksicht auf die
2816 1911 3380 1988 nimmt, um es in den Unt
1613 1931 2818 2003 dem Zimmer, indem er den Leutnant seiner Reue überläßt.
386 1941 1598 2014 Mitmenschen, das ist die Parole auch der beiden Freundinnen
2821 1951 3377 2010 falls als Held in den Tod
1611 1980 2823 2048 Schon ergreift der die Pistole, um sich eine Kugel durch den
378 1973 1613 2043 Marie und Katharina, die uns der Autor vorführt, und unter
2816 1978 3373 2055 heit doch nur sterben will
1606 2019 2818 2082 Kopf zu jagen, da tritt Marie hinter einem Vorhang hervor
376 2024 1606 2093 Ausleben verstehen sie nichts anderes als den schrankenlosen
2822 2037 3367 2087 mutete Untrege seiner jun
1607 2046 2829 2122 wo sie die ganze furchtbare Szene belauscht hat und bietet sich
379 2062 687 2125 Liebesgenuß.
2815 2077 3364 2134 der seinem von ihm schändlic
1604 2081 2826 2153 ihrem geliebten Max dar, der nicht lange zögert und sie für
2821 2110 3358 2173 todestrotzigen Soldaten vor
464 2102 1602 2183 Die schwindsüchtige Katharina, welche die Hand des Todes
1598 2130 2822 2204 die paar letzten Stunden seines Lebens hinnimmt; rasch hüllt
2811 2137 3312 2210 im Angesichte der wegen
375 2138 1606 2227 schon im Nacken fühlt, taumelt von Mann zu Mann, und ein
1620 2164 2825 2237 er sie in einen weißen Kürassiermantel ein und läuft mit ihr
2816 2175 3368 2249 Frau Oberst ein liebetolle
379 2192 1603 2261 besonders perverses Vergnügen empfindet sie bei dem Schäfer¬
1603 2210 2808 2275 ab. Wie wir dann im letzten Akte erfahren, hat er Marie bei
2826 2235 3330 2290 um rasch vor dem Tode
376 2233 1599 2302 stündchen, mit dem Leutnant von Albrecht bei den blauen
1602 2254 2810 2314 geauendem Morgen verlassen, um in die Kaserne zurückzukeh¬
2815 2267 3312 2328 befriedigen — ja, glaubt
377 2270 1608 2335 Kürassieren, weil sie weiß, daß ihre Zärtlichkeiten die letzten sind,
1605 2276 2809 2340 ren, wo er an der Leiche seiner noch immer in der Stube lie¬
2814 2304 3371 2370 solcher moralischen Verlump
379 2303 1598 2370 die dieser Offizier von einem Weibe genossen. Denn auf An¬
1603 2323 2823 2391 genden Frau Oberst durch Selbstmord endet. Sein Regiment
2811 2342 3353 2407 ten, für die Ehrenrettung
369 2339 1603 2407 regung seines Obersten hat das Offizierkorps der blauen Kü¬
1601 2358 2816 2426 aber hält den Schwur und fällt bis auf den letzten Mann auf dem
2806 2376 3344 2448 zu gehen? Der Autor ist
366 2384 1601 2447 rassiere den feierlichen Eid geleistet, bei dem bevorstehenden
1597 2412 2817 2467 Schlachtfelde. Katharina stirbt auch im letzten Akt und zwar
2807 2415 3360 2482 es war ihm vielmehr nur
381 2424 1608 2500 Feldzuge mit dem ganzen Regimente bis auf den letzten Mann
1595 2447 2803 2505 an ihrer Krankheit; nur Marie, die vor einem freiwilligen
372 2461 1595 2525 in den Tod zu gehen, um eine Schmach zu tilgen, die seiner
2810 2457 3359 2518 Vaterland und Heldentod zu
1592 2481 2804 2551 Ende zurückscheut, lebt ihr freudloses Dasein weiter, wobei es
2801 2483 3346 2568 denen Stellen des Dialogs d
378 2498 1593 2564 Fahne dadurch zugefügt wurde, daß die Oesterreicher vor dreißig
1597 2527 2813 2590 sie am meisten kränkt, daß sie ihrem Leutnant Max nichts
2814 2540 3352 2595 er es mit Religion und Mo
381 2532 1596 2603 Jahren infolge der feigen Flucht dieses Regiments eine Schlacht
1597 2553 2809 2632 weiter gewesen ist, als eine Dirne für eine Nacht! Zum Glück
2800 2571 3375 2638 österreichischen Kavallerieobe
376 2584 1591 2638 verloren. Marie dagegen, des alten Mosers Tochter, führt
1589 2602 2805 2668 aber ist der Doktor wieder da, der fortwährend salbungsvolle
376 2611 1591 2673 bei ihrem schwer kranken, unerträglich zänkischem Vater das
2803 2617 3367 2680 wie: „Es gibt ja auch Len
1604 2639 2801 2700 Reden hält, aber dabei Ansichten zum Besten gibt, die ihn mit
2808 2645 3345 2708 glauben“, oder „geben Sie
377 2647 1589 2722 freudlose Dasein mechanischer, ihr bis in den Tod verhaßter
1589 2669 2805 2746 dem Staatsanwalt in Konflikt bringen müssen. Er kennt alles,
2810 2685 3181 2749 bei einer Liebschäft
378 2692 1590 2764 Pflichterfüllung. Wohl erklang auch ihr einmal der Ruf des
1592 2712 2786 2778 was Marie auf dem Gewissen hat, aber da er das Recht des
2801 2724 3187 2794 kum des Lessingthea
368 2732 1595 2773 Lebens, als sie auf einem Balle mit dem blauen Kürassier¬
1585 2737 2808 2821 Lebens predigt, so findet er weder an dem Vatermord noch an
358 2770 1600 2832 leutnant Max die Nacht durchtanzte, allein seiner Bitte um ein
2811 2769 3175 2830 selbst, aber aufn
1582 2797 2809 2861 der abenteuerlichen Liebesnacht etwas besonders Verabscheuungs¬
2808 2813 3172 2875 muß ein Schr
366 2809 1592 2865 Stelldichein gab sie aus Feigheit keine Folge, trotz jäh erwachter
1592 2829 2800 2898 würdiges; das Mädchen folgt eben dem Rufe des Lebens,
2808 2846 3156 2907 den abgegriffens
368 2847 1591 2912 Leidenschaft zu ihrem flotten Tänzer. Tag und Nacht ver¬
1588 2856 2800 2946 das Vergangene ist auf ewig vergangen, und vielleicht, wer weiß,
2800 2875 3180 2948 in Volisversamml
366 2888 1589 2961 zehrt sie sich nun nach ihm, bis die blauen Kürassiere in den
1592 2893 2200 2970 war alles nur ein Traum
2803 2921 3137 2983 freisinnigen Redn
362 2921 1592 2992 Krieg ziehen, vorbei an den Fenstern ihrer Wohnung, und
1667 2946 2800 3010 Es würde zu weit führen, dem Autor in das Labyrinth
2794 2961 3121 3032 diesen Offiziersk
367 2977 1583 3037 der Hausarzt, der eine hoffnungslose Liebe zu Marie im Herzen
1592 2967 2805 3058 seiner mystischen Andeutungen und philosophischen Geheimnis¬
2803 2995 3070 3058 gen Weiber,
362 3004 1593 3072 trägt, ihr das Evangelium des Egoismus predigt, wobei er
3266 2991 3369 3076 me
1588 3035 2804 3092 tuerei zu folgen. Die Sentenzen und Betrachtungen der han¬
2795 3037 3085 3107 an Nymphome
359 3044 1589 3104 ihr dringend rät, nur an sich und ihr Glück zu denken. Das
1580 3065 2810 3128 delnden Personen bleiben ja immer nur schmückendes Beiwerk;
2885 3078 3087 3147 Gleich He¬
359 3082 1586 3152 schlägt Mariens letzte Bedenken nieder und das von Leidenschaft
3239 3088 3338 3148 Jahr,
1584 3095 2804 3182 die Hauptsache eines Stückes sind Handlung und Charakter¬
2795 3109 3133 3185 usw. hat auch
361 3130 1591 3197 zerwühlte Weib zögert denn auch nicht länger, ihrem Vater
3167 3128 3360 3184 hnitzler in
1588 3134 2026 3208 zeichnung, mit (einen
2010 3151 2800 3217 Wort, der Totaleindruck. Nun, dieser
2803 3159 3370 3224 gewirtschaftet, weil die Wie
356 3171 3357 3216 von den Schlaftropfen so reichlich ins Wasserglas zu gießen, war so unerquicklich wie nur möglich; denn man empfandI seiner Stücke nachgerade sat
