3248 4352
1556 268 2033 380 box 24/4
1064 293 1118 362 I
247 289 1419 391 19. Der Ruf des gebens
873 702 2987 804 Rainer, beinahe verlobt, der sich von ihrer munteren Der Arzt überläßt Marie der Qual ihres Ge¬
870 767 2996 847 Cousine abwandte und zu ihr hinneigte. Nun wäre wissens, anstatt die Strafanzeige über ihren Gift¬
872 837 2998 880 Eduard durch seine Beförderung zum Oberförster mord zu erstatten. Katharina wankt nahnsinnig
875 883 2993 941 in der Lage, ans Heiraten zu denken. Aber der Alte ins Mutterhaus zurück, um zu sterben. Nachdem sie
1925 918 2994 993 ein trauriges, lustiges Leben geführt hatte. Die
871 933 1932 995 gibt die Tochter nicht frei, weil er sie als Pflegerin
1922 964 2999 1043 schmucken „blauen“ Kürzssiere sind alle gestorben.
878 977 1932 1047 braucht; die ihm vom Arzte empfohlene Kranken¬
868 1044 2994 1102 wärterin, eine fromme „Schwester", lehnt er ab, Einer, der den Tod im Felde nicht gefunden, er¬
1929 1066 2591 1152 schoß sich nachträglich selbst. —
881 1080 1538 1147 diese kann er doch nicht quälen.
2008 1106 2985 1193 Es ist ein großes Sterben, das sich vor den Au¬
966 1110 1944 1202 Aber gäbe der Alte die Tochter auch hin, Marie
1935 1171 2989 1235 gen der Zuschauer abspielt. Tod im ersten, Tod im
871 1164 1933 1262 nähme den Freier doch nicht mehr, denn sie hat ihr
1932 1218 2997 1286 zweiten und Tod im dritten Akte. Artur Schnitzler
880 1232 1932 1312 Herz an einen jungen Offizier verschenkt, an einen
878 1282 2999 1354 von den „blauen“ Kürassieren, Max, mit dem sie liebt es in seinen Werken, neben dem Leben das
1930 1315 2997 1373 Sterben zu zeigen. Den Todrekord hat er aber in
881 1331 1940 1390 eine Nacht vertanzt hat. Sie verschmäht auch den
1931 1367 2995 1430 seinem Schauspiel „Der Ruf des Lebens“ geschla¬
875 1385 1934 1448 wackeren Hausarzt Dr. Schindler, einen edlen Men¬
1923 1414 3003 1486 gen. De läßt er eine Tochter ihren Vater vergif¬
881 1437 1178 1514 schenfreund.
1926 1457 3006 1534 ten, einen Mann seine Frau niederknallen, drei
962 1463 1932 1539 Die hübsche Cousine Katharina ist die
1937 1509 3001 1580 Schwestern in der Blüte der Mädchenjahre an der
884 1539 1933 1600 Tochter der guten alten Tante Toni, ihre Jüngste,
1932 1564 2970 1624 Schwindsucht sterben und — der höchste Rekord! —
880 1589 1925 1644 die ihr einzig übrig gebliebene von drei Töchtern.
1940 1622 2962 1688 ein ganzes Regiment freiwillig in den Tod gehen.
887 1634 1936 1702 Sie starben alle an der Schwindsucht dahin, sie wer¬
2011 1661 3002 1722 Aus dem Zuschauerraum erschallt aber der Ruf
882 1683 1946 1748 den nicht älter, als 21 Jahre. Kathi sieht somit nur
1936 1699 3005 1784 des L#ens. „Laß genug sein das grausamen
888 1736 1934 1797 noch drei Jahre Lebens vor sich. Die will sie denn,
1941 1773 2485 1846 Spiels.“ Tod dem Tode!
896 1781 1936 1839 liebeslüstern, wie sie ist, auf ihre leichtlebige Art
2009 1826 3002 1897 Bei aller Anerkennung der poetischen Vorzüge
890 1826 1947 1884 ausnützen. Sie ist in einen jungen Offizier ver¬
1935 1879 2999 1936 des Schnitzlerschen Werkes, insbesondere des Dia¬
887 1880 1935 1958 narrt — auch einer von den „blauen“ Kürassieren.
428 1876 797 1985 Telephon 12 801.
1941 1924 3003 1971 logs der viele geistvolle Pointen und psychologische
972 1945 1936 2001 Die „blauen“ Kürassiere sind alle dem Tode ge¬
1934 1967 3009 2036 Beobachtungen aufweist, kann die Tatsache nicht ver.
892 1972 1948 2054 weiht. Sie reiten alle in den Krieg, in den sicheren
900 2016 3008 2104 Tod. Sie müssen alle sterben. Vom Obersten ab- schwiegen werden, daß die gestrige Novität einen
183 1969 569 2132 ERVER“
898 2065 2715 2141 wärts, Offiziere wie Mannschaften. Seit 30 Jahren peinlichen Eindruck hinterlassen hat.
168 2109 800 2183 rnehmen für Zeitungs-Ausschnitte
2006 2109 2999 2180 Die Gesamtaufführung stand auch nicht auf der
896 2114 1963 2208 liegt nämlich eine schwere Schmach auf dem Regi¬
905 2187 3007 2245 mente. Sie haben vor dem Feinde die Flucht er= Höhe ihrer Aufgabe. Wie die handelnden Personen
169 2176 683 2277 oncordiaplatz 4.
895 2234 2997 2297 griffen, anstatt Stand zu halten. Der alte Moser, im Stücke vom Autor, so wurden auch einzelne Rol¬
183 2250 485 2331 retungen
898 2281 3013 2354 der sich mit allen Fasern ans Leben klammert und len von den Darstellern umgebracht. Diese Rollen
173 2295 800 2370 cago, Christiania, Genf, Kopen¬
901 2330 2764 2393 nicht sterben will, ist der Mann, der vor 30 Jahren haben es aber auch nicht besser verdient.
182 2356 811 2411 Mailand, Minneapolis, New-York,
897 2372 1962 2451 die „blauen“ Kürassiere kommandierte und durch
2025 2379 2990 2453 Dem Fräulein Zewy konnte es nicht ge¬
174 2397 769 2463 sco, Stockholm, St. Petersburg.
181 2443 486 2495 ngabe ohne Gewäbr).
902 2428 1943 2487 seine Feigheit dem Regimente das Signal zur all¬
1938 2424 3003 2506 lingen, die „Marie“ glaubhaft zu gestalten, was
903 2487 1949 2541 gemeinen Flucht gab. Seinetwegen müssen nun alle
1943 2493 3013 2562 nicht ganz die Schuld der strebsamen und fleißigen
178 2524 229 2593 1
904 2528 1944 2584 die jungen, gesunden und strammen Kürassiere ster¬
1938 2534 3016 2595 Darstellerin ist. Fräulein Richter als „Katha¬
206 2476 744 2640 Shlsthe, Sehnasen.
902 2572 1940 2638 ben, auch die Allerliebsten der Marie und der Kathi.
1948 2584 3017 2649 rina“ schlug schöne und innige Gefühlstöne an. Die
900 2633 1944 2690 Sie haben es selbst verlangt, auf einen verlorenen
1945 2628 3012 2693 „Oberstengemahlin“ des Fräuleins Sorel sah
239 2612 816 2732 Cerrespondent, Grühn
906 2678 1955 2731 Posten des Schlachtfeldes gestellt zu werden, und
1943 2676 3013 2741 recht verführerisch aus und hatte tragische Akzente.
911 2726 3013 2797 geschworen, durch die Hand des Feindes zu fallen, Den unsympathischen Alten, den der Autor treff¬
901 2783 3006 2825 um so die Schmach des Regimentes endlich zu til- lich charakterisiert hat, verkörperte Herr v. Pin¬
173 2782 899 2868 Kunst und Literatur.
899 2819 1022 2899 gen.
1939 2820 3006 2880 do mit bestem Gelingen. Herr Bowacz trat als
187 2841 734 2933 Auf des Lebens.“
1952 2870 3017 2931 „Forstadjunkt“ zu wenig hervor. Herr Arnim
985 2848 1958 2946 Nur eine einzige Nacht gehört noch ihnen und
1946 2912 3023 2976 als „Oberst“ und Herr Recke als „Offizier“ waren
181 2924 878 2993 drei Akten von Artur Schnitzler.
893 2898 1954 2990 [Marie will zu ihrem Geliebten in die Kaserne.
1948 2973 3020 3036 schneidige Vertreter der „blauen“ Kürassiere. Als
204 2970 904 3050 im Brünner Sti#am
908 2969 1957 3030 Da aber der Vater die Türe versperrt hat, gießt
1946 3022 3021 3092 „Tante Toni“ war Frau Wiesner ganz auf ih¬
893 3021 1957 3098 sie ihm so viel Morphium in den verlangten Erfri¬
193 3017 593 3096 10. Jänner l. J.)
903 3070 3013 3134 schungstrank, daß er für immer einschläft. Sie ent¬ rem Platze. Den menschenfreundlichen „Arzt“, den
188 3073 570 3155 ndlung Alt=Wien.
905 3125 3015 3183 windet der toten Hand den Schlüssel, die Tür ist ge= Raisonneur des Stückes, gab Herr Strauß mit
187 3127 490 3193 8 Jahr 1850.
910 3170 3010 3231 öffnet. Doch kommt sie schon zu spät. Weil sie sich guter Wirkung. Als Spielleiter fungierte Herr Di¬
181 3140 907 3234 ige, kranke, ehemalige Rittmeister
909 3217 1952 3283 ihrem jungen Offizier seinerzeit verweigert und
1949 3224 3019 3283 rektor v. Maixdorff; die Szenierung des
176 3225 913 3280 icht leben und nicht sterben kann,
905 3265 1950 3328 entzogen hatte, knüpfte dieser mit der schönen, jun¬
1959 3248 3023 3319 Stückes war, bis auf das Pferdegetrappel der blauen
189 3270 912 3330 hlicher Griesgram, ein Egoist kraf¬
1953 3320 3023 3395 Kürassiere, einwandfrei. Das Haus war mäßig be¬
911 3313 1957 3371 gen Frau seines ältlichen Obersten ein Liebesver¬
190 3314 908 3382 personifizierte Bosheit und Tücke.
1947 3361 2100 3427 sucht.
188 3372 1943 3428 ochter Marie, die ihn pflegt, aufs hältnis an. Marie, die im Zimmer hinter dem Vo##
199 3408 1962 3474 gönnt ihr kaum eine Stunde der hang ihres Mar lauscht und lauert, hört, wie das
192 3471 1968 3533 Zerstreuung. Das 26jährige Mäd- sündhafte Weib den jungen Offizier bestürmt, hört
185 3513 1980 3571 hrtlos duldet, hat eine große Sehn= auch, wie der Oberst zum Fenster hereinsteigt und
193 3565 1969 3623 Leben, sie fühlt ihre Jugend freud= die buhlerische Gemahlin nach kurzem Wortwechsel
195 3610 1971 3670 den, immer verbitterter werden und mit seiner Pistole niederschießt. Marie stürzt nun
196 3667 1972 3717 ben dem galligen und giftigen Al- aus ihrem Liebesversteck hervor und eilt mit ihrem
193 3692 1985 3779 hen, häßlichen Reden in ihr die Max über die Leiche hinweg ins Liebesnest, wohig
192 3764 1984 3840 dungen des Weibes verletzt. Mariel der Ruf des Lebens das junge Mädchen unaufhaft¬
189 3795 1141 3888 nbraven Forstadjunkten, Eduards sam lockt.
1853 3828 1972 3918 —
