3436 4320
897 183 970 253 d
495 185 656 253 Der
1589 185 2012 290 box 24/1
292 182 1426 285 19— Ruf Lebens
2921 528 3033 597 548
1672 527 1838 603 Ur. 22
528 532 652 601 548
514 647 1765 716 Frau das Spielzeug zu zerschlagen. Es fügt sich aber, daß
1804 656 3056 717 mit Namen operiert, wo Monogramme, Jahreszahlen, Druck¬
503 709 1765 760 beide, die Ehebrecherin und ihr Buhle, noch vorher aus dem
1797 708 3060 756 ort, Dapier, Wasserzeichen die einzigen Anhaltspunkte bieten,
507 755 901 822 Diesseits scheiden.
1792 760 3058 816 beginnt für manche die Aufgabe erst recht interessant zu werden.
618 786 1766 846 Ein junger Offizier des Regiments durchschaut den Oberst.
1795 810 3062 856 Aber auch in den anderen Jahrhunderten sind in der letzten
498 851 1760 897 Er weiß, daß dieser Mann, der seine Handlungen auf Epi¬
1803 845 3059 907 Zeit eine Fülle neuer Resultate gewonnen worden, die das
1799 900 3054 957 früher für richtig gehaltene Bild nicht unwesentlich verschieben.
501 898 1767 951 gramme stellt, sehr darauf aus ist, auf solche Weise und
515 935 1768 998 auf Kosten der Seinen das zu erringen, was die Menschen
1917 952 3066 1006 So war die Abfassung eines neuen, all diese Forschungen
513 987 1770 1032 unsterblichen Ruhm benennen. Trotzdem kann er sich nicht entziehen.
1793 990 3056 1039 berücksichtigenden Handbuches der vervielfältigenden Künste zu¬
513 1038 1766 1091 Er ist nachher der einzige von allen, der unverwundet von
1801 1046 3064 1103 gleich unbedingt notwendig und außerordentlich erschwert
505 1082 1766 1133 dem Schlachtfeld heimkommt. Soll er allein die Kameraden
1795 1087 3043 1148 worden. Bei dem vortrefflichen Lippmannschen „Kupferstich“
501 1134 1775 1184 überleben? In irgend einer Scheune schießt er sich eine Kugel
1803 1130 3068 1196 ist zwar in den neueren Auflagen allen Forschungsergebnissen
498 1172 815 1232 vor den Kopf.
1805 1188 3058 1236 Rechnung getragen worden, aber Format und Umfang dieses
612 1203 1764 1276 Die blauen Kürassiere haben Mann für Mann mit dem
1813 1232 3068 1276 Teitfadens zwangen oft zu einer fast übertriebenen Unappheit;
511 1264 1763 1313 Tode gezahlt. Es erweist sich aber, daß ihr Opfer nutzlos
1814 1270 3067 1322 ein brauchbarer Führer durch die Geschichte des Holzschnitts
506 1314 1774 1371 war. Die Schlacht ging trotzdem verloren, gerade so gut wie
1814 1314 3062 1363 fehlte bislang gänzlich. Der Cassirersche Verlag hat einen un¬
517 1353 1776 1423 sie vor dreißig Jahren, ihrer Flucht ungeachtet, hätte gewonnen
1795 1356 3071 1405 gemein glücklichen Griff getan, als er die Aufgabe Paul
507 1405 1763 1462 werden können. Ein nachdenklicher Beurteiler aber sagt, es
1795 1401 3077 1444 Kristeller*) übertrug. Kristeller besitzt mindestens auf den
505 1446 1767 1499 kommt darauf nicht an. Nicht der Erfolg entscheidet, sondern
1811 1446 3071 1513 Gebieten des älteren deutschen und italienischen Rupferstichs
514 1485 1216 1559 das Beispiel. Hat er nicht recht?
1799 1494 3064 1546 und Holzschnitts einen weit über Deutschland hinausgehenden
624 1526 1769 1599 Es ist das Grundthema von Schnitzlers gesamtem dichteri¬
1808 1544 3072 1606 Ruf und hat als Ordner italienischer Kabinette und eifriger
521 1589 1772 1642 schen Schaffen, das hier anklingt: Spiel wird Wirklichkeit, und
1803 1583 3068 1647 Besucher aller bedeutenden europäischen Sammlungen auch sonst
519 1631 1761 1680 Wirklichkeit zu Spiel. Eine neue Ausdrucksweise ist dafür ge¬
1809 1645 3062 1694 eine ungemeine Materialkenntnis gewonnen. Sein Gefühl für
513 1682 1769 1735 funden. Man sieht den Oberst, den verwegenen, phantastischen
1806 1695 3072 1739 das Künstlerische bewahrt ihn davor, unbedeutende Männer
509 1735 1772 1787 Spieler, der all die Seinen und sich selbst dazu aufs Brett setzt,
1800 1728 3076 1790 mit derselben Ausführlichkeit zu behandeln wie die großen
507 1773 1767 1813 dem sich das Spiel unter den eigenen Händen verkehrt, — zu
1803 1782 3072 1826 Meister, und er besitzt die Gabe, streng wissenschaftliche Er¬
503 1820 1772 1869 Wirklichkeit werdend, nachdem es für ihn den Sinn verloren.
1815 1818 3067 1877 gebnisse in einer angenehm flüssigen Sprache darzustellen.
519 1862 1768 1912 Die Wirklichkeit aber entkörpert sich wieder und wird zu Spiegel¬
1807 1862 3070 1921 Ueberall begegnen wir in dem stattlichen Bande zugleich dem
508 1905 1764 1965 bildern, der Tod der Tausende wird zu einer Fabel und zu
1804 1911 3070 1955 tiefsten Eindringen in die Spezialwissenschaft und dem Streben
507 1957 1776 2003 einem Beispiel. Doll persönlicher Eigenart spricht der moderne
1810 1952 2911 2017 nach lichtvoller, gemeinverständlicher Zusammenfassung.
509 1997 1134 2060 Romantiker aus diesem Werk.
1918 2003 3070 2073 Am schwierigsten war diese Aufgabe bei den allerersten
616 2034 1778 2099 Es werden Fragen hier verhandelt, die uns recht innerlich
1807 2056 3076 2128 Anfängen des Holzschnitts, wo der Boden oft unter den Füßen
510 2094 1765 2149 nahe gehen, etwas von unseren seelischen Kämpfen um und
1813 2116 3074 2173 zu schwinden scheint und auch der Forscher sich nur mühsam
517 2144 1776 2188 wider die Welt des Alltags wird hier ausgefochten. Und
1808 2150 3079 2206 zwischen Hrpothesen durchtastet, und wo, in der Zuteilung der
510 2180 1772 2255 wenn die künstlerische Form zerbarst, — es bleibt das Beispiel.
1819 2206 3074 2256 Erfindungen an die verschiedenen Dölker, zudem auch der
1824 2240 3076 2289 Thauvinismus neuerdings eine Rolle zu spielen beginnt. Fast
1284 2243 1661 2332 Ernst Heilborn.
1808 2296 3070 2347 nirgends stellen sich greifbare Künstlerpersönlichkeiten ein, und
1820 2330 3069 2390 selbst wa sie erscheinen, sind ihre Werke durch den groben
1814 2378 3067 2441 handwerksmäßigen Betrieb der Holzschneider fast immer entstellt.
1809 2440 3060 2484 Aber schon beim Kupferstich des XV. Jahrhunderts in Deutsch¬
1803 2463 3072 2530 land und in den Niederlanden ändert sich das Bild. In dem
1815 2512 3076 2559 Meister der Spielkarten, dem Meister E. S. und besonders Schon¬
1820 2571 3079 2624 gauer und dem neuerdings so viel genannten und umstrittenen
568 2559 1706 2643 Zwei Bücher über graphische Kunst.
1812 2612 3070 2665 Meister des Hausbuchs treten uns Individualitäten entgegen,
1820 2647 3082 2715 vor deren Werken sich das archäologische Interesse zur Sphäre
701 2663 1774 2727 ie Dervollkommnung unserer mechanischen Verfahren
1827 2700 3074 2749 des Kunstgenusses erhebt. Aber gerade hier ist es dem Ver¬
702 2725 1780 2775 hat den vervielfältigenden Künsten entschiedenen Ab¬
1820 2740 3090 2808 fasser hoch anzurechnen, daß er die Relativität des Wertes der
697 2769 1772 2826 bruch getan. Der Kupferstich ist so sehr der Photo¬
1825 2792 3080 2851 Stecher nicht aus den Augen verloren hat, sondern langweilige
535 2806 644 2868 —
692 2814 1784 2871 graphie und Photogravüre gewichen, daß sich selbst
1812 2839 3078 2896 Dutzendleute wie den Erasmusmeister mit wenigen Worten
696 2869 1776 2921 die lange künstlich gehaltene Société de Gravure in
1824 2888 3083 2946 abtut. Israel von Meckenem scheint mir ein wenig schlecht
508 2923 1782 2967 Paris vor einigen Jahren auflösen mußte. Aber auch die
1822 2935 3085 2991 wegzukommen; er glänzt doch nicht nur durch seinen emsigen
515 2949 1780 3025 Freude am Sammeln alter Originalradierungen ist dadurch
1811 2976 3070 3031 Fleiß, sondern wirkt mit seinen Darstellungen aus dem Alltags¬
520 3000 1782 3045 beeinträchtigt worden, daß man täuschend ähnliche Repro¬
1814 3028 3078 3081 leben wirklich anziehend und unterhaltend. Dann folgt eine
524 3043 1779 3086 duktionen unendlich viel billiger haben kann, als selbst schlechte
1820 3071 3067 3127 Würdigung des französischen Holzschnitts, der durch das ge¬
520 3092 1786 3143 Originaldrucke — ganz abgesehen davon, daß dadurch auch
1822 3113 3086 3176 schmackvolle Zusammengehen der reizenden, fein ausgeführten
515 3138 1788 3206 den Fälschungen Tür und Tor geöffnet ist. Der eigentliche
1824 3171 3075 3225 Zierstücke mit dem Satz und durch die Sauberkeit und Schärfe
528 3189 1781 3244 Amateur d’Estampes kommt so nach und nach auf den Aus¬
1819 3204 3067 3254 des Drucks noch heute als vorbildlich für den eigentlichen Buch¬
529 3233 1789 3285 sterbeetat. Daran hindert weder die Tatsache, daß einige
1831 3232 3086 3306 schmuck gelten kann. Ganz kurz werden England und Spanien
522 3271 1782 3337 moderne Aleister, wie Whistler, Stauffer=Bern, Klinger, ganz
1824 3298 3081 3349 behandelt, mit umso größerer Liebe dagegen die kurze Blüte
533 3324 1788 3376 außerordentlich hoch im Kurse stehen, noch, daß es eine große
1820 3346 3081 3409 des Holzschnitts in Italien am Ende des XV. Jahrhunderts,
521 3368 1791 3420 Anzahl von Spezialisten gibt, die ihre Chodowiecki oder Johann
1827 3408 3066 3454 auf die bald der tiefste Verfall folgt, und der dortige Kupfer¬
526 3415 1789 3457 Adam Klein auf Dollständigkeit aller Zustände sammeln. Diese
1825 3438 3078 3491 stich, der technisch hinter dem deutschen zurückbleibt, aber sehr
513 3462 1787 3521 Spezialisten sind oft nur eine Abart jener Briefmarkensammler,
1824 3483 3083 3532 persönliche Leistungen aufzuweisen hat. In Florenz üben Botti¬
518 3504 1503 3575 die ihre „alten Sachsen“ lückenlos haben wollen.
1832 3538 3079 3581 celli und Pollajuolo einen großen Einfluß aus, in Denedig
633 3546 1779 3612 Nimmt so die von künstlerischen Gesichtspunkten aus¬
1833 3572 3088 3642 kommt es nach einer zierlichen Dorblüte zum Nonumentalstil
531 3606 1791 3665 gehende Liebhaberschaft am Kupferstich ab, so ist umgekehrt die
1824 3623 2082 3686 Mantegnas.
532 3670 1780 3712 Kennerschaft in den letzten Dezennien ganz außerordentlich ge¬
1921 3672 3071 3739 Am Anfang des XVI. Jahrhunderts hat die Technik be¬
519 3699 1775 3761 wachsen. Es gibt heute schon eine ganze Anzahl Kunst¬
1823 3725 3078 3777 reits ihren Höhepunkt erreicht. In Deutschland steht Dürer,
516 3743 1788 3802 historiker, die sich den Kupferstich und selbst spezielle Gebiete
1824 3764 3089 3814 der ganz aus sich heraus schaffende Künstler, an der Spitze, in
524 3794 1795 3841 des Kupferstiches zum Spezialstudium erkoren haben. Zumal
1831 3811 3083 3867 Italien der als Interpret fremder Weisen, besonders Raffaels,
527 3835 1788 3884 die Forschungen auf dem Gebiete der ältesten Holzschnitte und
1828 3872 3091 3926 glänzende Marcanton, der im Technischen viel von Dürer gelernt
533 3880 1775 3923 Kupferstiche, also einem künstlerisch wenig fruchtbaren Ge¬
524 3928 1790 3984 biete, haben eine Ausdehnung genommen, die man noch vor
522 3966 1780 4027 kurzem für kaum möglich gehalten hätte. Wo man nicht nur
1937 3953 3081 4034 *) Daul Kristeller, Kupferstich und Holzschnitt in vier Jahrhunderten.
1820 4027 2351 4087 Berlin, Bruno Cassirer, 1905.
530 4020 1786 4075 nicht mehr mit berühmten Meistern, sondern nicht einmal mehr
