3484 4256
1471 231 2030 349 box 24/3
281 230 1431 341 19. Der Ruf des Lebens
1066 1563 1777 1711 Eine, die 's versteht.
1526 1695 1609 1757 220
1786 1813 1833 1896 2
1667 1852 1725 1899 2
1376 1835 1438 1943 9
1436 1850 1854 1962 WT1 2
954 2037 1920 2096 * „Ah, wo denken S' denn hin,“ sagte die Frau
926 2080 1915 2165 Sopherl zur Madam' Niperdey, „i geh' in ka Theater auf
919 2126 1924 2201 a Freilarten. Dö Freikarten san nur für reiche Leut';
924 2169 1921 2246 dö kosten ja a damisch' Geld. Da geh'i do liaber auf
924 2222 1931 2294 d' Mothiaslgalerie: kummt mir billiger und i brauch' vor
918 2279 1931 2344 niemanden a Buckerl z'machen. Sie wissen ja, daß mei
922 2314 1928 2389 Mali, dö verruckte Urschl, in alle premiersten Stuck
921 2370 1929 2430 rennt — no und wann von Schnieler aus geb'n wird,
921 2404 1930 2479 da mnaßf dabei sein und Kanseder Knödl an Guldn
932 2459 1933 2536 kost'. Der Schnitzler is ihr Lieblingsdichter, weil er gar so
932 2503 1941 2584 guat waß, wo die Madeln der Schnach druckt — am
927 2548 1945 2645 Herzen nämlich. Und da hab'n s' neulich a neues Stuck
934 2609 1948 2679 von Schnitzlet im Volkstheater gebn, „Der Ruf des
937 2657 1944 2725 Lebens“ hat 's g'haßen. Ich hab' mi’r porsichtshalber drei
932 2711 1943 2779 Schnenztüachln mitg'numma, damiti mi urd'ntli aus¬
942 2769 1195 2833 blatzen kann.“
534 3091 1434 3167 ch vollzogener Räumung nahm der Vizepräsident
544 3139 1437 3211 orka die Sitzung mit der Erklärung wieder auf,
553 3181 1442 3254 zorerst die Galerien zweimal zur Ruhe ermahnt
551 3226 1449 3296 n erst die Räumung verfügt habe. Er habe dies
550 3275 1450 3344 in die Ruhe im Hause zu wahren. Er konstatierte
564 3311 1442 3386 daß Abgeordneter Brdlik von einem Besucher
562 3368 1468 3430 n Galerie aus einem Siphon bespritzt.
564 3402 1446 3479 Hört! Hört!=Ruse bei den Tschechen); er führte den
569 3442 1453 3523 neten Pillich als Zeugen dafür an, daß ein
562 3487 1455 3570 esucher eine Siphonflasche mit¬
589 3528 1455 3602 cht und aus derselben die unter der Galerie
585 3567 1452 3641 Abgeordneten bespritzt habe. Die dabei be¬
569 3621 1355 3694 nen Druckschriften liegen ihm vor.
726 3677 1169 3759 Los von Wien.
583 3732 1449 3804 sodann dem Abgeordneten Chaloupka zur
580 3779 1459 3862 ag seiner Rede das Wort erteilt wurde, riefen die
576 3834 1461 3899 gadikalen Abgeordneten Choc, Fresl und
582 3854 1457 3969 a: „Losbon Wien! Los von Wien!“
2013 1576 2950 1634 „Es soll so viel schauderhaft sein,“ sagte die Madam'
1947 1628 2950 1687 Niperdey. „Mei Zimmerherr is Kulissenschiaber — dö
1947 1659 2970 1735 Leut' verstengan do was von der Kunst; aber er hat
1956 1713 2834 1800 g'sagt, „Der Müller und sei Kind“ is nix dageg'n.“
2037 1761 2964 1841 „Schau, was die Leut' für an künstlichen Blick hab'n.“
1958 1805 2963 1874 sagte die Frau Sopherl, „dös is mir a glei aufg'sall'n,
1951 1857 2962 1924 daß das Stuck mit 'n Müller und sein Kind a Ver¬
1963 1911 2962 1987 wandtschaft hat. Der alte Müller und der alte Moser
1954 1953 2966 2018 schau'n sehr in die Familie. Der alte Moser
1964 2020 2966 2070 is nämli a so a grantiger, unausstehlicher Kerl; nur daß
1962 2054 2969 2126 er net huasten tuat; aber dafür spielt er andere Stückeln.
1962 2097 2972 2180 Was der sei Tochter sekkiert, dös is schon der Welt
1955 2148 2970 2222 ungleich. A so a zwiderer Krauterer! I hätt' ihm am
1956 2191 2974 2271 liabsten mei Kelchschwingerl ausgssetzt, so hab' i mi gist.
1971 2242 2972 2321 Mein Gott, 's Madl will si do a unterhalten, will a ihr
1963 2287 2986 2360 Freud' hab'n und der alte Afam von der höllischen
1976 2343 2970 2408 Rindsuppen vergunnt ihr net amal an Schnaufezer an
1975 2397 2978 2453 der frischen Luft. Sie hat an Offizier von die blauen
1974 2431 2971 2516 Kürassier kennen g'lernt und möcht' halt durchaus mit
1967 2480 2970 2540 ihm z'sammkumma. Sie is ja schon 26 Jahre alt und
1976 2535 2982 2594 wird in Schnalzer schon g'hört hab'n. Der Alte aber
1973 2575 2986 2659 g’spannt was und spirrt die Wohnungslür zua und steckt
1970 2629 2986 2716 in Schlüssel ein. Das Madl is, wie man sagt,
1970 2674 2999 2752 bruati und will durchaus zu ihr'n Liab¬
1972 2723 3007 2822 haber. In ihres. Wut gibt - den Alten
