3484 4352
-13 2588 62 2654 tlich
-14 2720 63 2771 her
-14 2807 70 2887 60
19 2999 69 3048 e
1550 212 2005 306 box 24/1
230 231 1411 346 19. Der Ruf des Lebens
172 1083 2050 1193 wirrung des Lebens taumeln und seine daß er vor morgen früh doch sterben muß, quillt noch ein¬
923 1133 2046 1206 mal ein Verlangen a#, da er in Marie einen heiteren glück¬
176 1179 440 1232 Rufe hören.
925 1175 2046 1244 lichen Vergangenheitsmoment seines Daseins verkörpert und
180 1184 909 1276 Vergangenheit ist der alte Moser selbst,
912 1221 2045 1297 so von ihm sich zum letzten Mal geprüft sieht. Er stürzt
177 1239 919 1313 sicht schuld, wie eine Besessenheit hatte
924 1271 1209 1339 mit ihr fort.
203 1281 914 1340 gepackt und er gab seine soldatische
1006 1287 2044 1385 Nach so wüstem und wilden Geschehen liegt der letzte Akt
168 1322 922 1387 as er gewann, war ein jämmerliches
919 1346 1598 1433 in einem fernen und milden Licht.
188 1368 916 1438 s ihn verachtete, eine Tochter, die ihn
997 1373 2050 1470 Draußen auf dem Lande, in einem niederösterreichischen
922 1434 2060 1503 Dorfe, spielt er. Wie von weiten klingt ein Echo des Ge¬
176 1424 916 1513 r Marie spinnt sich das Geschick weiter.
916 1479 2054 1549 schehens, daß die blauen Kürassiere wirklich aufgerieben wor¬
180 1481 906 1551 nersten Akt, zerquält und erstickt von
923 1511 2062 1587 den sind, daß sich einer ihrer Offiziere zusammen mit der
186 1519 916 1590 fruck ihrer luft= und lichtlosen Knecht¬
935 1554 2069 1628 Frau des Obersten vor dem Ausmarsch getötet und daß ein
179 1557 922 1619 eses Mannes, der sie anlt und feelisch
934 1592 2063 1670 anderer, der Leutnant Albrecht, sich als einzig Ucverlebender
179 1600 912 1659 keitscht von einem übermächtigen Ver¬
942 1634 2054 1699 nach der verhängnisvollen Schlacht erschossen. Und von die¬
184 1638 929 1706 htbaren Tat. Sie mischt dem Vater die
929 1669 2060 1734 sen Ausgängen fällt nun ein ganz neues Licht auf die Ge¬
205 1676 922 1732 er nicht mehr erwachen wird. Und
939 1708 2061 1779 schichte von dem todgeweihten Regiment. Und man ahnt,
184 1713 922 1785 mpfer Gefühlsverwirrung fort, um den
933 1754 2066 1818 daß diese Eroica im letzten Grunde eine egoistische Genußtat
199 1759 922 1829 , dem sie sich verfallen fühlt und den
940 1795 2057 1855 des Obersten gewesen, der in Menschenhaß und =Berachtung
196 1800 703 1864 für immer verlieren wird.
938 1827 2064 1900 und einer Ueberlegenheitsleidenschaft sich für die Zerstörung
187 1829 930 1900 it dem sie vordem nur einmal, in einer
932 1870 2071 1939 seines Lebens eine riesenhafte Genugtuung geschaffen, eine
196 1877 929 1943 ihres eingeschlossenen Lebens zusam¬
929 1925 1486 1984 Avothrose des Untergangs.
186 1903 934 1999 ger Offizier der blauen Kürassiere, der
1014 1937 2077 2025 Das ist ein geistreicher und origineller Gedanke Schnitz¬
195 1971 943 2059 in der Kaserne spielt der zweite Akt.
940 1986 2078 2068 lers, und diese Gestalt des Obersten, dieses Menschenspielers
185 2031 935 2103 nnungen noch stärker ist, als der erste.
932 2036 2077 2127 voll Souveränität ist verwandt dem Herrn von Sala aus
192 2077 937 2143 gen aber spielt, echt Schnitzlerisch, pom¬
940 2072 2076 2156 dem „Einsameneg“, in seiner Mischung aus skeptischer
196 2111 934 2195 ung in Dialoguen. Zuerst zwischen Max
943 2116 2076 2200 Fronie, dem geistigen Hochmut, der verborgenen Romantik,
187 2163 375 2230 Allbrecht.
969 2164 2077 2215 im philosophischen Dandysmus, der aus dem Tod noch
943 2195 1996 2269 ein Epigramm macht: „wenn nur die Geste schön ist“.
198 2213 334 2263 ung.
195 2224 942 2295 t eines zwingend heraus, die Herrschaf:
1020 2212 2093 2299 Eine gewisse Verlegenheit aber hat nun Schnitzler seiner
202 2275 937 2333 kenschen, #ie dieser Gedanke des Opfer¬
948 2280 2098 2347 M##ie gegenüber. Er behaftete sie mit dem furchtbarsten
199 2309 939 2379 den Untergang Macht über die jungen
948 2313 2086 2386 Erieben. Das Motiv von Schuld und Sühne für die Lösung
188 2347 943 2424 ine von beiden, Albrecht, trotzdem er mit
946 2358 2086 2429 kam dabei für ihn nicht in Betracht, denn er steht nicht als
191 2391 941 2463 ch und widerwillig der Idee gegenüber¬
950 2394 2076 2469 Richter seinen Personen gegenüber, sondern als Zuschauer,
204 2427 951 2518 sau weiß, daß er sich ihr nie entziehen
949 2437 2068 2515 der sich bemüht, auch das Furchtbarste in seinen Ver###¬
948 2477 2081 2559 tungen zu begreifen. So blieb ihm nur übrig, in einer Form
193 2488 941 2577 g zwischen Max und dem Oberst. Der
956 2526 2077 2582 von Aussprache, in einer Art weltlicher Beichte einen Austrag
192 2547 944 2618 licheren geladenen Schicksalsatmosphäre.
963 2564 2080 2619 herbeizuführen. Diese Aussprache findet zwischen Marie und
198 2592 953 2651 en Männern, dem alternden und dem
952 2597 2090 2655 dem Arzt statt. Marie klagt ihm, wie sie seit jener Nacht
709 2633 750 2662 v
256 2629 947 2689 Unausgesprochenes. Starte Zuneig¬
967 2635 2086 2704 wie ein Gespenst ihrer selbst umher irrt, fassungslos, daß sie
222 2665 953 2746 ch lastet dabei etwas Drückendes, Be¬
953 2677 2086 2740 aus jenem Abgrund eigenen und miterlebten fremden Ge¬
227 2707 945 2780 quälender Argwohn und quälendes
958 2704 2097 2784 schickes wieder auftauchen konnte, wie aus einem Traum,
199 2745 951 2825 Pir aber haben vorher schon gehört, daß
961 2757 2047 2841 daß sie sich selbst nicht begreift, wie sie noch leben kann.
213 2798 429 2852 Frau hat.
1053 2798 2058 2853 Und der Arzt, der ihre ver##.## Seele retten will z
207 2812 962 2890 lsknoien wird nun die Verwicklung am
967 2830 2091 2907 einer neuen reineren Existenz, bemüht sich, ihr eine Deu¬
229 2865 960 2922 geschürzt. Der Oberst überrascht kurz
960 2875 2076 2947 tung zu geben, die sie aus dem Wirrsal leitet. Da sie das
205 2900 962 2972 räch seine Frau, die Max beschwören
965 2920 2092 2988 was sie erlebt, überlebte, soll sie ihr neues Leben wirklich
215 2949 953 3001 fliehen. Er hat nun seine Gewißheit,
969 2953 2069 3025 anerkennen. Daß sie hier in der Natur unter dem Früh
221 2983 956 3045 und überläßt es in einer überlegenen,
976 2993 2097 3068 lingshimmel steht, das ist wahrhaft Leben: „nicht minder,
214 3023 959 3088 mMann sagen, epigrammatischen Grau¬
963 3032 2099 3100 als es jene Nacht gewesen ist, da es sie aus verstörter Jugend
212 3062 966 3126 an sich selbst das Urteil zu vollziehen.
971 3070 2102 3146 nach dunklen Abenteuern lockte“, und der Arzt sagt weiter
204 3109 958 3169 t, schon auf der Schwelle des Selbst¬
963 3111 2099 3189 zu ihr: „Wer weiß, ob Ihnen nicht später aus einem Tag
215 3138 971 3205 einmal der Ruf des Lebens zu Max;
208 3137 2126 3243 s alles schaudernd mit angesehen, springt] wie der heutige der Ruf des Lebens viel reiner, tiefer in die
229 3180 2121 3292 ihm die Pistole und in ihm. der weiß, Seele klingen wird, als aus ionem anderen, an dem Sie
2054 1059 3195 1148 Dinge erlebt haben, die so furchtbare und glühende Namen
2051 1124 2649 1201 tragen, wie Mord und Liebe“.
2134 1141 3193 1228 Die Stimmung dieser Worte ist echt gefühlt, aber ganz
2053 1186 3205 1268 vermögen die milden idyllischen Klänge dieser Situationen
2050 1225 3207 1301 doch nicht die wilden chaotischen Schicksalsakkorde aufzu¬
2059 1270 3206 1347 lösen. Der dichterisch so sehnsüchtig beschworene Seelenfrieden
2066 1312 3209 1392 wird für unsere Ueberzeugung nicht Ereignis. Das sprach sich
2064 1371 2619 1431 auch in der Aufnahme aus.
2138 1383 3201 1468 Die Hörer gingen schließlich nicht mehr mit, Opposition
2068 1443 3210 1515 regte sich sehr bemerkbar, während die ersten Akte durch die
2059 1489 2915 1574 Wucht des Geschehens starken Erfolg hatten.
2138 1508 3207 1594 Schauspielerisch ragte Irene Triesch als Marie hervor.
2060 1560 3216 1636 Zwingend in Haltung, Miene und Ton war Bassermanns
2068 1602 3211 1679 Oberst. Reicher gab dem Arzt milde Betrachtsamkeit. Stieler
2076 1647 3202 1724 als Leutnant Max traf den Ton edler in Zwiespalt und
2078 1672 3228 1759 Selbstverachtung geratener Jugend. Eine épisodische Figur,
2082 1727 3216 1803 Maries Base, die Schwindsüchtige, die auch dem „Ruf des
2074 1745 3226 1849 Lebens“ folgt, spielte Grete Hofmann, die Frau von Ernst
2076 1802 3211 1890 Kraus, nicht ganz im echten Einklang mit diesem Ensemble.
2162 1840 3232 1909 Und daß Brahm nun auch dekorative Kultur treiben
2077 1858 3275 1961 will, zeigte die leuchtende Frühlingslandschaft, die er sich
3113 1910 3181 1972 P.
2086 1931 2900 2015 vom Universal=Karl Walser machen ließ.
2653 1994 2870 2070 S An
