3436 4352
1558 291 2023 372 box 24/3
264 297 1415 400 19. Der Ruf des Lebens
928 1370 1261 1493 SF. UTEENG
1045 1491 1145 1553 FOR
810 1543 1413 1618 ZEITUNGS-AUSSCHNITTE
1635 1604 2483 1680 ZEITUNGSAUSSCHNITTE JEDER KKTEGORIE
888 1611 1317 1700 „ALLES-LESER“
1638 1673 2477 1721 aus allen Text-, Inseraten- und Reklame-Rubriken
795 1681 1434 1755 WIEN, I., SINGERSTRASSE Nr. 13.
1698 1720 2436 1754 sämtlicher gewünschten in- und ausländischen
1708 1746 2426 1776 Tagesblätter, Wochen-, Fach-Zeitschriften etc.
1643 1763 2492 1845 Sorgfältigste, individuelle Bedienung bei mäßigsten
956 1766 1288 1842 TELEPHON Nr. 9133.
1987 1806 2151 1855 Preisen.
889 1835 1345 1887 POSTSPARKASSA Nr. 103.486.
1630 1832 2491 1901 Bezugsmodus: jenach Wunsch, stückweise, im Pauschale
1910 1884 2213 1928 oder dergleichen.
1626 1893 2490 1970 Prospekte, Vertreterbesuch od. Probeofferte kostenlos.
1353 2071 2331 2171 „Leipziger Neueste Nachrichten,
772 2091 1285 2174 Aus der Zeitung:
1337 2186 2581 2260 r Artur Schuitzlers dreiaktiges Schauspiel „Der Ruf des Lebens“.
786 2181 1284 2285 vom 1 6 DEz 1909
1285 2245 2580 2295 “ das bereits vor drei Jahren in Berlin seine Uraufführung erlebt hat,
1299 2277 2580 2336 hat nunmehr auch seine Wiener Erstaufführung im Deutschen
1292 2317 2582 2364 Volkstheater erfahren. Auch hier war der Erfolg kein reiner. Das
1298 2348 2595 2401 Publikum nahm das Werk mit der Achtung auf, die es dem ö#sebten
1291 2405 2589 2446 Verfasser schuldig zu sein glaubte. Die Kritik kann sich aber der Auf¬
1305 2434 2586 2485 fassung nicht verschließen, daß das Schauspiel einen krankhaften Zug
1306 2484 2584 2528 hat, der einen wahren künstlerischen Genuß nicht aufkommen läßt. Das
1299 2511 2585 2561 Stück enthält eigentlich mehrere Dramen, die sich nur oberflächlich be¬
1305 2551 2581 2601 rühren und doch durch den gemeinsamen Titel unter einen Hut ge¬
1296 2593 2592 2643 bracht sind, das Drama des 79jährigen Rittmeisters Moser, der durch
1308 2630 2588 2677 seine Feigheit vor 30 Jahren den Verlust einer Schlacht verschuldet
1294 2664 2577 2712 hat, und bei dem der „Ruf des Lebens“ die Furcht vor dem Tode be¬
1297 2708 2580 2755 deutet, das Drama seiner Tochter Marie, der der „Ruf des Lebens“
1305 2750 2589 2791 die gewaltsame Befreiung von der brutalisierenden Selbstsucht des
1303 2777 2596 2828 Vaters ist, dem sie eine Arzenei, die den „Schlaf von hundert Nächten“.
1294 2814 2600 2859 enthält, in das Glas schüttet, um sich die „Tür ins Freie“ zu öffnen.
1308 2857 2595 2903 und das Drama der schwindsüchtigen Katharina, bei der der „Ruf des
1308 2905 2591 2946 Lebens“ die Sorge ist, auch nur eine Glücksstunde der kurzen Lebens¬
1303 2936 2594 2982 frist ungenassen entschlüpfen zu lassen, weshalb sie von Mann zu Mann
1300 2982 2586 3029 haftet. Nur die blauen Kürassiere, die morgen in den Soldatentod
1302 3015 2584 3060 reiten sollen, scheinen den „Ruf des Lebens“ nicht zu kennen. Schon
1300 3044 2589 3086 der Schluß des ersten Aktes verstimmte einen Teil des Publikums.
1306 3087 2589 3134 Der zweite Akt mit seiner kleckshaften Malerei und der dritte Akt, der
1297 3130 2593 3174 mehr schwulstiges Soupergespräch als Drama ist, konnten das Interesse
1293 3145 2605 3215 des Publikums nicht dauernd fesseln. Die Darstellung war, wie immer
1285 3203 2131 3275 im Deutschen Volkstheater, eine vortreffliche.
1493 3222 2518 3296 Sieawund von Hondeaner arheitnt gegmnärti„ „ „
