3436 4352
1508 167 2013 275 box 24/3
215 177 1518 295 19. Der Ruf des Lebens
1451 1082 2109 1186 W
2483 1128 3348 1217 Blick befremdet freilich das offenkundige Un
1426 1173 2496 1225 1904 erreichte Rose Bernd im Lessingtheater die höchste
2497 1206 3352 1278 Shakespeares Dramatik; denn er gilt un
1430 1221 2493 1288 Darstellungsziffer. — Die Erneuerung der deutschen
1206 1214 1371 1320 7 Sn
2493 1260 3325 1332 größter Bühnenmensch der germanischen
553 1176 1220 1365 Jeuilleton.
1423 1257 2496 1328 Literatur in den achtziger Jahren brach die alte Pro¬
806 1318 902 1389 —
2571 1304 3336 1375 Aber dem tieferen Eindringen in die
1429 1310 2503 1373 tagonistenstellung Wiens in der deutschen Bühnenwelt.
1173 1293 1391 1417 7 6 1
2499 1338 3351 1421 des Publikumgeschmacks entwirrt sich auch d
1427 1366 2501 1428 Ludwig Speidel schrieb damals: „Wenn wir den Geist der
390 1375 1379 1482 Theatergeschmack Wien-Berlin.
2496 1403 3343 1473 Der Wiener verlangt eine deutlich ausgesproc
1425 1419 2495 1482 Zeit richtig verstehen, so mehren sich die Zeichen, daß der
2494 1456 3356 1533 Er will ganz genau wissen, was der Di
1420 1460 2501 1546 dramatische Genius von Wien Abschied nehmen und
808 1463 954 1549 Von
1128 1479 1321 1579 7%0
2501 1502 3359 1576 Der Raisonneur ist sein erklärter Liebling
1424 1510 2360 1585 einer großen Stadt im Norden zustreben will.“
615 1513 1143 1621 Dr. Hans Wantoch.
2493 1563 3351 1619 Beifall übergellt sich selber, wenn die Szene##
1502 1534 2504 1623 Die Bühnenkunst des Naturalismus, die Dramen¬
2490 1607 3353 1667 wird, und der Dichter — wie einst Karl d
1421 1608 2494 1670 kunst des Impressionismus fand im Berliner Publikum
425 1597 1432 1687 Wir haben in der kurzen Zeitspanne von fünf
2828 1660 3355 1716 — die guten von den bös
2498 1659 2848 1732 der Klosterschule
1417 1664 2502 1730 ihr natürliches Mäzenatentum. Für die dramatische
334 1680 1434 1740 Tagen zwei jauchzende Theatererfolge erlebt, die, wenn
2497 1704 3344 1771 sondert. Die; zeltweisheit und Lebensausc
1422 1723 2503 1779 Offenbarung letzter seelischer Feinheiten fehlte den
339 1729 1424 1798 auch nicht großen Dichtungen, so doch Stücken von künst¬
2497 1760 3352 1827 nicht künstlerit) gestaltet, sondern grob d
1423 1767 2508 1830 Wienern das erfassende Verstehen. Das pessimistische
336 1766 1432 1844 lerischem Wert zufielen. Beide wurden schon in früheren
2498 1806 3338 1874 gesprochen wird: die Tendenz findet hier d
1420 1819 2505 1880 Geau=in=Grau=Verrecken stieß ihren sarbfrohen Sinn ab.
342 1822 1430 1897 Spielperioden in Berlin aufgeführt, denn Berlin ist —
2501 1872 3341 1927 Applaus. Die breite Behaglichkeit dieses
1430 1862 2504 1943 Man gibt sich hier den Erschütterungen des Sterbens
336 1868 1433 1942 wie allbekannt — das Mekka der deutschen Bühnendirek¬
2501 1903 3344 1973 sich nicht erst aus Gestalten und Handlung
1425 1908 2510 1975 auf der Szene willig hin. Aber der Tod muß prunkhaft
337 1927 1430 1983 toren, das ihnen ihre Weisheit offenbart. Vielleicht nicht
2497 1958 3363 2033 des Dichters mühevoll aufbauen; es liebt#
1429 1965 2503 2026 drapiert sein, um die Leiche muß eine purpurrote Makart¬
346 1977 1435 2052 mehr lange. Diese beiden Dramen wurden an der Spree
2498 1999 3357 2078 die Meinung in handlichen Formeln vorge
1427 2020 2504 2091 sche Blutlache leuchten. In keiner anderen Stadt hätte
345 2027 1426 2093 von Kritik und Publikum abgelehnt. Und stammten doch
2508 2055 3352 2130 Aber im naturalistischen Drama fehlte jed
1429 2081 2499 2137 dieser Theat#. zner der Palette zum Zeitereignis werden
339 2079 1428 2144 von Dichtern, die dort zulande Liebkind sind, während
2502 2112 3345 2172 tonung subjektiver Sittlichkeit. Es galt dies
1432 2126 2509 2183 können, in keiner zweiten Stadt der Wolte:=Schrei eine
344 2129 1436 2191 sie bei uns nur nebenher, gleichsam zur Beruhigung des
2512 2157 3348 2224 als höchster Triumph, ohne Parteinahme
1426 2158 2515 2235 so starke Resonanz gefunden, Das malerische Breite, das
340 2177 1429 2254 literarischen Gewissens, zu Worte kommen. Diesmal
2499 2212 3350 2285 darzustellen. Schulbeispielmäßigen Ausdru
1429 2219 2511 2287 sinnliche Bunte ist die künstlerische Lust der Wiener. Im
348 2231 1437 2294 aber klangen Beifall und Zischen aus entgegengesetzten
2499 2245 3361 2323 Kunstlehre in einem kleinen Stücke Artur
1427 2271 2508 2343 Grunde ist diese Stadt die Theaterstadt geblieben, als
351 2275 1436 2354 Weltrichtungen als sonst. Die Wiener jubelten Schnitzlers
2499 2310 3357 2384 Lebendige Stunden gefunden. Eine Mutter
1426 2312 2514 2384 die man sie einstmals pries. Aber die Dichtungen der
344 2330 1444 2402 Ruf des Lebens und Wedekinds Musik zu. Und
2570 2354 3365 2433 freiwillig, weil ihr jahrelanges Leiden dis
1433 2365 2522 2426 letztvergangenen Epoche waren keine Theaterstücke. Die
349 2374 1433 2445 wer die Bewegungen der Theaterereignisse in Noxd##nd
2501 2413 3352 2475 Schaffenskraft ihres Sohnes unterband. Nu
1437 2414 2515 2491 belangloseste Schiller=Aufführung findet bei uns noch
347 2429 1440 2501 Süd ein wenig verfolgt, wird schon nach kurzer) Frist
2504 2462 3347 2543 Freund, der ein Leben lang in Treue bei
1432 2460 2510 2534 ein volles Haus, dem die Wangen vor Begeisterung
342 2480 1435 2568 zur Feststellung eines diametral anders gearteien Theater¬
2511 2514 3354 2579 und der Sohn, an den sie ihr ganzes Dasein
1431 2488 2531 2592 glühen. Goethes subtilere Werke, seine tiefgründigere
340 2516 1440 2607 geschmacks in beiden Städten gelangen. Shaws Der
2504 2563 3359 2637 einander gegenüber. In wunderbar verh##
1433 2566 2522 2627 Geistigkeit verlockt keine willige Gefolgschaft. Der Wiener
345 2583 1437 2644 Arzt am Scheideweg, Wieds 2X2=5 schwangen sich in
2495 2614 3342 2680 pörung seines Schmerzes ruft dieser Mann
1436 2621 2517 2685 Bühnengeschmack ist nicht fingerbreit von jener Stelle
341 2631 1434 2707 Berlin bis zu dreistelligen Aufführungsziffern empor
2506 2657 3350 2722 zu: „Was ist denn deine ganze Schreibere
1429 2677 2503 2737 gerückt, an der er lag, als das „Tagebuch eines alten
350 2685 1435 2759 und vermochte in Wien kaum ein dutzendmal den Kassen¬
2499 2714 3362 2785 du das größte Genie bist, was ist sie de
1428 2721 2505 2792 Wieners“ von sonst unbekannter Hand geschrieben wurde.
352 2740 1441 2804 vorstand zu befriedigen. Das Publikum der reichs¬
2516 2768 3333 2827 eine Stunde, so eine lebendige Stunde,
1439 2772 2513 2836 Julius Leisching hat es vor einigen Jahren heraus¬
354 2775 1439 2852 deutschen Hauptstadt ermöglicht Otto Brahm sein wunder¬
2508 2811 3351 2882 Mutter hier auf dem Lehnstuhl gesessen ist
1440 2827 2514 2903 gegeben. Hier flammt Schillers Kunst dieselbe Freude
353 2826 1437 2898 bar treudeutsches Festhalten an der Kunst Gerhart Haupt¬
2511 2863 3359 2937 geredet hat, oder auch geschwiegen — ab
1427 2873 2515 2943 zu, waltet die gleiche zwangvoll abgerungene Hingabe
349 2882 1431 2950 manns. Sein Werk gehört zum embarras des richesses
2503 2915 3351 3000 gewesen — da! und sie hat gelebt, gelebt!“
1433 2928 2515 2987 an Goethes Dichtung, wie sie das Wiener Durchschnitts¬
356 2936 1445 2998 des Brahmschen Spielplanes, keine Woche vergeht, ohne
346 2968 3355 3049 daß er eine Hauptmannsche Dichtung aufführte, und publikum von heute immer noch empfindet. Den ersten] erwachendem Zusichselberkommen aus bösen
