3436 4352
855 205 945 285 d
1066 206 1239 286 Leb
1556 204 2013 311 box 24/5
238 210 1406 326 19. Der RufSens
1053 1120 3185 1208 absorbiert hat, hat uns Sudermanns Schauspiel „Der fakalem Konnex zu den reduzierten Schauspielergagen,
141 1116 1050 1204 uen, todgeweihten Kürassiere, der sich, getreu
2128 1196 3195 1252 aber sie sind nicht nur eine wirtschaftliche Notwendigkeit,
1050 1188 2118 1259 gute Ruf“ gezeigt, vielleicht nur zu sehr. Er soll jetzt,
134 1189 1056 1252 rte, selbst den Tod gab: „Er wird vielleicht der
1061 1243 2115 1298 dem vor nicht allzulanger Zeit der Spottname: Kotzebue
2123 1251 3196 1311 sondern auch ein Sinnbild. Ein Sinnbild dafür, daß
144 1252 1053 1311 sein, dessen Name bleiben wird, weil er nicht
1064 1300 2118 1362 entgegengellte, Sardou entbehrlich machen, er wird zum
2127 1292 3197 1353 heute die Kunst Zuflucht sein muß für alle Mühseligen
153 1297 1057 1353 Held, sondern auch eine Art von Narr gewesen
2121 1341 3189 1410 und Beladenen, daß heute auch der Mittelstand ins
1049 1340 2119 1407 modernen Juvenal von Groß=Berlin ausgerufen, zum
137 1345 1056 1407 he Launen hat der Ruhm.“ Heute hat der Ruhm
1062 1390 2119 1459 Dichter der Plutokratie und ihrer fragwürdigen Ethik.
125 1388 1052 1457 aunen, unsere Existenz hat das Spielerische,
2124 1383 3189 1446 Parkett gehört, weil seine Söhne auf dem großen
1062 1442 2129 1506 Wie harmlos und bieder ist noch etwa Fontanes „Frau
2123 1455 3185 1506 Schlachtentheater ebenso bluten, wie die eleganten
126 1451 1058 1501 lative, zwischen Wahrheit und Täuschung
129 1491 1048 1562 kende, worin ein wesentliches Moment der
1049 1480 3186 1550 Jenny Treibel“ gegen die Damen aus Berlin W., die Herren, denen vordem diese Plätze allein zugänglich
1055 1543 3198 1593 Sudermann uns vorstellt. Uns ist heute Berlinwaren. Und auf die Galerien rücken vielleicht Schichten
138 1552 1058 1608 und beveutenden Kunst Schnitzlers liegt, ver¬
1060 1592 3187 1646 und das von Bernhard Shaw, dem Starnach, die früher grollend abseits standen, wenn von den
135 1597 1054 1665 st ernst, absolut, wahrhaft geworden. Aus diesem
1049 1640 2128 1700 der vorjährigen Burgtheater=Saison, geschmähte
2118 1643 3186 1697 Gaben der Kunst die Rede war. So vollbringt die Er¬
140 1646 1051 1716 heraus blieb auch dem kürzlich in Berlin zum
1064 1690 2132 1751 Potsdam etwas ganz anderes, als die Kreise aus „So¬
2120 1690 3190 1762 ineuerung unserer Nation ganz in der Stille, was die
133 1694 1049 1769 il aufgeführten „jungen Medardus“ der volle
1047 1738 2128 1821 doms Ende“ zu vertreten imstande sind, deren Ahnen
2122 1737 3187 1814 flautesten internationalen Programme nicht vermochten.
139 1753 1053 1804 versagt: ganz abgesehen davon, daß die bunte
2117 1797 3190 1858 Das Theater wird zum Treffpunkt, an dem die gesamte
1060 1794 2125 1850 kaum viel mit dem märkischen Sande zu tun haben.
127 1794 1049 1867 ille dieses in Einzelheiten wundervollen Dramas
1051 1842 2126 1914 Wir brauchen keine Sudermann=Renaissance, mag uns
2113 1844 3194 1908 Bevölkerung Anteil gewinnt: hier werden die Extra¬
138 1846 1049 1909 hmen der Bühne sprengt. Und es hätte ein
1058 1898 2113 1961 auch der geschickte Theatermann nicht unwillkommen
2127 1890 3192 1958 blätter, die schon der alte Schikaneber zu geschickten
128 1896 1050 1959 ngsvoller Gruß Wiens, das ja die eigentliche
1064 1943 2124 2007 sein. Wir schauen sehnsüchtig nach dem großen Gestalter
2123 1939 3193 2010 Zwischenaktscoups auszunützen verstand und die heute in
147 1951 1053 2005 des Dramas ist, an das brüderliche Berlin
1061 1992 2124 2061 aus, der uns alle die Sudermanns, das ganze Sardou¬
2119 1990 3197 2059 Berlin schon selbst auf die Bühne gekommen sind, zu
143 1993 1054 2076 können: ein Symbol für das Wien von 1805
2119 2048 3189 2106 Ereignissen, die dem Stück auf der Bühne die ernste
1049 2045 2119 2094 Epigonentum, entbehrlich macht. Er reitet vielleicht,
136 2050 1052 2106 809, da mitten im Banne der Fremdherrschaft
1055 2106 2115 2158 wie Lilieneron bei Gravelotte, gegen den Feind: Ich
2129 2093 3194 2146 Folie geben, ohne die wir uns heute kein noch so all¬
137 2099 1059 2164 ens „Fidelio“ seine Uraufführung erlebt. Freilich
1060 2151 2117 2207 denke an Fritz von Unruh, dessen „Louis Ferdinand“
2119 2142 3189 2196 tägliches Ding mehr denken können. So wirb der Schau¬
160 2148 1051 2209 „Konstellation“, wie ein Bericht meldet, recht
1064 2187 2129 2264 Zensurkonflikte, die unserem Repertoiredirektor sicher er¬
2120 2193 3190 2256 spieler zum Herold des Weltgeschehens, wie wir alle
147 2203 1056 2256 ig, das Theater „gar nicht gefüllt“. Da war
1061 2246 2116 2318 spart bleiben, erfuhr, dessen Drama „Offiziere“ heute
2129 2255 3189 2310 heute Mitwirkende sind an dem großen Szenenwandel,
137 2250 1046 2309 tgefüllte Hofoper, die nach dem Lohengrin den
1056 2303 2116 2363 auf dem Spielplan der Neuen Wiener Bühne steht.
2121 2293 3189 2365 der unseren Erdteil erschüttert. Es ziemt sich, daß wir
171 2303 1055 2359 brachte, ein erfreulicherer Anblick. Aus dem
1057 2350 2120 2406 Oder an Karl Hauptmann, dessen grausiges „Kosaken“=
2126 2343 3196 2401 diese Herolde und Tröster nicht als lästige Spaßwacher
137 2350 1048 2409 Florestans wehten uns die Schauer des Despotis¬
1064 2392 2113 2459 Momentbild im knappen Aufriß einer Szene das ver¬
2119 2396 3194 2449 r##i uns weisen, sondern weiterhin willig und freudig
125 2397 1052 2468 tgegen, aber die ewigen Mächte der Menschen¬
1054 2454 2119 2512 wüstete Ostpreußen vors Auge rückt. Wie in der Lyrik,
2125 2447 3192 2506 ihrem Spiel lauschen. In dem Alt=Wiener Lied von
135 2452 1049 2516 egen über die Dämonik der feindlichen Mächte,
2130 2494 2713 2572 Rochus Pumpernickel heißt es:
1066 2502 2120 2558 wird erst die Zukunft die Spreu des gutgemeinten oder
134 2501 1051 2558 higeniens Seelenreinheit, durch die ausgezeichnete
1060 2546 2124 2610 schlau erfundenen Gelegenheitsstückes sondern von der
126 2561 1064 2616 ung im Volkstheater uns neu vor die Seele
2328 2543 2975 2639 „Einmal därf es keinem kränken
1053 2599 2128 2660 köstlichen Frucht des echten, dem Geist der Epoche ent¬
142 2603 1053 2659 über die Barbaren triumphiert. So werden
2337 2622 2960 2693 Dem Theater Zwölferl schenken,
1066 2645 1533 2722 sprungenen Kunstwerks.
136 2656 1053 2718 ertrauten Stücke, die zu Rollenstücken oder zu
2332 2673 2870 2752 Zwölferl is ja so nit viel.“
1140 2683 2141 2758 Überblicken wir also die künstlerische Ernte dieses
129 2703 1051 2767 xperimenten herabgesunken schienen, wieder neu¬
2200 2740 3189 2803 Wir sollen nicht nur einmal, sondern so oft als
1057 2742 2130 2817 ersten Theatermonats im großen Kriege, so können wir
123 2746 1053 2806 g, entschleiern uns den Sinn der Gegenwart
2134 2781 3183 2853 nur möglich dem Theater „Zwölferl schenken“: dann erst
1064 2797 2126 2853 trotz allem und allem zufrieden sein. Diese Zufriedenheit
136 2802 1056 2870 iseres Seins überhaupt, befestigen uns im Ver¬
2124 2824 3199 2925 haben wir unsere Publikumspflicht gegenüber unserer
1058 2848 2118 2906 steigert sich zum beglückenden Bewußtsein: wir stehen
145 2853 1056 2913 auf unsere bedrohte, geschmähte, verleumdete
2117 2885 2560 2971 Theaterkultur erfüllt.
1063 2898 2123 2965 auch hier auf einem Posten, und auf keinem verlorenen.
139 2900 1056 2962 Kultur. Wie sehr diese Kultur die tragfähigen
1057 2945 2160 3029 Gewiß stehen die angenehmen billigen Eintrittspreise in
142 2945 1058 3024 rksamen Elemente der französischen Theaterkultur
