3484 4352
1632 204 2080 295 box 24/5
331 218 1472 288 19. Der Ruf des Lebens
843 1353 1990 1462 nacht brachee die lange Dreue ins Wanten) bother die Küsine
827 1402 1979 1487 des Fräuleins geliebt hat und diese jetzt einen Freund des Leut¬
833 1442 1405 1500 nants liebt, daß auch dieser —
1402 1455 1828 1516 als Regimentskamerad
1827 1475 1973 1527 — tot¬
842 1480 1980 1557 geweiht ist und die Kusine ebenfalls, weil tuberkulös — darf
829 1526 1995 1604 man das nicht eine literarlsche Konstruktion nennen? Oder ist
832 1564 1995 1618 es gar Kino? Und dann ist da noch ein älterer Arzt Schnitz¬
834 1592 1993 1692 lerscher Prägung, der das Fräulein heimlich liebt und zugleich
822 1635 1933 1708 der Freund des Bräutigams und späteren Ex=Bräutigams ist —
824 1672 1977 1742 auch er kommt vom Schreibtisch, ebenso die Nachricht, daß das
820 1705 1974 1789 Regiment der Todgrweihten sich wirklich opfert und nur einer
828 1749 1979 1823 entrinnt, der sich dann freiwillig totschießt: es ist der Liebhaber
821 1776 1962 1860 der tuberkulösen Kusine, die selbstverständlich auch stirbt. Und
816 1827 1958 1901 nach so viel Literatur traut denn auch kein Mensch dem poctisch
816 1860 1963 1935 gerafften Schluß, der den Ex=Bräutigam traurig abgehen läßt
832 1904 1965 1983 (es wird ihm hoffentlich noch gut gehen, obgleich er Sätze sagt
821 1928 1970 2017 wie „Menschen, die man einmal verloren hat, mit oder ohne
790 1997 1970 2104 Schuld, kehren doch nur als Gespenster wieder, wenn auch ihre“
784 2042 1957 2161 Wangen vom Leben glühen“) und den Arzt und das Fräulein
789 2085 1939 2187 („ich habe den Mut nicht gefunden, hinabzutauchen, wo die
787 2123 1926 2234 ewige Stille ist“) auf neue Wege der Arbeit und des Opfers
787 2152 1939 2269 sendet. Kein Einwand: dies sei ein gistiger Extrakt aus einem !
784 2200 1940 2299 Theaterabend von zweielnhalb Stunden; es sind die zur Ver¬
783 2234 1939 2347 handlung stehenden Tatsachen, die Schnitzler mühevoll ersand
776 2280 1976 2384 mühevoll verband und — dafür ist er Schnitzler — mühelos mit *)
769 2309 1912 2423 seinen und tiefen Worten garnierte. Es ist noch zu sagen, daß
771 2355 1968 2472 Herr Neppach die schönen Dekorationen vergeblich gemalt und [)
770 2388 1950 2519 das Personal unter Herrn Hellmers Führung sich vergeblich  9
771 2435 1915 2530 geplagt hat. Es plagten sich u. a. Herr Henning (der den alten
758 2463 1978 2568 Vater eindrucksvoll böse krächzte und nach dem 1. Aufzug heim¬ a
760 2508 1980 2625 gehen durfte), Fr. Wissermann das liebe Mädel, gut in:5
766 2547 1937 2666 der Verhaltenheit, aber die Bereitschaft auf den „Ruf in das er¬
759 2588 1838 2681 sehnte herrliche Leben“ glaubte man ihr nicht), Herr F.
758 2622 1924 2747 Schröder (ein efsektvoller Oberst mit sicherem Wort), Herr;
754 2658 1892 2761 Kauer (der Arzt; verständig und klug, doch kein Ciseleur von
750 2695 1934 2819 Schnitzlerschen Weisheiten), Frl. Staub (die als todgeweihte!
750 2730 1762 2815 aber hitzigglühende Kusine zu viel Theater machte)
1764 2790 1881 2847 Herr
745 2770 1923 2892 Umminger (der den Leutnant respektabel, doch nicht über¬
746 2816 1896 2917 raschend spielte) Herr Eggers=Dechen (zu farblos in der
753 2851 1912 2955 Rolle des Bräutigams) und die Damen Sieger (Marke liebe
743 2887 1883 2986 Tante) und Sagan (Frau Oberst: heißes Blut und Haß).
738 2912 1888 3033 Im ganzen: eine Aufführung mittleren Grades Das „Neue
738 2943 1893 3067 Theater“ verdient Anerkennung, wenn es nach ernsteren Stücken
742 3008 1895 3110 greist. Nur muß es dann auch die Künstler dafür haben. Und
721 3039 1280 3118 die werden im Kriege rar sein.
