3484 4256
259 292 1405 406 19. Der Ruf des Lebens
986 659 1346 715 Telephon 12801.
461 740 1176 849 „OBSERVEN
312 821 1394 922 I. öste- behördl. konz. Unternehmen für Zeltungs-Ausschnitte
478 889 1209 973 Wien, I., Concordiaplatz 4.
692 962 995 1016 Vertretungen
289 989 1383 1079 in Brlin, Budapest, Clicago, Christiania, Genf, Kopenhagen,
290 1035 1398 1119 Loncon, Madrid, Mailand, Minneapolis, New-York „Paris Rom,
436 1088 1221 1152 Sen Francisco, Stockholm, St. Petersburg.
622 1128 1048 1184 (Quallenangabe ohne Gewähr.)
270 1171 1447 1307 Ausschnitt außerliner Börsencourier
281 1297 427 1349 vom:
561 1284 898 1365 27. 2.1806
419 1370 1426 1461 Arthur Schnitzlers dreiaktiges Schauspiel „Der
353 1439 1412 1502 Ruf des Lebens“ hatte am Tage der Erstaufführung
365 1482 1407 1544 auch seine Buchhandels=Première. Die sehr hübsch
353 1522 1413 1563 und sorgsam ausgestattete Buchausgabe (S. Fischers¬
359 1560 1403 1631 Verlag, Berrin) liest sich anziehend und appetit¬
362 1605 1407 1666 lich. Was an dem Stück etwa fremd anmutet, in
362 1645 1405 1702 erster Linie das Buchdeutsch, fällt natürlich in der
366 1674 1408 1747 Buchausgabe weniger auf, in der die Sprache, der
358 1723 1394 1784 Probe durch den lebendigen Vortrag entrückt, recht
361 1762 1406 1820 schwunghaft klingt. Die Sentenzen, die mancherlei
355 1812 1418 1869 glücklichen Einfälle kommen dabei, langsam und be¬
351 1847 1396 1893 dächtig genossen, umso wirksamer zum Ausdruck. Die
364 1888 1406 1950 Grundidee, die Darstellung der unwiderstehlichen
355 1932 1400 1996 Gewalt, die im „Ruf des Lebens“ liegt, wird freilich
348 1975 1411 2018 auch beim Lesen durch die gewaltsame und krasse
357 2011 1402 2073 Handlung und eine gewisse Uebertreibung des
363 2052 792 2125 Beispiels geschädigt.
1138 2497 1499 2588 Telephon 12801.
1196 2583 1336 2666 55
588 2615 1312 2715 JUBSEHVER
412 2701 1513 2763 I. österr. behördl. konz. Unternehmen für Zeitungs-Ausschnitte
614 2757 1338 2823 Wien, I., Concordiaplatz 4.
824 2821 1147 2886 Vertretungen
422 2879 1525 2934 in Berlin, Budapest, Chicago, Christiania, Genf, Kopenhagen,
423 2922 1520 2964 London, Madrid, Mailand, Minneapolis, New-York. Paris, Rom,
586 2952 1361 3021 San Francisco, Stockholm, St. Petersburg.
1356 2971 1527 3061 WWien
760 2999 1345 3088 (Quellenangabe ohne Gewähs)
418 3039 929 3134 Ausschnitt abs:
700 3108 918 3196 3. 19.6
417 3153 595 3223 vom:
763 3246 1625 3314 n— Täs „N. W. Journal“ vom 2. d.
438 3267 1629 3361 brachte ein zehn Spalten langes Feuilleton von Paul Lindau
450 3326 1625 3389 über Schnitzters neueste Komödie, in dem Herr Schnitzler über den
454 3381 1627 3452 grünen Klee gelobt wurde. Wahrscheinlich wird Herr Schnitzler
453 3430 1617 3493 nächstens einen ebenso schmeichelhaften Artikel über Herrn Lindau
446 3466 1619 3524 schreiben. Das ist das alte Lied: „Lobst du meinen Juden, so lob'
450 3520 1616 3582 ich deinen Juden!“— Unsere „Freiheitlichen“ haben die Politik
455 3557 1612 3620 fast ganz aufgegeben. Sie veranstahen nur noch „gesellige Abende“
437 3583 845 3670 cit Klavierbegleitung.
989 3587 1579 3682 # F. F. Masaidek.
1437 3728 1517 3789 18
1537 283 2016 379 box 24/3
2739 502 3128 601 Telephon 12801.
2210 546 2908 714 „OBSERVER‘
2034 671 3116 784 I. österr. behördl. konz. Untern. amen für Zeitungs-Ausschnitte
2220 733 2956 840 Wien, I., Concordiaplatz 4.
2429 807 2736 877 Vertretungen
2033 817 3112 959 in Berlin, Budapest, Chicago, Christisnia, Genf, Kopenhagen,
2026 890 3120 989 London, Madrid, Mailand, Minneapolis, New-York. Paris, Rom,
2186 923 2964 1027 San Francisco, Stockholm, St. Petersburg.
2356 973 2797 1044 (Auolleneagabe ohne Gewähr.)
2021 1017 3164 1168 Ausschnitt aussgutsche Zeitung, Wien
2017 1116 2154 1183 vom
2286 1100 2606 1188 11, 3. 1906
2164 1171 2252 1235 —
1997 1222 3190 1326 Maximilian Harden schreibt in der „Zukunft“ über Schnitzlers
1982 1260 3187 1360 Schauspiel „Der Ruf des Lebens": „Soll ich einfach sagen, daß
1976 1307 3175 1408 ich selten Erbärmlicheres, Widrigeres und zugleich Langweiligeres
1988 1351 3176 1451 auf der Bühne sah?" Es gibt also doch Israeliten, die der
1984 1393 3168 1516 Wahrheit die Ehre geben, selbst wenn es sich um einen Kon¬
1982 1429 2372 1506 nationalen handelr
2240 2506 2639 2592 Telephon 12801.
1868 2564 2995 2679 Alex. Weigls Unternehmen für Zeitungs-Ausschnitte
2052 2665 2813 2783 „OBSERVER“
1875 2772 2996 2878 L. österr. behördl. konz. Bureau für Zeitungsberichte u. Personalnachrichten
2062 2839 2854 2933 Wien, I., Concordiaplatz 4.
2300 2910 2614 2977 Vertretungen
1888 2945 3005 3027 in Berlin, Budapest, Chicago, Genf, Lu don, New-York,
1883 3001 2998 3079 Paris. Rom, Mailand, Stockholm, Christiania, St. Petersburg.
2164 3052 2730 3121 (Quellenangabe ohne Gewähr.)
2290 3064 2929 3179 WIENER CARICATUREN
1879 3152 2357 3247 Ausschnitt aus:
1888 3277 2083 3336 vom:
2104 3269 2487 3380 KMRERR
2129 3344 2840 3464 Cheater - Karikaturen.
2468 3438 2542 3478 —
2238 3482 2754 3577 Der Ruf des Lebens.
2297 3546 2719 3617 Von Artur Schnitzler.
2110 3590 2850 3679 Das Leben ruft, der Dichter hört's,
2109 3651 2785 3731 Es zieht ihn grausig erdenwärts.
2098 3689 2909 3778 Das Spiel ist aus, der Ruf verklingt,
2103 3746 2920 3828 Jetzt fragt man, ob er Wirkung bringt.
2106 3822 2784 3921 Jaßt zu dem Ruf 'ne „Liebelei“
2118 3875 2861 3954 Das Publikum, wird er ein Schrei,
2107 3935 2796 4009 Erlebt „lebend'ge Stunden“ viel,
2107 3977 2912 4086 Sonst Kleibt er nur ein „Zwischenspiel“
