3532 4352
317 160 1484 270 19. Der Ruf des Lebens
1640 177 2084 267 box 24/2
1231 1246 1341 1306 248
1752 1255 2024 1322 Die Schaubühne
1224 1391 2513 1471 moto. Aber ein Drama ist keine Symphonie. Neben diesem
1232 1441 2518 1529 Hauptirrtum sind die technischen Ungeschicklichkeiten beinahe un¬
1230 1493 2519 1581 wesentlich: daß an jedem der drei Aktschlüsse einer oder eine tot
1233 1552 2517 1620 zu Boden fällt, und daß im zweiten wie im ersten Akt dieselbe
1237 1620 2318 1688 Marie von verschiedenen Leichen zur Liebesfeier stürmt.
1308 1681 2517 1746 Da geht freilich die Technik des Schauspiels bereits in die
1223 1735 2520 1791 Ethik über. Es ist unanfechtbar, weil lückenlos begründet, daß
1217 1775 2504 1860 diese Marie das Scheusal von Vater tötet. Aber es ist höchst un¬
1221 1847 2505 1903 erfreulich, wie nicht nur in dieser Marie, sondern in fast allen
1219 1892 2502 1967 diesen Menschen der nackte Trieb vorwaltet. Schnitzler ist früher
1223 1948 2508 2007 feiner oder größer gewesen. Die Eheleute im „Zwischenspiel“ sind
1214 1998 2508 2073 Erotiker bis über die Ohren, aber daneben geniale Musiker und
1222 2051 2499 2118 die empfindlichsten, reinsten Seelen. „Der Schleier der Beatrice“
1217 2112 2508 2166 ist vom lebenbejahenden, sinnetrunkenen Geist der Renaissance er¬
1208 2158 2504 2225 füllt. Glut lodert und Blut strömt durch dieses Drama, das ein
1217 2210 2499 2282 Volk am Vorabend seines letzten Tages und deshalb in wild ge¬
1217 2275 2499 2318 steigerter Lebenslust zeigt. „Was bist Du für ein Wesen, Beatrice?“
1203 2332 2501 2393 Das ewig verschleierte und ewig lockende Leben. Was bist du für
1207 2381 2500 2440 ein Wesen, Marie Moser? Ich weiß es nicht. Es gilt von ihr
1214 2431 2495 2493 wie von den übrigen neun Personen dieses Schauspiels: nur ihr
1203 2495 2495 2541 Schicksal im allgemeinen ist handgreiflich, nicht ihr Leben und ihr
1206 2537 2500 2626 Wesen im einzelnen. Das ist zu wenig. Die meisten sind sich
1201 2585 2491 2677 nur des einen Triebes bewußt. Ihr Stamm sind nicht jene Asra,
1209 2650 2495 2714 welche sterben, wenn sie lieben, sondern welche lieben, wenn sie
1206 2706 2499 2770 sterben. Es gibt keine andre Sorge. Wäre es wenigstens jene
1200 2754 2490 2819 intimere Erotik, deren unbestrittener Meister Schnitzler in
1195 2820 2492 2884 Deutschland ist! Aber an ihre Stelle ist die pure Sexualität ge¬
1197 2878 2487 2934 treten. „Nie mehr an blühenden Lippen hängen, vom Duft
1201 2931 2492 2990 zitternder Brüste umweht“: das ist das Leit= und Leidmotiv, das
1191 2982 2476 3037 bis zum Überdruß abgewandelt wird. Max und Marie, Marie
1204 3043 2478 3105 und der Adjunkt, der Adjunkt und Katharina, Katharina und
1205 3072 2483 3158 Albrecht, der Oberst und Irene, Irene und Max — es ist ein
1204 3136 2479 3214 Reigen amoureuser Beziehungen, für den der Titel vom „Ruf des
1191 3197 2488 3274 Lebens“ zu reich und der Hintergrund eines todgeweihten Kürassier¬
1192 3246 1714 3320 regiments zu gewaltig ist.
1275 3311 2470 3373 Ich glaube trotz alledem nach wie vor, daß dieser Abstand
1187 3359 2484 3419 durch die Darstellung hätte verkleinert werden können. Statt
1189 3417 2482 3483 dessen wurde er vergrößert. Am ärgsten war es um Katharina
1195 3474 2485 3557 und die Oberstin bestellt. Es gibt bei uns leichter einen Appell
