3436 4384
293 263 1350 373 19. Der Ruf des Leber
1339 281 1453 364 18
471 1405 735 1492 aus 2re
472 1510 1600 1589 es bleibt die Frage übrig: Hat der Ruf des Lebens
468 1580 1590 1647 wirklich geklungen oder nicht? Was wurde mit Marie
467 1613 1577 1687 und dem Leutnant? War es ein Märchengleichnis,
473 1667 1587 1743 oder war's Wirklichkeitsdarstellung?. Ich kann mir
468 1723 1572 1789 einen Menschen vorstellen, über den der Ruf des
475 1765 1572 1843 Lebens solche Gewalt hat, daß er ihm auch nach Ver¬
474 1807 1578 1888 brechen und den Tod vor Augen folgt. Aber weder
474 1858 1575 1944 Marie Moser noch ihr Leutnant haben rotes Blut
462 1897 1579 1990 in den Adern; ich kann mir nicht vorstellen, daß
467 1962 1575 2030 Menschen von ihrer Erziehung, ihrem veredelten
474 2004 1565 2087 Gefühlsleben, ihrer Peinlichkeit, wären sie lebendig,
473 2051 1575 2143 in „Seligkeit genießen“ könnten. Gespenster, taumelnde
469 2100 742 2170 Gespenster!
502 2156 1566 2236 Gerne nehmen sich die Schauspieler der Schatten¬
456 2211 1562 2290 wesen an, die sie selbst erst mit eigenem Inhalt zu
457 2272 1563 2328 erfüllen glauben. Dann aber müssen die Schatten
456 2312 1559 2374 nicht bedeutungsschwer“ gefaßt werden; und wenn
462 2352 1563 2434 Schnitzter diesmal einer Selbsttäuschung verfiel, so
456 2403 1568 2479 hätte darum die Darstellung hartnäckig auf dem
460 2453 1562 2527 gleichen Fehler verharren müssen. Schauspieler wie
459 2508 1561 2580 Irene Triesch (Marie), Reicher (der Arzt), Bassermann
463 2558 1553 2624 (der Oberst) wurden physiognomielos, gerade weil
453 2596 1550 2680 sie sich zwangen oder der Suggestion verfielen,
458 2637 1564 2709 daß jedes Wort, was sie zu sprechen hatten,
450 2708 1556 2766 ein Epigramm von Charakter sei oder ein
461 2741 1562 2799 tiefes Geheimnis berge; und die „unsympathische“
446 2785 1551 2866 Figur des alten Moser ragte bei Marr um so
446 2836 1556 2912 kräftiger hervor, weil Schnitzler sie in einfacheren
448 2882 1561 2967 Umrissen hielt und weil der Schauspieler Marr nichts
455 2919 1559 3028 Allzutiefes aus ihr schöpfen wollte. Ein mürrischer
453 2990 1099 3060 Greis, ein menschlicher Typus.
1264 3015 1535 3093 L. Schönhoff.
946 3079 1061 3152 69
1607 265 2056 361 box 24/2
2738 1560 3363 1625 Hehemann, in schrankenlosem
1855 1572 2455 1666 ee Konzerte. 25
2738 1614 3371 1685 orakelt, wird kein ruhiger B
2102 1646 2216 1706 Von
2731 1661 3366 1728 mögen: weder wird man El
2004 1679 2304 1778 Carl Krebs.
2732 1711 3362 1774 den größten Musikern der a
2725 1755 3348 1813 räumen können, noch wird zu
1654 1764 2709 1846 ie Singakademie unter Professor Georg Schumann
2727 1801 3368 1876 seiner Partituren eine „Ent
1697 1832 2702 1906 führte am Freitag zum erstenmal ein großes
2718 1854 3353 1922 geahnten Mitteln des Ausdru
1607 1870 2704 1950 Chorwerk von Edward Elgar auf: „Die Apostel“, das
2716 1901 3351 1963 die Hyperbeln sonst lauten.
1606 1929 2696 1989 erste von drei Oraiorien, die von der Berufung, der
2723 1954 3355 2008 Hehemann hat auch die „Apost
1605 1969 2693 2046 Aussendung und dem Wirken der Apostel sowie vom
2723 1997 3354 2063 nach leitmotivischen Schätzen d
1610 2024 2701 2094 „letzten Gericht“ und dem „neuen Jerusalem“ handeln
2715 2044 3350 2109 der Tat 87 (siebenundachtzig!)
1599 2065 2692 2139 sollen. Dieser bis jetzt fertig gewordene Teil zerfällt
2718 2087 3357 2170 sagen Regenwürmer, aber do
1597 2124 2698 2185 in sieben Abschnitte und führt uns in einzelnen Bildern
2725 2137 2948 2209 gefunden.
1587 2167 2695 2237 bis zu Christi Himmelfahrt, in Bildern, die zum Teil
2763 2183 3357 2252 Die Erfindung der Motive
1595 2216 2694 2264 breit und farbig ausgeführt sind, wie der „Morgen¬
2718 2237 3334 2300 lichste Teil des Werkes, und
1596 2255 2693 2327 pfalm“ der wirkungsvoll eine hebräische Melodie
2716 2275 3358 2347 es wird mit diesen Erinnerun
1587 2309 2692 2384 benutzt, und die Szene in der Burg von Magdala,
2722 2334 3353 2401 beitet; da ihnen nun, bis auf
1585 2359 2686 2437 wo in die reuevolle Klage Marias ein Freudenchor
2710 2381 3349 2436 das Apostelmotiv, das aber au
1589 2416 2694 2477 lachend und lockend hineinklingt; und die zum anderen
2727 2429 3347 2497 Choral entlehnt ist, Prägnanz
1581 2455 2680 2529 Teil sich nur andeutend verhalten, wie in „Golgatha“
2733 2475 3355 2543 fehlen, so bekommt das Ganze,
1590 2496 2683 2580 wo die Handlung, die Kreuzigung, schon vollendet ist
2703 2523 3360 2594 recht origineller harmonische
1584 2554 2679 2614 und wo nur die Gefühlsreflexe des ungeheuren Er¬
2708 2580 3356 2631 etwas verschwimmenden, weich
1580 2588 2675 2680 eignisses auf die Zuhörer fallen, oder bein Seesturm,
2710 2628 3348 2690 um so mehr, als der Verfasser
1586 2650 2688 2725 als Christus auf den Wogen wandelt. Daß s Elgar
2704 2677 3352 2739 staltungen und Gruppierungen
1583 2700 2688 2773 hier verschmäht hat, uns den heulenden Sturm und
2703 2716 3351 2780 drücke, die ich von dem Werk
1576 2742 2684 2811 das Meeresgetöse recht leibhaftig und realistisch vor¬
2708 2771 3352 2834 ich etwa so zusammenfassen: T
1581 2787 2685 2868 zumalen, was ja billig herzustellen war, soll ihm
2702 2805 3359 2873 Einflüsse von verschiedenen Sei
1585 2842 2684 2918 hoch angerechnet werden: auch der Meister des musi¬
2711 2872 3346 2933 wisse Eigenart der musikalische
1579 2899 2673 2970 kalischen Stils zeigt sich oft genug in dem, was er
2705 2901 3298 2983 stark hervortretend, aber sei
1585 2936 1969 3005 weise verschweigt.
2707 2962 3344 3032 merkt zu werden; im eingel
1630 2988 2674 3050 Und ein Meister ist Elgar insofern, als er die
2703 3000 3348 3075 Interessantes, manche feine
1583 3041 2669 3113 Mittel des Orchesterausdrucks in nicht gewöhnlichem
2701 3056 3349 3118 doch werden tiefergehende Eind
1585 3085 2676 3158 Maße beherrscht und als er viel Geschmack zeigt;
2695 3105 3351 3169 daß das Ohr in diesem Orato
1580 3148 3347 3232 was jedoch der Erläuterer der „Apostel“, Herr Max Befriedigung findet als Seele
