3392 4320
1484 168 1946 255 box 24/1
170 160 1341 264 19. Der Ruf des Lebens
1877 796 1950 876 Ab
2692 858 3287 945 après les autres brisent
599 862 1640 944 sant élevé un inutile parvenu et il a aussi peu de
1652 863 2677 946 tions d’Etat; il lui donne la couronne d’Egypte
90 871 599 951 Enture de Benigne, du
2678 915 3293 989 reste, ce sont des frag
601 922 1649 993 vérité, aussi peu de race qubuin Aooligan coiffé et
98 921 591 995 été joué par Brahm
1647 936 2687 996 et part quand la chose ddeviend trop absorbante,
2680 958 3291 1023 de destinees. a Gest la v
603 974 1474 1029 habillé dans une élégance de faubourg.
91 962 596 1036 mte Keyserling vit à
2680 995 3299 1070 travaille comme bien peu##
636 1003 1646 1081 Ce qu'il a fait tout d’abord était de la vie veri¬
1641 875 2685 1081 Meretetetenr htiheltier
99 1020 608 1075 silencieux et din, qui
2690 1038 3285 1117 tions morales, qui cherche
609 1058 1633 1119 table; ce qu’il produit maintenant est de la lit¬
1639 1054 2364 1134 Encore un apercu, etc’est tout.
96 1056 598 1127 s nouvelles fines. De
2683 1091 3278 1158 niers secrets de ce que c'
610 1085 1450 1163 térature. Gorki devait rester nu-pieds.
1691 1082 2693 1161 C’est ensuite que vinrent les-grandes premiè¬
87 1095 596 1166 elangue noble et soi¬
2693 1133 3289 1188 a pour cette fois conduit le#
648 1141 1646 1204 Sous la direction de Max Reinhardt, à côté
1643 1143 2688 1210 res. D’abord la nouvelle pièce de Gerhardt Haupt¬
85 1138 606 1205 tque des mains nobles
2672 1171 3284 1254 Il a rappelé adroitement au
606 1177 1651 1260 de Gorkiet de Wedekind, Oscar Wilde était un
85 1200 602 1257 ragique rapide et sous¬
1655 1191 2688 1250 mann. Chaque année, la nouvelle pièce de
2682 1216 3297 1285 atoujours des effets plus
605 1242 1642 1293 des dieux du Petit-Théätre. L'asile de nuit de
1642 1229 2691 1296 Gerhardt Hauptmann est altenduc avec impa¬
99 1234 605 1297 ßnouvelles, qui rem¬
2684 1255 3287 1327 la vérité assez souvent es
610 1275 1643 1342 Gorki avait été son succès le plus durable,
1643 1285 2688 1340 tience. C’est l’événement le plus important, le
86 1270 611 1335 uce mélancolie et qui
2689 1313 3292 1373 les effets du théätre peuven
599 1329 1647 1384 Erdgeist (le Gnome) de Wedekind le plus bi¬
1648 1324 2684 1386 plus attachant de la saison. Mais peut-étre l'at¬
89 1312 602 1386 ucement, on pourrait
2681 1359 3288 1414 Berlinoisonttoujours aimé
601 1358 1653 1433 zarre, et la Salomé de Wilde, le plus chaleu¬
1648 1370 2685 1417 tente générale nuit-elle à l’auteur. Peut-étre cela
88 1370 600 1427 méme de sa pièce de
2690 1389 3294 1460 sa gräce viennoise, à cause
606 1388 1643 1460 reux. Donc le Petit-Théätre, sous sa nouvelle di¬
1653 1407 2686 1464 le conduit-il à arracher les fleurs du bouquet
115 1408 601 1463 comtesse viennoise,
2681 1433 3288 1499 dire légörement des choses
598 1448 1650 1507 rection devait donner de nouveau du Gorki, de
1644 1453 2689 1508 avant qu'elles se soient épanouies, à cucillir
103 1452 604 1514 ejeune fille reçoit un
2681 1476 3288 1549 de sa sensibilité délicate.
600 1481 1644 1564 nouveau du Wedekind, de nouveau du Wilde.
1652 1489 2692 1552 ses fruits avant qu’ils soient mürs, pour les
92 1496 597 1572 ncombattant de barri¬
2688 1516 3287 1602 quiert un développement
601 1532 1653 1603 Un époug idéal, que nous avons vu cette annde,
109 1535 602 1605 demi évanoui, y est
1641 1536 2693 1595 envoyer de Silésic sur le marché de Berlin seu¬
2688 1565 3295 1631 devenu plus réfléchi, ils on
613 1560 1650 1641 n'a pas été écrite dans l’enthousiasme ni con¬
95 1571 600 1651 e la vie libre et sau¬
1642 1583 2683 1646 lement parce que le marché les réclame. On a
2683 1610 3294 1683 lance pour Jui. Le dialoguc
601 1618 1642 1689 gu dans l’extase comme la Salomé chaude de
82 1621 602 1690 sde cette vie pleine
1655 1631 2692 1690 déjà senti cela plusicurs fois. Et plus que ja¬
2692 1654 3287 1726 médie 1'Inferméde a trou#
608 1649 1652 1733 sang. Un époug idéal a été éerit par plaisante¬
84 1655 600 1734 rela petite comtesse.
1641 1669 2685 1733 mais cet hiver, à la représentation de Et Pippa
2683 1703 3290 1776 Cri de la vie a été tout à fai
91 1713 599 1785 n existence sort de ses
601 1716 1650 1775 rie. C’ext unc pièce montée de salon, avec des
1650 1707 2691 1770 danse. C’est vraiment comme un fruit à demi
2726 1736 3286 1811 Le mème sort est échu
613 1759 1642 1810 intrigues captivantes, des fins d’acte pleins
1652 1753 2685 1812 mür, parfois d’une fraiche douceur, et parfois
2680 1801 3283 1860 cause des costumes antic
602 1798 1655 1853 d’effet et une solution invraisemblable dans le
89 1776 602 1861 autre auteur. Franck
1647 1808 2687 1867 indigérable. Dans son drame des Tisserands, je
2695 1836 3275 1898 splendeur radieuse de ses
606 1843 1643 1903 style des mélodrames émouvants. Les Anglais
84 1841 605 1904 üilles, des aventuriers,
1640 1847 2692 1906 crois, quelqu'un dit: & Tout homme a un désir. )
2693 1879 3284 1948 beauté de ses tableaux d
610 1884 1655 1947 ont une inclination indéracinable pour ce geure
93 1891 614 1949 et des assassins pas¬
1653 1890 2682 1945 (eine Sehnsucht). Ce mot pourrait servir de
2695 1916 3286 1994 OEdipe et le Sphinz contie
603 1922 1655 1982 non naturel qui ne repose que sur de gros effets
107 1927 600 1995 originale qui soit au¬
1652 1931 2681 1989 thème à Et Pippa danse. Car Pippa est le drame
2688 1957 3284 2040 pe vers Thebes, pendant i
605 1971 1645 2024 de coulissc. Oscar Wilde, le jeune prince des
117 1970 598 2035 Dans son cuvre se
1654 1965 2682 2033 du désir. Cetté silhouette de petite filie attiranto,
607 2016 1651 2072 esthétes, le grand arliste, méprisait cc goüt,
2678 1998 3258 2068 son père Laius, triomphe
87 2002 604 2071 e brutalité et la plus
1645 2019 2686 2080 innocente et séduisante est pour chacun quel¬
76 2051 612 2122 nsons rosses, ses vers
595 2057 1656 2114 méprisait le public qui appréciait de tels riens
2682 2052 3285 2125 Jocaste, sa propre mère.
1653 2059 2682 2126 que chose de différent. Pour l’un, c’est une con¬
2684 2085 3268 2158 qui a une résonance de
85 2099 602 2174 te des chansons popu¬
598 2092 1655 2149 et méprisait les petits artisans dépourvus
1648 2100 2688 2171 voitise sensuelle; pour l’autre, le réve d’une féli¬
89 2138 609 2213 ux joyaux de la lan¬
611 2147 1656 2206 d’art qui livrent annuellement une telle pro¬
2682 2140 3305 2218 justement ceite fete nupti
1653 2147 2689 2210 cité divine; pour un troisième, simplement le
607 2195 1651 2251 duction aux théätres londoniens. Et il vou¬
96 2193 600 2253 On a donné au Petit
2680 2187 3299 2255 Catastrophe. C’est le cha
1641 2179 2693 2254 beau. Tout Berlin s’est cassé la téte pour savoir
88 2227 608 2294 Rheinhardt et dirigé à
603 2232 1643 2281 lut montrer combien il était facile de fabri¬
2689 2241 3281 2289 ceuvre. Comme elle est co
1648 2239 2681 2292 ceque ce drame pouvait signifler. Les journaux
86 2266 603 2344 ky, Hidalla de Wede¬
2681 2270 3288 2333 beauté inaccoutumée, les
603 2277 1647 2348 quer de semblables niaiseries; il voulut éprou¬
1634 2282 2679 2342 amusants se sont épuisés en commentaires de
75 2307 612 2382 er une société pourl'é¬
2682 2316 3289 2384 cles qulils inspirent ont éi
604 2324 1641 2388 ver l’agilité de son doigté et il écrivit cette pièce,
1634 2326 2682 2400 parodie, et les philosophes écrivirent sur Pippa
84 2357 604 2416 he et il désespere parce
2680 2355 3283 2432 écriés: & Pourquoi cettt
599 2350 1648 2409 nafve, futile, d’après le modele donné au Ilis
1644 2364 2688 2428 des dissertations, qui pour étre concues sérieu¬
85 2394 601 2477 s la réalité sous forme
2681 2399 3276 2476 Qu’est-ce que nous fait
601 2405 1645 2468 Majesty's Theatre. Peut-étre voulait-ilseulement
1652 2404 2684 2470 sement n’en étaient pas moins comiques. Le
84 2447 608 2518 üté la satire coupante
2678 2437 3297 2517 Que nous importe Jocast
616 2453 1649 2508 se glisser sur la schne sous ce déguisement,
1642 2453 2687 2518 public berlinois n’a pas voulu admettre cettc
2687 2499 3299 2560 porte la cruauté insensible
94 2489 611 2566 bus ont couru pour la
597 2497 1653 2567 peut-étre voulait-il tromper le public, et tandis
1644 2506 2685 2565 fois qu'ily a des choses qu’on ne saisit qu’avee
2691 2547 3291 2608 cident que quelqu'un doit
1648 2545 1819 2605 T’äme.
614 2545 1639 2594 qu'il désirait saisir des perles de verre, lui ten¬
2680 2562 3292 2656 savoir que cest son père
86 2564 614 2646 tre'a joué la dernière
605 2588 1645 2643 edre des diamants tafilés; peut-étre voulait-il
1691 2567 2688 2648 Les ceuvres les plus importantes ont été ap¬
2675 2617 3290 2697 nuptial avec sa mèré sa
613 2639 1650 2691 ccla dans l’espoir secret, caché sous un sourire
81 2639 605 2691 da Soleil. Une pièce fai¬
1648 2632 2689 2703 portées par deux Viennois, Arthiur Schnitzler
2680 2665 3260 2734 sa mère qu'il étreint.
79 2656 603 2727 rique. Mais Gorki est
611 2674 1639 2737 méprisant et fier, que les gens feraient bien en¬
1640 2658 2251 2732 et Hugo de Hofmannsthal.
2676 2711 3295 2783 idées d’esthôte, dit-on, de
82 2715 602 2778 naghe. Il passe pour un
613 2715 1642 2778 suite la différence. Car il a semé le dialoguc de
1684 2718 2678 2785 Or, Brahm à joué au Lessing Thealer deux
86 2753 607 2821 utce qu'il apporte pour
2680 2758 3283 2827 quelles nous antres homm
601 2766 1653 2826 cette pièce des joyaux les plus brillants de son
1643 2771 2679 2826 grändes pièces pleines de sens et bien mises au
82 2791 614 2867 remarque pas qusü dit
2680 2788 3295 2869 Kavons aucun intéret.  El
599 2805 1648 2876 esprit. Il a jetétant de richesse infinie dans le
1646 2807 2679 2874 point d’Arthur Schnitzler, l'/nterméde et le
89 2854 606 2909 és. Quand il était pour
2675 2846 3287 2913 petite erreur suivante: on
605 2851 1650 2927 récipient creux de cette action que l’on on aper¬
1638 2851 2682 2918 Cei de la Tie. On peut considérer les deux
85 2890 606 2957 prolétaire de l’asilé de
2685 2889 3284 2945 ches à Hofmannsthal et on
607 2893 1092 2967 çoit à peinele vide.
1651 2901 2680 2958 pièces côte à côte et reconnaitre en elles la
91 2940 615 2995 une spontanéité trou¬
2688 2940 3283 3003 dre contre lui les autcurs
1646 2946 2675 2998 phase actuelle de développement d’Arthur
652 2920 1649 2991 Ilyaencore un autre homme à Londres quia
97 2980 605 3048 le cri touchant prove¬
2684 2952 3268 3040 qucs. On préchait contre
1639 2984 2676 3043 Schnitzler. L'une, I'Interméde, ne contient rien
596 2979 1644 3035 essayé de ce moven pour gagner la scène: l'r¬
77 3000 598 3082 connues de linconnue
2683 3007 3282 3090 commun des mortels et on
1649 3029 2674 3092 comme événements. L'autre est toute remplie de
603 3024 1636 3086 landais Bernard Shaw, dui vient maintenant
82 3063 599 3126 ant Gorki veut être ci¬
2682 3068 3281 3128 compien l’auteur avait re
1649 3076 2682 3131 catastrophes, d’assassinats, de mort et de sang.
597 3068 1645 3123 àla mode en Allemagne. On a joué au Nouveau¬
2688 3104 3275 3181 vienx mythe. Labsence de
73 3110 602 3173 aissance, par toute son
1631 3119 2679 3170 La première montre que rien apparemment, ou
599 3106 1636 3177 Théatre sa comédie César ef Cléopäire. César
88 3150 601 3214 laculturc et les conve¬
2683 3158 3286 3209 rapides à la vengeance, qug
1645 3163 2682 3219 presquc rien, n'a besoin de se passer; gue des
611 3167 1640 3222 est lä-dedans un grand seigneur qui se met en
2681 3191 3280 3255 vent dans les tragédics gr#
98 3181 619 3255 a maintenant lambi¬
1654 3199 2682 3254 événements doux, fins, tres intimes, suffisent
606 3201 1646 3261 colèrc à cause de sa calvitie qu’il trouve fä¬
72 3231 605 3310 tcur bourgeois. II veut
2678 3230 3285 3313 loppée ici dans son sens
1635 3244 2679 3311 àremplir la vic d’un homme. La scconde pièce
602 3250 1639 3310 cheuse, et qui doit etre économe en matière
1640 3276 2689 3350 montre, de plus, que des catastrophes considé¬
2683 3273 3286 3346 n’est d’ailleurs pas long#
74 3282 598 3351 lune façon triviale. II
603 3291 1644 3354 d’amour, mais qui sait dire sur la vieillesse des
2678 3325 3290 3396 dieux chez Hofmannsthal.
89 3326 606 3395 econvenable # et il est
1641 3325 2686 3395 rables, des faits puissants ne suffisent pas en¬
606 3335 1650 3390 choses spirituelles d’une façon impeccable. II
2687 3375 3282 3422 des hommes, des homme
1640 3381 2685 3438 core à former réellement une grande destinée.
76 3374 1653 3442 out àfait moderne et il jouit de la petite Cléopätre de quatorze ans
98 3406 3291 3488 dans ce milieu soi-di-I comme d’uné gentille aventure entre deux ac-] Les événcments qui font explosion les uns j ment liés à la destinée de
