3484 4256
250 170 2034 303 19. Der Ruf des Lebens box 24/4
1812 1020 2304 1108 #stania, Genf, Kopen¬
1612 1069 2310 1148 #, Mialiand, Minneapolis, New-Vork,
1398 1131 2272 1187 #n, San Francisco, Stockholm, St. Petersburg.
1557 1172 1972 1246 (Quelienangabe ohne Gewahf.))
1963 1176 2184 1266 WArtang
1129 1202 1641 1316 — Ausschnitt aus:
1430 1262 2303 1375 Der Bühnenbote, Chemnitz i &
1142 1337 1380 1416 E vom:
1390 1347 1613 1454 S
1496 1425 1788 1530 359%
1370 1508 2324 1618 Ruf des Lebens“, von Schnitzler.
1204 1541 1378 1622 „Der
1102 1573 2332 1676 Bekanntlich hat Arthur Schnitzler an diesem Werke
1117 1613 2344 1721 nach seiner Berliner Aufführung eine Umarbeitung
1121 1669 2358 1789 vorgenommen. Wenn auch dieses Moment nicht direkt
1125 1720 2340 1819 als Qualitätsfehler des Werkes gelten soll, läßt uns
1126 1757 2335 1854 immerhin dieser sich als notwendig erwiesene Umstand,
1121 1838 2349 1907 dem Erfolg skeptisch gegenüberstehen. Das Fazit ist:
1127 1874 2251 1957 Das Werk ist nicht besser geworden, will sagen,
1129 1914 2344 2014 der Inhalt. Die Form ist wohl abgeklärter, die Fi¬
1123 1952 2348 2067 guren weisen eine besondere Schärfe auf, sie können
1134 2012 2342 2093 uns wohl interessieren, doch niemals erwärmen. So
1128 2046 2346 2146 ist auch bei uns in Prag der Fall eingetreten, daß das
1129 2123 2351 2212 Bühnenwerk bei seiner Erstaufführung Beifall und
1132 2160 2352 2256 Widerspruch fand. Dennoch konnte der Dichter etwa
1144 2206 2351 2292 chtmal vor der Rampe erscheinen, frenetisch von sei¬
1138 2243 2359 2359 nen Freunden begrüßt. Da das Werk in seinem In¬
1143 2305 2347 2395 halte schon bekannt ist, will ich nur kurz darüber be¬
1130 2350 2351 2435 richten, wie die einzelnen Darsteller ihren Rollen ge¬
1137 2419 2359 2500 recht wurden, d. h. wie sie des Dichters Absicht ver¬
1146 2455 2369 2542 körperten, dem Rufe des Lebens zu folgen. Da war
1144 2492 2359 2593 vor allen Herr Max Schütz, der den alten Moser gab.
1146 2555 2376 2636 Mit dem Aufgebote der letzten Kraft eines totkranken
1142 2615 2365 2679 Mannes hängt er an dem Leben, peinigt seine Toch¬
1151 2653 2370 2728 ter, weil er gleich ihr den Ruf des Lebens hört, je¬
1154 2699 2369 2777 doch ihm nicht mehr folgen kann. Recht prächtig ge¬
1148 2744 2383 2832 lang ihm die Schilderung der verlorenen Schlacht.
1155 2793 2384 2877 Frl. Medelsky spielte die Marie mit dem vom Dichter
1160 2844 2382 2931 vorgeschriebenen harten Zuge einer verzweifelnden
1152 2889 2375 2986 Seele, die in dem Kampfe ums Leben selbst vor einer
1163 2941 2378 3039 verbrecherischen Tat nicht zurückscheut. Die Figur der
1163 2992 2373 3072 Katharina (die von Frl. Fels dargestellt wurde) ist
1152 3036 2389 3135 dem Dichter gewissermaßen unter der Hand in nichts
1159 3091 2391 3185 zerronnen, halb Mensch, — halb Elfengestalt, unstet
1163 3143 2389 3221 und flüchtig, selbst in der Charakteranlage. Wir wel¬
1160 3193 2392 3279 len daher mit der Darstellerin ob ihrer Auffassung
1172 3237 2391 3326 nicht rechten. Sie hat gewiß in dankbarern Partien schon
1171 3285 2398 3359 ihr Können bewiesen. Treffliche Figuren waren der
1164 3323 2397 3411 Dr. Schindler (Herr Manning), der Oberst (Herr Fa¬
1172 3396 2390 3464 ber) und der Adjunkt des Herrn Rittig. Nicht gerade
1168 3441 2396 3504 originell zu nennen ist der Leutnant Max (von Herrn
1167 3478 2395 3556 Onno in forscher Weise und guter Maske gespielt). Die
1170 3529 2407 3616 ganze erste Szene seines Spieles gemahnt allzusehr an
1680 3569 2402 3665 Ueber das Gastspiel des „Ber¬
1177 3601 1608 3673 den „Zapfenstreich“.
1179 3642 1767 3739 liner Theaters“ nächstens.
1973 3661 2360 3758 Radenius.
1637 3693 1949 3801 ZL
