3484 4224
244 229 1391 317 19 Der Ruf des Lebens
1193 659 1563 747 Telephon 12.801.
1225 767 1400 845 De.
705 824 1308 895 „OUSEIVEN
480 877 1573 958 f. österr. behördi. konz. Unternehmen für Zeitungs-Ausschultte
613 946 1449 1040 Wien, I., Concordiaplatz 4.
808 1018 1234 1094 Vertretungen
507 1075 1559 1127 n Berlin, Budapest, Chicago, Christiania, Gen' Kopen¬
478 1124 1566 1182 hagen, London, Madrid, Mailand, Minneapolis, New-Vork,
518 1171 1532 1238 Paris, Rom, San Francisco, Stockholm, St. Petersburg.
817 1207 1245 1265 (Quellenangabe ohne Gewähr).
467 1246 849 1326 Ausschnitt aus:
470 1283 1581 1398 vom: 14. De-Mnehggr Neueste Nachrichter
1088 1397 1462 1465 Dr. Erich Petzet
553 1458 1479 1520 * Kleine Chronik. Artur Schnitzlers, dreiaktiges
526 1504 1485 1549 Drama „Der Ruf des Lebens“, das seinerzeit in
519 1534 1484 1590 Breslau und Berlin keinen Erfolg,hatte erzielen
530 1575 1479 1628 können, kam am Sonntag mit geändertem Schluß im
520 1616 1484 1655 Deutschen Volkstheater zum ersten Male in Wien
521 1660 1476 1721 zur Aufführung und wurde sehr beifällig aufgenom¬
1431 1690 1488 1740 st.
505 1693 804 1763 men. — Das
1183 2434 1565 2529 Telephon 12.801.
1216 2549 1355 2622 Da
623 2634 660 2676 1
685 2604 1325 2685 „ODSLITEI
460 2653 1571 2765 österr. behördl. konz. Unternehmen für Zeitunga-Ausschnitte
610 2735 1451 2827 Wien, I., Concordiaplatz 4.
799 2802 1242 2884 Vertretungen
474 2858 1565 2932 in Berlin, Budapest, Chicago, Christianin, Genf, Kopen¬
482 2895 1565 2983 hagen, London, Madrid, Mailand, Minneapolis, New-Vork,
517 2947 1526 2999 Baris, Rom, San Francisco, Stockholm, St. Petersburg.
821 2992 1231 3052 VOuelienangabe ohne Gewühr).
470 3049 881 3131 Ausschnitt aus:
880 3080 952 3151 P
577 3070 1571 3197 14SEEuS: Kofnischs Zeltung
466 3167 668 3242 vom.
384 3217 637 3289 —
429 3219 1627 3312 * Wien. Arthur Sch#blers dreickktiges Schauspiel Der Ruf
404 3263 1629 3373 ###peils, das in Berlin aufgeführt ist.
378 3306 1616 3414 *gelghete Samstag im hiesigen Deutschen Volkstheater zur ersten Auf¬
405 3337 1630 3430 lichkung in Wien. Das lockere Gefüge des dramatischen Baues und
377 3376 1626 3491 nas Problematische sowohl dei Fabel wie der handelnden Personen
406 3432 1639 3508 bermochten auch hier keinen liefern Eindruck zu machen, wenngleich
394 3480 1643 3564 der äußere Erfolg groß und lärmend war und Schnitzler von seiner
412 3503 1629 3593 gläubigen Gemeinde nach dem Schlusse der beiden letzten Akte unge¬
414 3540 1638 3628 zählie Male gerufen wurde. Am stärksten wirkte der erste Akt, der
411 3587 1640 3665 für sich als Einakter gespielt vielleicht längere Lebensdauer haben
404 3611 1645 3703 würde. Die Derstellung war nicht übel. Seibst die Marie, die Tochter
405 3630 1678 3736 des „alten „bösen Mannes“ Moser, wurde in der Darstellung des
414 3721 1013 3805 Frl. Hanzemann ganz glgubhaft.
928 3732 1068 3805 —.—
1565 214 2014 308 box 24/3
2152 112 3225 169 1. österr. behördl. konz. Unternehmen für Zeitungs-Ausschnitte
2469 156 3102 240 I., Concordiaplatz 4.,
2275 154 2468 236 Wien,
2475 230 2888 302 Vertretungen
2142 265 3217 348 in Berlin, Budapest, Chicago, Christiania, Gent, Kopen¬
2144 324 3219 376 hagen, London, Madrid, Mailand, Minneapolis, New-Vork.
2196 371 3173 425 Paris, Rom, San Francisco, Stockholm, St. Petersburg.
2481 407 2891 465 (Quellenengabe ohne Gewähr).
2135 444 3174 538 Ausschnitt aus: Hamburger Nachrichten
2391 519 2623 595 12 1999
2698 521 2986 615 Hamburg
2130 565 2273 636 vom:
2151 699 3297 773 H. [Wiener Theater.] Schnitzlers Schauspiel „Der Ruf.
2803 758 3290 822 eutschen Volks¬
2083 751 2719 827 des Lebens“, die letzte
2714 764 2750 820 #
2075 815 3288 852 stheaters, ist schon älteren Datums; vof etwa drei Jahren in
2081 838 3293 896 Berlin aufgeführt, vermochte es dort zu keiger rechten Anerkennung
2095 879 3289 929 zu gelangen. In Wien hat es dagegen starken Eindruck gemacht,
2091 920 3287 969 denn seine dichterischen Qualitäten sind unleugbar stark; aber die
2087 964 3291 1012 Hauptsache: wir haben uns in unseren literarischen Anschauungen
2086 998 3292 1046 seitdem wieder gewandelt, denn unleugbar ist das Romantische und
2085 1043 3297 1087 nahm ihm in noch stärkerem Maße das groß Dramatische auf dem
2076 1079 3298 1136 Wege. Schnitzlers Schauspiel bietet beides, zwar noch nicht kräftig
2077 1118 3292 1184 herausgearbeitet, aber doch so, daß das, was damals vielleicht ein
2082 1159 3301 1222 früher Vorläufer war, heute den Anforderungen der Gegenwart sich
2083 1212 3297 1254 anpaßt und sie erfüllt. Auf diesen Voraussetzungen beruht sicher¬¬
2084 1237 3298 1282 lich der starke Anklang, den das Stück gefunden und den es, einige
2080 1277 3296 1339 Unebenheiten abgerechnet, auch verdient hat. — Der Ruf des
2083 1336 3293 1374 Lebens: das Thema liegt im Titel klar vorgezeichnet; alle Men¬
2081 1356 3308 1410 schen, die darin handeln, sind auf diesen Akkord abgestimmt, sie alle
2084 1392 3298 1451 hören den Ruf und eilen, ihm zu folgen, jeder nach seiner Art,
2087 1442 3307 1490 nach seinem Temperament und Wollen. Alle Menschen verbindet
2075 1476 3302 1544 dieser eine große mächtige Anreiz der Lebensbetätigung, der für
2085 1526 3294 1578 recht und notwendig erkannt, sich in das schlagende Herz gesenkt
2080 1552 3300 1609 hat, aber auch alle trennt diese ewige Melodie, die jeden das
2084 1594 3296 1642 Schicksal anpacken heißt unter der Voraussetzung, er könne es
2087 1636 3298 1693 modeln, wie es ihm gefällt. Man merkt den Arzt, vor dessen
2075 1671 3309 1735 Augen diese Gestalten entstanden und das tiefer zu blicken sucht und
2085 1724 3299 1780 Zusammenhänge erkennt, die die Kenntnis der menschlichen Psyche
2080 1756 3296 1819 im Bunde mit ihren Erscheinungsarten und Gesetzen zu raten gibt.
2145 1809 3298 1850 Es sind Kriegszeiten. Unten ziehen die blauen Dratzoner in
2075 1840 3305 1888 den Kampf, bereit, eine alte Schmach ihres Regimentes mit dem
2075 1873 3305 1937 Tod zu sühnen. Droben in der Kammer vegetiert der alte Meser,
2091 1923 3297 1972 dem Grabe nahe, dem Tode verfallen, der aber seit Jahren zögert,
2092 1963 3297 2020 über die Schwelle zu treten. Seine Tochter Marie leidet die
2084 2008 3293 2059 Qual der Pflege um diesen Alten, der ihre Jugend in Lieblosigkeit,
2096 2042 3310 2098 Hartherzigkeit und krankhaftem Mißtrauen langsam tötet. Schon
2096 2076 3313 2140 hat sie sich mit ihrem Schicksal abgefunden, da kreuzt ein einziges
2094 2127 3300 2190 Mal ein junger Offizier ihren Weg, eine lange Ballnacht weilt
2091 2166 3305 2223 er an ihrer Seite; mit ihm ist das Leben plötzlich an sie heran¬
2084 2225 3312 2272 getreten, das freie, liebende Leben, das eben mit singender Seele
2089 2252 3317 2303 ergriffen, bereit ist, zum Tode zu gehen, denn der junge Offizier!
2087 2299 3298 2346 steht bei den blauen Dragonern, die am nächsten Morgen hinaus¬
2083 2333 3297 2388 ziehen — in den gewissen, freiwillig gewählten Tod. Ihre Cousine
2082 2379 3295 2420 kommt, ein junges Ding, mit der tödlichen Krankheit in der Brust;
2087 2408 3300 2458 zwei Schwestern liegen draußen unter dem Rasen und noch wenige
2092 2448 3305 2504 Jahre für sie, darum ruft sie das Leben, die Tage der Rosen zu ge¬
2085 2492 3299 2545 nießen. Unter Bluten der Seele stürzt sie von Liebe zu Liebe;
2084 2521 3319 2611 auch ihr blauer Draßoner zieht morgen binaus: darum weiter ins
2076 2591 3287 2652 Leben. — Marie vergiftet ihren Vater, diesen grausamen Greis,
2077 2623 3287 2686 denn zu spät ist fürchterlicher als niemals, und zum letztenmal
2084 2667 3284 2730 steht das Leben draußen vor der Tür, sie eilt in die Arme ihres
2087 2706 3285 2780 Geliebten. Ein neues Drama muß sie unfreiwillig in der Kaserne
2076 2749 3283 2805 mit anschauen; des Obersten junges Weib hat sich eben diesem
2087 2789 3293 2857 jungen Leutnant an den Hals geworfen; es treibt sie von dem
2085 2828 3290 2892 leise alternden Gemahl zur Jugend. Er kann sie nicht halten, sie
2084 2864 3290 2932 ist seinen Armen und seiner Liebe entglitten; er ist nicht der
2083 2927 3288 2967 Mann, der konventionell den Schänder seiner Ehre zur Rechen¬
2079 2953 3292 3016 schaft zieht; die Gelegenheit des Krieges heißt ihn und das ganze
2071 2985 3293 3071 Regiment den Todg suchen, darum der Schwur zur Abwaschung
2082 3031 3298 3088 der Schmach, die zur unglücklichen Tradition geworden. Der Oberst
2078 3073 3295 3128 findet sein Weib auf der Stube des Leutnants und schießt es
2075 3109 3286 3180 Jnieder — das Leben rief sie hinab in die ewige Stille. — Versönlich
2078 3150 3285 3204 klingt trotz Tod und Verzweiflung das Stück aus, das Regiment
2085 3189 3290 3261 geht unter, mit ihm der Geliebte, das junge Mädel fällt in geistige
2076 3218 3297 3287 Umnachtung, Marie zieht Trauer an und wohnt auf dem Lande, bei
2089 3274 3289 3334 ihrer Tante, der Mutter der Unglücklichen. Sie hat in einer Nacht
2079 3325 3301 3386 das Leben erkannt und ist wissend geworden, sie erfuhr Seligkeit
2077 3355 3300 3419 und Verzweiflung, Niedertracht, Betrug und Lüge, Hingebung und
2086 3392 3294 3452 große Gedanken. Wenn auch das Leben ruft und die Menschen
2086 3434 3296 3495 dem Rufe folgen; sie machen sich nicht ihr Schicksal, denn das
2085 3472 3290 3532 Schicksal leitet sie und braucht sie, um sich zu erfüllen. Warum
2097 3512 3298 3578 sollte nicht das Leben sie abermals wecken und sie freundlicher
2083 3542 3306 3614 leiten, auf daß ihr Fuß nicht strauchle über Verderben und tötende
2088 3592 3304 3655 Liebe? Sie wird dann wieder folgen, vielleicht zu einem anderen
2096 3633 3304 3692 Geschenk dieses Lebens: zu welchem, das wird sie erleben, wenn
2091 3673 3305 3739 sie abermals wissend geworden. — So führt Schnitzler seine Ge¬
2093 3711 3309 3775 danken weiter; und von einzelnen Menschen zur ganzen Menschheit:
2089 3749 3311 3815 knüpft sich die Kette, wir sind Kinder des Lebens und folgen darum
2098 3791 3311 3856 seinem Ruf. Der philosophische Determinismus als Absolutes,
2089 3834 3305 3893 das die Menschen leitet, und der das Werk durchzieht, ist zwar eine
2097 3873 3313 3937 Weltauschauung, die bei weitem nicht einwandfrei ist; das ändert
2095 3913 3311 3970 aber nichts, dankbar anzuerkennen, wenn ein Dichter mit ihr im
2092 3956 3309 4025 Ausschnitt einiger Menschenleben die Pforte zum Letzten aller Dinge
2086 4009 3308 4054 aufzustoßen sucht. Die Schattenseiten des Stückes liegen zu. klar
2092 4036 3317 4094 auf der Hand, um mit ihrer näheren Darlegung das Endziel des
2082 4083 2536 4143 Ganzen zu verdunkeln.
