3484 4256
298 211 1444 315 19. Der Ruf des Lebens
1094 1670 1486 1762 Telephon 12.801.
599 1812 1226 1915 „DDSERVER
371 1891 1476 1988 l.österr. behördl. konz. Unternehmen für Zeitungs-Ausschnitte
498 1951 1351 2045 Wien, I., Concordiaplatz 4.
708 2025 1142 2105 Vertretungen
375 2077 1464 2150 in Berlin, Budapest, Chicago, Christiania, Genf, Kopen¬
383 2137 1477 2194 hagen, London, Madrid. Mailand. Minneapolis, New-Vork,
417 2177 1429 2247 Paris, Rom, San Francisco, Stockholm, St. Petersburg.
714 2221 1150 2283 (Ourilenangabe ohne Gewähr).
372 2254 1532 2384 Ausschnitt auf; 1 Brünner Zeitung
386 2371 523 2436 vom:
490 2419 1434 2516 Tuh Wisknschaft und Literatur.
489 2494 1500 2575 B#n 11. änner. (Stadttheater.) „Der
809 2549 1504 2613 is“ Schauspiel in drei Akten von
484 2558 620 2615 uf #
968 2584 1508 2647 s war kein Meisterstück,
471 2593 623 2661 kthur
486 2606 1506 2692 s uichter gestern zur Schau
427 2673 1512 2739 stillte und wir glauben, daß das schwächste Schau¬
429 2717 1501 2780 swel, das Schnitzler bisher geschrieben hat, diesen
429 2763 1506 2825 „Ruf des Lebens“ weit überragt. Die Charaktere
432 2802 1499 2865 sind fast durchgängig, wenn nicht geradezu verfehlt,
438 2850 1514 2913 so doch sehr unwahrscheinlich gezeichnet. Das ganze
432 2887 1502 2945 Stück erregt einen quälenden Eindruck. Die Auf¬
439 2907 1506 2990 führung war im ganzen recht befriedigend. Herr
422 2964 1516 3043 von Pindo als „alter Moser“, Herr Arnim als
426 3028 1510 3080 „Oberst“ Herr Recke als „Max“ und Herr
425 3061 1515 3131 Strauß als „Dr. Schindler“ waren recht aur,
422 3105 1518 3177 ebenso konnte man mit dem Spiele der Damen
426 3163 1522 3205 Wiesner (Richter), Richter (Katharina) und
429 3201 1524 3262 Sorel (Irene) zufrieden sein. Herr Bowacz
426 3228 1519 3312 (Forstadjunkt) und Fräulein Zewy (Marie) stan¬
426 3275 1517 3346 den nicht auf der Höhe ihrer Aufgabe. Die Regie
436 3330 1531 3386 führte Herr Direktor von Mairdorff; es klappte
435 3354 1518 3422 alles recht gut bis auf den Hufschlag der Rosse, der
440 3418 1549 3478 so klang, wie das Geräusch der Klappern, die die
441 3461 1199 3533 Aussätzigen in „Tantris“ schwingen.
1115 3451 1524 3544 Manaen Wienscht
1597 204 2051 304 box 24/4
2434 1404 2748 1495 Telephon 12.80
1931 1489 2555 1665 „OBSERVER“
3317 1589 3369 1644 9
2916 1599 2988 1653 wär
2897 1637 3385 1708 liegt nämlich eine schm
1725 1612 2808 1723 # österr. behördl. konz. Unternehmen für Zeitungs-Ausschnitte
2896 1689 3375 1759 mente. Sie haben vor
1849 1695 2693 1787 Wien, I., Concordiaplatz 4.
2900 1736 3381 1804 griffen, anstatt Stand
2052 1768 2503 1858 Vertretungen
2907 1784 3386 1852 der sich mit allen Fase
1733 1795 2813 1903 in Berlin, Budapest, Chicago, Christiania, Genf, Kopen¬
2922 1833 3386 1909 nicht sterben will, ist d
1734 1877 2812 1938 hagen, London, Madrid, Mailand, Minneapolis, New-Vork,
2916 1882 3379 1949 die „blauen“ Kürassie
1784 1910 2770 1980 Paris, Rom, San Francisco, Stockholm, St. Petersburg.
2914 1934 3381 2000 seine Feigheit dem Re
2062 1960 2489 2014 (Quellenangabe ohne Gewäbr).
2905 1978 3358 2050 gemeinen Flucht gab.
2907 2028 3378 2104 die jungen, gesunden u
1732 2008 2292 2118 Aussclhrftt GhNlUAR 19
2917 2075 3387 2149 ben, auch die Allerliebs
2278 1999 2818 2157 Mährisck“, Sch35cose
2924 2127 3373 2196 Sie haben es selbst ve
1736 2124 1885 2192 vol:
2260 2137 2822 2245 Correspondent, Bröng
2911 2169 3379 2248 Posten des Schlachtfe
2916 2220 3372 2299 geschworen, durch die
2929 2274 3382 2355 um so die Schmach de
1862 2292 2918 2379 Theater, Kunst und Literotur.
2920 2337 3042 2408 gen.
2996 2353 3380 2453 Nur eine einzige
2018 2358 2764 2451 „Der Ruf des Tebens.“
2899 2406 3384 2495 Marie will zu ihren
1923 2425 2888 2511 Schauspiel in drei Akten von Artur Schnitzler.
2931 2477 3379 2543 a aber der Vater
1880 2481 2725 2581 (Erstaufführung im Brünner S
2921 2519 3372 2593 sie ihm so viel Morph
2207 2541 2600 2613 10. Jänner l. J.)
2923 2575 3366 2641 schungstrank, daß er
1947 2584 2582 2664 Ort der Handlung Alt=Wien.
2929 2615 3382 2688 windet der toten Han
1967 2643 2501 2716 Zeit um das Jahr 1850.
1969 2677 3365 2753 Der 79jährige, kranke, ehemalige Rittmeister öffnet. Doch kommt
1887 2720 3384 2806 Moser, der nicht leben und nicht sterben kann, ihrem jungen Offizi
1899 2772 3368 2865 ist ein unausstehlicher Griesgram, ein Egoist kraf- entzogen hatte, knüpf
1892 2819 3383 2899 fester Art, die personifizierte Bosheit und Tücke. gen Frau seines ältl
1891 2862 3393 2960 Er quält seine Tochter Marie, die ihn pflegt, aufs hältnis an. Marie, dil
1903 2913 3383 2998 Grausamste und gönnt ihr kaum eine Stunde der hang ihres Mar lau
1899 2961 3375 3044 Erholung und Zerstreuung. Das 26jährige Mäd- sündhafte Weib den
1901 3023 3382 3106 chen, welches wortlos duldet, hat eine große Sehn- auch, wie der Oberst
1905 3058 3380 3155 sucht nach dem Leben, sie fühlt ihre Jugend freud- die buhlerische Gema
1902 3112 3384 3194 los dahinschwinden, immer verbitterter werden und mit seiner Pistole n
1903 3161 3372 3249 dahinwelken neben dem galligen und giftigen Al- aus ihrem Liebesver
1910 3209 3381 3291 ten, der mit rohen, häßlichen Reden in ihr die Mar über die Leiche
1913 3269 3376 3358 edelsten Empfindungen des Weibes verletzt. Marie der Ruf des Lebens
1901 3314 3179 3403 war mit einem broven Forstadjunkten, Eduard sam lockt.
2311 3377 2467 3441 S
