3436 4352
192 172 1961 277 19. Der Ruf des Lebens box 24/3
2539 1082 2991 1187 d
839 1133 1044 1241 S
1025 1155 3063 1278 die empörendste Beschmutzung der Menschenwürde er=Kürassieren „durch einen lichten Saal geschwebt“.
109 1226 1023 1305 keit. Das große Drama, ist von der großen
1025 1211 3071 1343 schienen. Ist die Hinrichtung an sich die größte, eine Obwohl man uns versichert, daß das Mädchen den
118 1280 1013 1364 sophie nicht zu trennen. Isoldens „höchste Lust“.
1015 1262 3070 1381 untilgbare Schmach der menschlichen Gesellschaft, so Leutnant nach dem Balle hätte besuchen müssen, haben
2039 1324 3071 1413 sich die beiden seit jener Ballnacht nicht mehr gesehen.
126 1326 1021 1409 s Aufgehen im wehenden All, und Brünnhilde
1016 1359 2056 1449 ist der letzte Ruf des Lebens, die Gewährung einer
2035 1356 3083 1469 Mariens bitterböser Vater ist dem Siechtum verfallen
133 1396 1028 1475 it die offenen Tore des ewigen Werdens hinter
1020 1409 2053 1491 Lieblingsspeise oder einer Lieblingszigarre im
2038 1435 3075 1524 und gab dem Kinde, das ihn ausopfernd pflegte, kein
102 1436 1032 1536 u. Das kann man schlechterdings von Fräulein
1024 1462 2045 1538 Angesichte des unerbittlichen Todes, die Gunst, vor
2044 1462 3084 1582 Stündlein frei. Nun aber sammeln sich die blauen
119 1489 1037 1569 se Moser nicht verlangen. Bleiben wir also bei
1024 1503 2054 1586 dem höchsten Richter mit einem angenehm gefüllten
2051 1512 3084 1622 Kürassiere zum Todesritt. Das schwindsüchtige
114 1534 1035 1629 keinen Philosophie und bei dem kleinen Drama.
1030 1566 2052 1645 Magen zu erscheinen, nur der ärgste Hohn auf alle
2047 1569 3092 1671 Bäschen Katharina, auch eine Todeskandidatin, hatte
116 1596 1033 1678 Die blauen Kürassiere reiten morgen früh um
102 1611 2063 1748 Uhr in den Tod. Das Regiment hatte vor vielenMenschlichkeit. Spott ist es und keine Gnade, den
2038 1640 3080 1744 gerade mit einem andern Leutnant vom Todes¬
1023 1672 2056 1745 Verurteilten, der beinahe schon drüben in den wunsch¬
2046 1690 3084 1779 regiment die letzte Nacht der Liebe geseiert. Das
119 1689 1048 1786 sen durch seine Flucht eine schimpfliche Niederlage
1030 1720 2055 1818 losen Gefilden des ewigen Seins angelangt ist, noch
2051 1729 3095 1837 Beispiel bringt Mariens Blut zum Sieden, im Huf¬
104 1766 1036 1834 Huldet. Wieder ist ein Krieg ausgebrochen. Der
1039 1779 2060 1862 an die Torheiten des Lebens zu gemahnen und mit
2048 1780 3096 1887 schlag der Rosse, die das blaue Regiment ins Ver¬
115 1810 1036 1886 Oberst verbindet seine Ofsiziere, obwohl er und
1043 1834 1990 1933 den nichtigen Freudenresten der Erde zu reizen.
2051 1835 3092 1938 derben tragen, vernimmt Marie den Ruf des
114 1867 1035 1942 lle in der kritischen Schlacht noch gar nicht dem
1107 1863 2055 1969 Wer den Gedanken des Todes in seiner Größe
2052 1886 3097 1996 Lebens. Sie reicht dem grausamen Vater schnell
113 1914 1049 1998 ment angehört hatten, zu einem Eidschwur, die
114 1934 2063 2046 Schuld der Vorgänger zu sühnen. Der Kaiser erfaßt, wird also von allen Dingen, welche die tod¬
2069 1937 3102 2048 eine ergiebige Portion Gift — erster Tod —, stürzt
103 1984 2060 2128 Fhrt den blauen Kurassieren die erbetene Gunst, geweihten Kürassiere in der letzten Nacht vollführen,
1029 1990 3099 2117 ganz und gar nicht dramatisch berührt werden; nicht zu dem blauen Leutnant von damals in die Kaserne,
123 2080 1048 2158 Stellung zu beziehen, in der sie allesamt den
1044 2042 3105 2185 von den stärksten und nicht von den winzigsten. Das verbirgt sich hinter eine Gardine seines Zimmers,
2071 2102 3111 2203 während der Oberst daselbst seine Frau, die Geliebte
113 2123 1054 2214 ren Untergang finden müssen. Der Fahnenehre
1049 2148 2071 2229 Stärkste: Der Oberst der blauen Kürassiere beeilt
2066 2168 3105 2262 des Leutnants, niederschießt — zweiter Tod — und
125 2189 1050 2262 die unschuldige, blühende Jugend geopfert. Der
1040 2206 2082 2297 sich, in der letzten Nacht noch seine Frau, die ihn mit
114 2220 1062 2322 anke ist so schauerlich erhaben, unsre Sinne
1042 2194 3106 2323 einem oder mehreren Leutnants hintergeht, nieder=okkupiert den Leutnant rasch vor seinem Ende
2125 2265 3128 2353 dritter Tod und Gesamttod mehrerer hundert.
109 2281 1053 2363 den von dem Heldenschicksal mit solcher Gewalt
112 2298 2084 2423 flammert, daß nichts andres als die Vorstellungzuschießen. Man hört den Knall, aber das Gefühl
115 2361 3125 2475 dem spartanischen Massentod und die damit ver= bleibt taub. Der Vorgang ist undramatisch und läßt Menschen — für den Rest der letzten Nacht. Diesen
117 2362 3117 2534 ppfie Unsterblichkeitsidee in unsre Phantasie ein= uns gleichgültig, weil der Oberst, der bald darauf in Liebesdrang im Leichengeruche nennt sie den Ruf
2068 2459 2346 2541 des Lebens.
2155 2456 3112 2569 Man glaubt wohl an den furchtbaren Katzen¬
114 2456 2082 2583 kingen vermag. Soll die Empfindung aber den Tod reitet, gar nicht mehr die Verantwortung
120 2523 2088 2638 sterisch ausgeweitet werden, so könnte es nur aufseiner Untat trägt. Das Winzigste: Ist es nicht un¬
2073 2516 3117 2629 jammer der Marie Moser im dritten Akt, aber nicht
1064 2564 2079 2660 endlich komisch, daß ein Leutnant von den blauen
2076 2580 3117 2673 an die Versicherung, daß dieser unappetitlichen Dame,
132 2609 1063 2683 Grunde epischer Darstellung geschehen.
1057 2621 2089 2702 Kürassieren, der wenige Stunden vor dem Todesritt
2089 2628 3115 2729 welche die Nerven eines Wachtmeisters haben muß,
113 2659 1080 2747 matisch ist dieser Vorwurf nicht. Denn das
1055 2672 2093 2761 für Augenblicke sein Zimmer verläßt, noch seinen
2079 2685 3115 2797 der Ruf des Lebens später noch einmal „viel reiner
98 2721 1079 2785 ma treibt den lebendigen Einzelwillen im Be¬
1060 2718 2099 2813 Mantel vom Nagel holt und umhängt, als ob er
2069 2736 3129 2838 und tiefer in die Seele klingen wird“. Die Majestät
109 2759 1078 2844 tsein seiner Freiheit zum Kampfe mit einer
1059 2775 2095 2870 fürchten müßte, etwa mit einem Schnupfen in den
2082 2790 3127 2885 des Todes wird in dem Schauspiel so arg verletzt wie
114 2808 1073 2900 eren Weltordnung. Hier ist aber kein Kampf mehr,
1063 2828 2092 2916 sicheren Tod zu gehen. „Aus is!“ sagt so hübsch der
2084 2839 3125 2933 die Majestät der allgewaltigen Liebe. Wenn der
119 2869 1074 2944 dern tote Gewißheit. In der Galgenfrist oder in
116 2880 2088 3008 Kartätschenfrist von heute bis morgen kann sich Oberösterreicher, ob ihm nun die Suppenknödel mit
2092 2889 3129 3001 grausliche Vatermord dem Mädchen wenigstens ein
141 2932 2097 3048 1 Charakter entwickeln. Es ist kein ethisches und der Schüssel zur Erde fallen oder ob seine Mutter der
2095 2954 3130 3040 volles, mächtiges, brausendes Leben eröffnet hätte.
118 2990 2103 3104 dramatisches Moment, sondern einfach Befriedi= Schlag rührt. Mit diesem „Aus is!“ läßt sich kein
2090 3006 3122 3099 Aber ein Vatermord für die Liebesstunde mit dem un¬
2088 3051 3132 3156 erbittlich festgestellten Zeiger ihres Abschlusses! Die:
102 3047 1452 3161 g der Neugierde, wenn wir erfahren sollen, was Drama erzeugen.
1158 3068 2108 3167 Trotzdem hängt der Dichter ein Schauspiel in
120 3125 1090 3216 Verurteilten in der letzten Nacht vornehmen. Das
112 3100 3127 3276 enannte Henkermahl vor dem letzten Gange, vor das „Aus is!“ ein. Fräulein Marie Moser ist vor tiefe Kluft zwischen dem furchtbaren epischen Hinter¬
119 3148 3137 3321 n Zwangsschritt in die Ewigkeit ist mir immer als einem Jahre mit einem Leutnant von den blauen! grunde des Todesrittes und den dramatischen Be¬
