3484 4352
-17 2975 57 3030 24
724 254 785 336 R
285 253 2054 374 19. Der uuf des Lebens box 24/2
567 890 3022 1132 An michen ionnit die Thst, dald Kanast an ehen ests Schuch, den Pernais aun der Shr säns boirichn Frmndes,
218 1063 483 1167 uht schuf
470 1073 3018 1191 in Katharinas Geliebten, im jungen Leutnant Albrecht zum Aus= mit dem Faschingsplunder eines erlogenen Heroismus. Er gibt sich
178 1124 483 1224 eden relieflos
1721 1149 3013 1235 den Anschein, als sterbe er gleich den anderen als Held — für
459 1158 1742 1231 druck. Ich möchte dem begabten und sympathischen jungen Künstler,
1737 1190 3002 1268 einen Wahn, meinetwegen, aber doch für etwas, in dem selbst ein
168 1217 1728 1322 m Mißbrauch der diese Rolle recht gut gespielt hat, nichts Unverbindliches sagen. Aber
1736 1243 3008 1314 nüchterner Mensch, wie der Doktor, etwas Großes bewundern kann.
181 1267 1737 1350 uf das er uns ich darf nicht verschweigen, daß es meines Erachtens für das
1736 1303 3000 1368 In Wahrheit aber zahlt er mit seinem Tode den Wechsel, den er
207 1317 1738 1395 einer solchen Stück erheblich vorteilhafter gewesen wäre, wenn die Bedeutung
1740 1331 3011 1414 durch das Akzept seines Ehebruchs zahlungspflichtig für sich gemacht
167 1358 1741 1457 na sterben vor dieser äußerlich unscheinbaren Rolle schon durch die Besetzung mit
1731 1398 3013 1464 hat. Er diskontiert ihn heute noch in Ehren, anstatt sich am Ver¬
179 1406 1739 1489 r und Albrecht einem anerkannt ersten Künstler recht deutlich markiert worden
1739 1428 3014 1510 fallstage — in ehebrecherischer Umarmung betroffen — vom
172 1458 1735 1542 Fizier, der wach= wäre, mit einer Persönlichkeit, die „das Ohr des Hauses
1724 1478 3014 1548 Obersten wie ein böser Hund niederknallen zu lassen. Jetzt wird
175 1512 656 1601 en Fenster der besitzt“
590 1534 3008 1613 Albrecht versteht nicht, daß er und seine Kameraden aus ihm der herrlichste Tod beschieden: im Dienste des Vaterlandes,
171 1575 504 1641 en der letzten
488 1594 3009 1676 dem schönen Leben scheiden sollen, weil vor dreißig Jahren jetzt für Kaiser und Reich, unter Gottes blauem Himmel, als helden¬
177 1622 496 1694 der anderen
1730 1634 2435 1708 hafter Rächer einer alten Schmach.
482 1635 1750 1722 längst Verstorbene und Verschollene durch feige Flucht de
184 1670 489 1758 haben vorüber¬
1838 1652 3017 1742 Wie in Schwindelb anzen Passiva und Aktiva gefälscht
475 1686 1757 1764 Regiment mit einer Schmach bedeckt haben, die vielleicht nicht
379 1730 488 1799 91
486 1727 3021 1804 verjährt, aber doch vergessen ist. Er sieht nicht ein, daß er die werden, so geht aus dieser moralischen Falschmünzerei die Schande
1742 1787 2323 1866 als blinkblanke Ehre hervor.
338 1786 473 1868 30
490 1795 1744 1875 Erbschaft der alten Schuld anzutreten habe; er weiß nicht, wofür
1850 1802 3035 1913 Das wären wohl die „Zusammenhänge, die man begreifen
198 1845 1751 1919 „Ruf des er sich niederschießen lassen soll. Und das, was der junge Mensch
1737 1864 2592 1966 muß“. Wir hätten sie lieber nicht begriffen.
181 1901 1623 1983 ehr oder minder da harmlos ausspricht — wir alle empfinden es mit ihm.
1842 1896 3020 1984 Noch schlimmer ist's um den „Witz“ des Obersten bestellt.
604 1939 1754 2011 Was ist das für eine wahnwitzig gräßliche Sühne, dieser
1854 1969 3022 2033 Der ernste, zu früh gealterte Mann ahnt wohl die Untreue
203 1987 1760 2054 und Zolas anbefohlene Massenselbstmord! Mir scheint, wenn es den blauen
174 2020 3022 2116 sentlichen Unter= Kürassicren von 1849 gelänge, mit möglichst geringen Opfern von seiner Frau, die zu lange jung bleibt. Bewahrheitet sich's, was
1740 2060 3025 2136 er fürchtet, so ist's der sichere Tod — zum mindesten für einen:
179 2088 1750 2179 shen dem alten Menschenleben eine den Sieg entscheidende Aktion zu vollbringen,
183 2169 3035 2218 mir sogar voll das würde die seit drei Jahrzehnten mit Schande besudelte Fahne für ihn, für die Ehebrecherin, für den Nebenbuhler — für einen
185 2165 3022 2268 ein qualvolles, wieder reinwaschen. Diese Schande aber mit stupid und massen= gewiß. Wenn er den Schuldigen oder die Schuldige niederschösse,
179 2247 3034 2301 I wie der andere haft unschuldig vergossenem Blut übertünchen, das wird man wenn er sich von seinem Rivalen niederschießen ließe oder seinem
171 2244 3036 2361 Hammer so viel schwerlich als reinigenden Heroismus gelten lassen. Das ist wüstes unerträglichen Dasein selbst ein Ende machte, so würde das
168 2298 3039 2407 krlösung möglichst Bramarbasieren, altorientalische, greuliche Roheit, bluttriefender bürgerliche Trauerspiel eben ausgehen, wie es unter den gegebenen
1745 2355 3031 2436 sozialen Bedingungen auszugehen pflegt — mit dem boshaften
170 2371 1769 2482 ht gekrümmt und Molochgötzendienst, mit dem unsere Kultur keine Fühlung hat.
605 2404 3029 2489 Max weiß auf die schlichte und berechtigte Einwendung Nachruf des wenn nicht Lächerlichen, doch höhnisch Belachten.
169 2440 526 2515 ununterbrochenes
172 2450 3030 2560 Selbstmord seiner seines Freundes auch nichts Gescheites zu antworten. Er ent= Wenn aber für ihn, wie Albrecht andeutet, die vorgeblich helden¬
156 2554 3033 2618 m sein, um sich kräftet nicht einmal die geradezu schauerliche Andeutung Albrechts, hafte Massenhinopferung nichts anderes ist als das Mittel zum
169 2590 3031 2660 Moser, der keinen daß diese Massenabschlachtung am Ende auf nichts anderes hinaus= Zweck, seinem von ihm gesuchten Tode die Kleinlichkeit einer
185 2600 3026 2699 r hat, empfindet, laufe als auf einen „Witz“ des Obersten. „Der Oberst“, sagt Skandalgeschichte zu nehmen, den George Dandin zum Arnold
164 2696 3048 2749 hört, nur eines: Albrecht, „ist ein gar zu witziger Kopf, darum müssen wir Winkelried herauszuputzen, den Hahnrei zum Heros — dann ist
1754 2702 2217 2786 es einfach grauenhaft.
167 2734 698 2815 is, noch nicht zu sterben.“
1855 2738 3045 2813 Der Oberst ahnt, daß seine junge Frau Kommandeuse sich
626 2748 1780 2859 „Nichts über ihn. Ihr versteht ihn alle nicht,“ entgegnet
161 2785 525 2870 ebzig Jahren und
504 2786 3042 2885 Max. „Man muß die Zusammenhänge be= außerehelich ergötzt. Er weiß, daß er die Schande, wenn sie
1757 2837 3047 2906 ruchbar wird, nicht überleben kann. Und kaltblütig, um das, was
515 2878 696 2960 greifen.“
159 2860 516 2955 jahung des Willens
634 2878 3033 2981 Mit solchen vieldeutigen und nichtssagenden, nebeligen als persönlich schändend betrachtet wird, und dem zu allem Unglück
150 2922 534 3004 twas Krankhaftes,
1758 2929 3044 3005 noch ein Gran von Lächerlichkeit beigemischt ist, zu verdecken, um
150 2947 1781 3038 ene Arzt, der sich Skandinavismen wollen wir uns lieber nicht um die Sache
1751 2991 3030 3048 die wahre Ursache seines Unterganges zu bemänteln, läßt er es
166 3026 821 3103 die gesunde Marie herumdrücken.
624 3048 3034 3112 Vielleicht kommen wir der Sache näher, wenn wir hören, geschehen, regt es wohl gar an, daß Hunderte seiner Kameraden,
167 3083 538 3148 ht, als der sterbens¬
515 3085 3040 3166 wie der verständige Albrecht den Verdacht ausspricht, daß sein zwanzigjährige Jünglinge, kräftige Männer, Söhne, Gatten, Väter
163 3124 541 3198 er weiß, daß die
184 3125 3040 3226 alte Moser aus- guter Kamerad Max, der so freudig in den Tod zieht, am mit ihm getötet werden, damit die Unrühmlichkeit seines Todes in
165 3184 2737 3276 die Mittel in die Ende „eine persönliche Schuld in der allgemeinen aufgehen“ der Hekatombe der unbewußten Opfer verschwinde.
1864 3222 3046 3294 Die Unglücklichen! Sie wähnen sich Helden im Dienste des
156 3264 797 3348 Alten die Ohren so lassen wolle.
630 3288 3047 3368 Das heißt doch wohl aus der gewollten Unklarheit in ver= Vaterlandes und sind in Wahrheit nichts anderes als die Schlacht¬
195 3329 559 3405 nicht mehr zu
521 3321 3059 3447 ständliches Deutsch übertragen: Max behängt die Sühne der eigenen opfer eines wahnsinnig grausamen Egoismus. Sie glauhen, sie
