3484 4256
1449 252 1989 341 box 24/3
223 245 1371 349 19. Der Ruf des Lebens
377 727 758 805 New-rein,
892 763 1085 828 Toxonto.
706 797 1476 896 Leipzcer-Keueeie Nachrichten
376 890 829 961 Ausschnitt aus:
684 941 997 1026 4-FEB 1907
384 991 569 1049 vom:
1338 993 1616 1072 Schurt.
771 1064 1228 1127 Der Ruf des Lebens.
587 1102 1153 1176 Schauspiel von Artbur S
393 1136 1589 1223 Erste Aufführung im Leipziger##lhause.
736 1189 1240 1253 (Sonnabend, 2. Februar.)
408 1216 1627 1281 „Ihnen scheint die Sonne noch, und mir — und denen . .. ich
323 1268 1628 1333 weiß nichts anderes auf Erden, das gewiß wäre.“ Mit diesen müde
334 1311 1642 1376 resignierten Worten seines Raisonneurs läßt Schnitzler sein neues
325 1352 1631 1397 Stück schließen. Der Bankerott einer Weltanschauung, die alle Blüten
330 1376 1640 1447 der Ideale durch schonungslose Skepsis zerpflückt hat, und der nun
317 1428 1638 1487 nichts mehr in den Händen blieb als die nackte Tatsache des Lebens.
325 1467 1629 1507 Des Lebens mit Sonnenschein und Essen und Sattwerden und Be¬
318 1509 1632 1557 friedigung der Gelüste, woran auch der Wurm schon seine Freude hat.
327 1553 1630 1591 Gewiß, es ist etwas Schönes und auch Gesundes um die naive Freude
321 1599 1627 1645 am Leben um des Lebens willen, und es ist auch bedauerlich, daß uns
330 1623 1605 1679 Kulturmenschen diese naive Freude hie und da schon abhanden gekom¬
323 1662 1626 1718 men zu sein scheint. Aber das Leben muß über das bles Vegetative für
318 1709 1627 1757 uns doch auch einen würdigen und lebenswerten Inhalt haben. Und
327 1746 1636 1802 der kann ihm nur von der geistigen Seite kommen. Sei er auch nur
316 1780 1624 1824 in der allgemeinsten und elementarsten Form treuer Pflichterfüllung
314 1831 1628 1874 gegeben. Die Arten des Lebens, zu denen Schnitzler in seinem Stücke
314 1867 1428 1900 rufen läßt, sind gewiß nicht wert, daß man dem Rufe folgt.
396 1911 1627 1963 Die Heldin seines Stückes läßt der Dichter im Anfang an einen
313 1940 1629 1987 egoistischen kranken Greis gefesselt sein. Die blühendsten ihrer Jugend¬
324 1974 1624 2039 jahre ist sie von der Welt und allen ihren Freuden abgeschlossen ge¬
317 2005 1620 2073 wesen in dem dumpfen Krankenzimmer in der schier unerträglichen
322 2061 1629 2124 Gesellschaft des brutalen und launenhaften Vaters. Ein braver Mann
316 2101 1629 2148 wirbt um sie, der um ihrer Liebe willen ihre Base einst verschmäht und
321 2138 1628 2200 dadurch unglücklich gemacht hat. Geduldig hat Marie ihr Los bis jetzt
312 2178 1621 2223 ertragen. Da fordert sie der Hausarzt auf, dem Rufe des Lebens zu
320 2224 1623 2270 folgen. Er meint den wackeren Freier. In Maries Innern haben aber
312 2255 1620 2313 die Worte des Hausfreundes einen Sturm anderer Art aufgerüttelt.
322 2298 1627 2344 Ueber die Leiche des Vaters hinweg, dem sie einen „Trank für 1000
322 2341 1621 2394 Nächte“ mischte, wirft sie sich einem Offizier, mit dem sie einmal im
308 2383 1629 2426 Leben eine Ballnacht durchschwärmt hat, für eine einzige Liebesnacht!
315 2421 1622 2467 in die Arme. Vorber mußte sie im Zimmer des Offiziers Zeuge sein,
316 2463 1612 2522 wie dessen Oberst ihn mit seiner Frau überrascht und diese nieder¬
312 2495 1495 2539 schießt. Glaube wer will an diese Menschen, die
1502 2501 1620 2554 von
314 2527 695 2584 Leichen fort zu
704 2539 1463 2591 einer Liebesnacht eilen! Aber sie
1463 2538 1615 2593 spuken
308 2578 1616 2632 unter dem Einflusse Nietzschescher Ideen und moderner Renaissance¬
313 2621 1622 2667 Liebhabereien tatsächlich in dem Hirne unserer modernen Dichter.
311 2649 1624 2691 Schnitzler bat schon im „Schleier der Beatrice“ etwas Aehnliches ge¬
304 2690 1628 2751 schaffen, und auch auf unserer städtischen Bühne sahen wir vor kurzem
305 2740 1620 2787 eine ganz entsprechende Szene. Auch an jenen Offizier erging der
305 2767 1631 2833 Ruf des Lebens, aber er warf — eine merkwürdigeInkonsequenz in der
315 2800 1628 2868 Weltanschauung des Dichters — sein durch Schuld beflecktes Leben frei¬
313 2851 1618 2907 willig von sich. Noch eine andere Frau taumelt, dem Lebensrufe fol¬
304 2897 1622 2941 gend, durch ihr Dasein: Maries Base Franziska. Sie genießt es,
315 2928 1622 2963 nachdem sie von jenem verlassen wurde, mit vollen Zügen durch eine
310 2969 1616 3011 schleichende Krankheit sowieso dem baldigen Tode geweiht. Ermüdete
312 3003 1600 3060 der erste Akt und stieß ab durch langausgesponnene Raisonnemen
305 3047 1585 3087 und Brutalitäten, so wurde der zweite zuerst durch ein sein geführt
300 3084 1585 3120 Gespräch zwischen dem Obersten und dem jungen Offizier eingeleit
301 3118 1597 3166 ging dann aber zu noch brutaleren Theatereffekten über. Der drit
294 3161 1579 3207 zerfließt in müde Resignation und entläßt den Zuhörer mit eine
299 3202 1584 3255 ganzen Bündel ungelöster Fragen. Der neue Schnitzler gehört jedei
308 3229 1594 3278 falls zu seinen am wenigsten erquicklichen Werken, wenn man au
297 3276 1588 3314 über manche sinnvolle Stelle seine Freude haben mag. Erfreulichen
307 3310 1585 3375 wie der Bühnenanblick ist die Lektüre des Werkes, die auch über manch
298 3354 1464 3392 Zusammenhänge, die auf der Bühne verloren geben, aufklärt.
370 3377 1582 3436 Die Darstellung vermochte eine einheitliche und befriedigende Er
306 3437 1588 3484 klärung des Stückes noch nicht zu geben. Die Marie fand in Fr.
298 3471 1583 3513 Herma Oswald keine der Rolle voll gewachsene Vertreterin. Di
304 3509 1596 3556 Figur zerfiel in ihrem Spiel allzu sehr in einzelne Episoden. Treff
301 3547 1581 3589 liche Leistungen gaben Herr Schreiner als Oberst und Her
298 3589 1596 3622 Junker als Offizier, die vorzüglichste aber Frau Hruby al¬
292 3623 1604 3680 lebensgierige treulose Gattin südländischen Bluts. Herr Forsa
291 3675 1589 3719 machte aus seinem Kranken ein wünschenswert porträtähnliches Unge
296 3697 1592 3742 heuer. Frl. Reimers konnte ihrer Katharina auch noch keinen ein
291 3740 1594 3792 heitlichen Zug geben. Herr Willi hätte etwas weniger hausbacker
290 3778 1596 3830 sein können. Herr Mühlhofer und Herr Wildenhain warer
295 3810 649 3882 an ihrem Platze.
1102 3813 1541 3881 Gustav Brendel.
2704 538 3098 630 Telephon 12801.
2410 698 3094 808 IET S Lnnn
1947 719 2403 819 P EMM
1953 802 3108 871 O l. österr. behördl. konz. Unternehmen für Zeitungs-Ausschnitte
1983 884 2048 926 O
2121 858 2997 936 Wien, I., Concordiaplatz 4.
2345 940 2768 1001 Vertretungen
1967 973 3100 1049 O in Berlin, Budapest, Chicago, Christiania, Genf, Kopen¬
1948 1031 3107 1085 hagen, London, Madrid, Mailand, Minneapolis, New-Vork,
2053 1072 3061 1129 Paris, Rom, San Francisco, Stockholm, St. Petersburg.
2363 1109 2762 1154 (Quellenangabe ohne GewahrA
1939 1148 2019 1197 *
1956 1143 2616 1234 6 Ausschnitt aManchnor
1947 1223 2043 1271 155
1944 1222 2485 1331 Ee vom: 5·FER1907
2068 1380 3031 1495 * Kleine Mitteilungen. Artur Schnitzlers drei¬
2080 1412 3043 1531 aktiges Schauspiel „Der Ruf ##“ das
2097 1451 3047 1560 bisher nur im Berliner Lessingtheater zur Auffüh¬
2103 1494 3047 1590 #ing gelangt war, fand bei vorzüglicher Darstellung
2109 1536 3041 1639 im Leipziger Schauspielhause sehr beifällige
2108 1574 3053 1689 Aufnahme. Freilich wirkten auch einige krasse Szeuen
2096 1638 2643 1740 lziemlich abstoßend.
2570 2282 2940 2367 Telephon 12.801.
2060 2430 2762 2526 „ODOERTER
1880 2485 2988 2596 I. österr. behördl. konz. Unternehmen für Zeltungs-Ausschaltte
2080 2537 2803 2632 Wien, I., Concordiaplatz 4.
2280 2604 2619 2676 Vertretungen
1902 2643 2988 2737 in Berlin, Basel, Budapest, Chicago, Cleveland, Christiania,
1897 2689 2981 2764 Genf, Kopenhagen, London, Madrid, Mailand, Minneapolis,
1903 2732 2980 2815 New-Vork, Paris, Rom, San Francisco, Stockheim, St. Peters¬
2292 2782 2600 2840 burg, Toronto.
2222 2822 2675 2885 (Quellenangabe ohne Gewähr.
1906 2895 2337 2985 Ausschnitt aus:
2316 2920 2970 3012 Hamburger Nachrichten
2215 2972 2512 3045 5-FEOASO
2519 2992 2815 3077 Hamburg
1912 3002 2082 3066 vom:
1987 3090 2876 3159 H. G. Leipzig. Eine das Schauspielhaus
1961 3146 2875 3207 kaum bis zur Hälfte füllende Premiere erlebte ddrt
1975 3187 2681 3247 am Sonnabend, 2. Februar, Arthu##
2716 3186 2809 3250 #
1976 3190 2873 3276 lers leite dramatische Arbeit
1964 3266 2885 3313 die nach der Uraufführung vor
1975 3292 2876 3358 kurzem in Berlin bis jetzt noch nicht weit herum¬
2957 3316 3020 3398 8
1976 3333 2883 3384 gekommen ist. Das tragische Schicksal liegt hier ja
1961 3384 2881 3423 in dem Konflikt zwischen Vater und Tochter, diese:
1968 3401 2883 3447 ein nach dem Leben sehnsüchtiges Mädchen, jener:
1974 3447 2875 3490 ein alter, siecher egoistischer Mann der sein Kind
1978 3479 2877 3535 zu seiner Pflege gewaltsam und für jede Minute
1971 3519 2884 3568 an sich gefesselt halt. Die Tochter tötet ihn, um
1972 3553 2879 3607 freizukommen, und findet doch nicht mehr, was sie
2950 3554 3018 3615 3
1973 3601 2883 3640 ersehnt hat. — Das Stück vermochte nicht sonderlich
2881 3592 3033 3656 —
1977 3631 2881 3681 zu packen. Der Grund erklärt sich bald, denn
1962 3655 2887 3704 bei vielen Vorzügen des Inhalts, der hin und
1971 3700 2886 3745 wieder Tiefen zeigt und dichterisch wirkt, tritt doch
1982 3745 2892 3787 auch (wie bei so vielen neueren Stücken) der ge¬
1987 3770 2893 3822 fährlichste Mangel auf, daß nach einer guten Ex¬
1970 3809 2890 3852 position das Ganze, statt zur Höhe aufwärts, einem
1984 3851 2884 3891 keeren Ende nach abwärts zustrebt, das in
1975 3887 2885 3928 seiner Nichtigkeit denn auch freilich einen vernichten¬
1975 3929 2886 3980 den Schatten über den ganzen Weg des Stückes
1977 3957 2221 4014 zurückwirft.
