3484 4352
298 159 1452 274 19. Der Ruf desLebens
1079 3054 1296 3150 Chanter
1601 183 2064 273 box 24/2
1881 773 2489 939 R
1443 989 2146 1070 weise trete uns Heine, der aristokra¬
2177 1024 2895 1098 sondern zuerst am Berliner Lessing¬
1442 1040 2144 1117 tische Demokrat, als der Lieblings¬
2161 1071 2886 1140 theater an die Oeffentlichkeit getreten
1437 1089 2145 1156 dichter des deutschen Proletariats so
2171 1125 2894 1185 ist, versucht es einmal wieder mit
1440 1153 2146 1209 und so oft entgegen. Er werde emp¬
2174 1176 2882 1244 einer kräftigeren Tonart. Die beiden
1432 1191 2143 1267 funden „als der Mann, dessen Lied
2165 1214 2883 1290 ersten Akte sind szenisch betrachtet
1432 1250 2147 1315 und Wort einer werdenden Zeit an¬
2166 1272 2880 1346 wohl das herzhafteste und stärkste,
1438 1299 2142 1356 gehört.“ Umstritten, so führt Karl
2171 1320 2885 1391 was der sonst so leise Wiener Poet
1434 1346 2142 1420 Strecker im Anschlusse an die Denk¬
2167 1364 2876 1441 seit seinem „Grünen Kakadu“ auf die
1434 1393 2144 1458 malsfrage in der „Tägl. Rund¬
2156 1417 2881 1485 Bühne gebracht hat. Ein Vatermord
1428 1436 2139 1516 schau“ aus, seien vornehmlich die
2162 1473 2871 1537 und ein Gattenmord, beide auf offe¬
1427 1492 2141 1560 Dinge und Menschen, so sich nicht
2158 1519 2885 1595 ner Bühne vor den Augen und Ohren
1428 1543 2137 1611 ohne Umstände rubrizieren und eti¬
2158 1558 2887 1641 der entsetzten Zuschauer vollzogen!
1427 1590 2138 1668 kettieren lassen. „Liebe und Haß
2150 1612 2878 1685 Ein Jammern und Schreien über eine
1417 1636 2125 1712 kämpfen noch heute am Grabe Heines,
2156 1668 2877 1734 solche Anhäufung roher theatralischer
1415 1681 2129 1756 und wer wollte sagen, ob er mehr
2157 1712 2877 1776 Effekte erhebt sich bei all denen, die
1424 1737 2130 1800 Apoll oder Faun gewesen?... Die
2152 1760 2870 1836 eine Veredelung des. Theaters allein
1412 1778 2132 1851 Melancholie, die sentimentale Träu¬
2146 1806 2870 1883 von der Erziehung zum Intimen und
1414 1838 2127 1898 merei überwog in ihm so sehr, daß
2146 1857 2866 1931 Leisen erwarten und die, sobald nur
1419 1885 2133 1955 er nicht hätte atmen können, wenn
2156 1917 2877 1969 eine Pistole knallt, schon von Rückfall
1413 1935 2118 2013 nicht der zynische Gegenpol gereizt
2151 1952 2861 2020 in dramatische Barbarei reden. Ich
1409 1981 2115 2038 aufschnellenden Spottes das Gleich¬
2142 2007 2853 2079 kann mich für dieses Trappistentum
1414 2037 2117 2102 gewicht wieder hergestellt hätte.“ Auch
2141 2067 2853 2122 auf der Bühne nicht erwärmen und
1405 2087 2120 2156 in seinen Shakespere=Studien, auf die
2140 2104 2851 2182 wäre der letzte, der einem den Sinn
1411 2124 2114 2194 Strecker dann eingeht, sei er immer
2137 2158 2859 2224 und Zweck der dramatischen Kunst¬
1412 2181 2111 2260 ehrlich, immer Heinrich Heine ge¬
2138 2214 2847 2276 form in robuster, schallender Hand¬
1406 2220 1579 2282 wesen.
2139 2252 2847 2328 lung erkennenden und erfüllenden
1463 2276 2110 2352 ∆) Der Zeitschrift „Die
2137 2295 2855 2371 Dichter daraus einen Strick drehen
1393 2313 1640 2384 Schweiz“
2132 2346 2847 2422 möchte. Trauliche Kaminstunden kön¬
1398 2375 2111 2451 sind wir eine Ehrenerklärung schul¬
2129 2398 2857 2473 nen wir daheim bei umschleierter
1403 2421 2108 2495 dig, denn wir haben ihr trotz unsres
2125 2443 2857 2521 Lampe vor einer Novelle oder einem
1395 2477 2111 2549 Lobes (Kw. XIX, 9, S. 522) doch
2137 2494 2842 2569 Gedichtbuch verträumen oder versin¬
1392 2529 2106 2593 durch die Andeutung unrecht getan,
2128 2543 2837 2619 nen; wer sich mit Hunderten zusam¬
1391 2560 2095 2643 daß sie früher besser gewesen sei,
2129 2592 2839 2664 men vor die Bühne setzt, um, was sich
1390 2624 2094 2692 als jetzt. Sie war im Anfang besser,
2119 2654 2839 2718 da oben in gedrängter Augenblicks¬
1391 2664 2098 2743 als dann jahrelang, und das hatte
2128 2695 2834 2758 fülle, von leibhaftigen Menschen ge¬
1392 2718 2105 2790 jene Bemerkung veranlaßt, die ohne
2117 2756 2834 2818 tragen, vor ihm abspielt, zugleich mit
1389 2773 2095 2837 Nachprüfung der neuesten Entwick¬
2131 2796 2835 2871 jenen allen und gesteigert durch ihr
1386 2799 2094 2883 lung niedergeschrieben war. Seit
2115 2850 2831 2920 Miterleben in sich hereinfluten zu
1381 2867 2089 2942 einiger Zeit befindet sich nämlich
2118 2890 2844 2972 lassen, der verziehe nicht gleich den
1383 2911 2098 2997 „Die Schweiz“ wieder entschieden im
2117 2934 2834 3011 Mund zum Schmollen, wenn Scher¬
1381 2957 1658 3024 Aufschwunge.
2116 2989 2833 3061 ben klirren und eine Patrone explo¬
1872 3037 1965 3096 S
2117 3040 2823 3112 diert! Nur die Bedingung freilich
2116 3085 2825 3156 muß dabei erfüllt sein: es muß Le¬
1409 3100 2009 3179 □ Berliner Theater
2119 3135 2827 3206 ben, echtes, starkes und gesundes Le¬
1427 3159 2079 3229 Arthur Schnitzlers erst vor
2117 3188 2827 3261 ben sein, um dessen Sein oder Nicht¬
1367 3208 1745 3280 wenigen Mon#t##
1798 3221 2081 3287 hieene Musik¬
2116 3231 2818 3290 sein es sich handelt. Mord und Tot¬
1379 3266 2078 3343 komödie „Zwischenspiel“ war ganz
2113 3282 2814 3358 schlag um Spielereien und Spinti¬
1378 3322 2071 3383 auf piano und pianissimo gestimmt;
2112 3337 2812 3394 sierereien eines müßigen Kopfes sind
1362 3367 2080 3438 sein jüngstes Schauspiel „Der Ruf
2097 3381 2822 3451 allerdings „Theatereien“, die noch
1358 3416 2088 3488 des Lebens“, das nicht in Wien,
2086 3439 2822 3509 ein paur Rutenstreiche mehr verdie¬
1383 3506 1493 3554 658
2414 3534 2781 3591 Kunstwart XIX, 12
2890 667 3046 760 I
