3484 4352
1480 235 2011 334 box 24/1
1192 252 1262 315 b
253 257 1413 353 19. Der Rufdns
630 592 877 796 ½
920 720 1416 817 c
1669 912 1878 987 stänblich k
1676 972 1899 1038 abgetönten
887 912 1294 1041 Theater
1683 1011 1833 1062 haftete,
1676 1050 1894 1106 Massenszen
536 1032 1678 1119 Lessing=Theater. — Der Ruf des Lebens. Schauspiel
1674 1089 1844 1143 erschien.
449 1093 1664 1153 in drei Akten von Arthur Schnitzler. Als der Vorhang
1680 1123 1887 1179 des Herrse
450 1127 1668 1216 über dem neuesten Schnitzlerschen Drama gefallen war, rechnete
1681 1169 1871 1224 vorletzten
468 1171 1660 1237 man dem feinsinnigen Wiener Zwischenspielpoeten im Zuschauer¬
1675 1208 1871 1264 auf der
451 1212 1664 1289 raum grausam nach, wie viele Schlachtopfer er auf dem Altar der
1677 1240 1895 1297 aber, dem
461 1246 1679 1305 tragischen Muse darbringen zu müssen geglaubt hatte, um die letzte
1678 1279 1897 1336 Joannowil
463 1285 1679 1356 Weihe als ihr erster Hoherpriester zu erhalten. Im ersten Akt ein
1682 1321 1900 1374 Die Geschi
458 1324 1672 1409 mit Gift von der eignen Tochter vom Leben zum Tode gebrachter
1674 1361 1897 1415 hat ihn ni¬
465 1366 1677 1448 Vater, inzwischen eine von ihrem Manne unter beträchtlicher Rauch¬
1689 1400 1892 1461 den Kämp
460 1418 1671 1475 und Knallentwicklung erschossene ungetreue Gattin, im dritten
1791 1443 1897 1493 ihn
1690 1445 1787 1496 hat
457 1443 1674 1515 eine Tochter aus gutem Hause, die, zur Dirne geworden,
1689 1468 1907 1541 der unmä
1056 1486 1671 1550 Und während diese unglaub¬
470 1510 996 1559 der Schande nicht erliegt.
1679 1516 1869 1571 weilen —
472 1519 1684 1603 lichen Einzelopfer nacheinander auf der Bühne zur Strecke
1694 1548 1900 1618 Bewußtsei.
469 1560 1674 1637 gebrachl worden sind, wird als Massenhekatombe hinter der
1684 1595 1909 1655 ein Vierge
472 1602 1676 1666 Szene ein ganzes Kürassierregierregiment niederkartätscht, buch¬
1695 1633 1913 1689 Diesen schi
466 1642 1684 1704 stäblich bis auf den letzten Mann, denn ein junger Offizier, der
1693 1678 1895 1729 schwierige
472 1681 1686 1750 allein die Kugel, die er gesucht, nicht finden kennte, erhielt sie in
1696 1717 1900 1776 feinstem 1
470 1721 1689 1777 einer Scheune. Wenn das noch keine Tragödie ist — dann — dann — ja
1697 1756 1917 1813 Ebenso n
468 1760 1664 1826 dann ist Arthur Schnitzler — das Wort stockt in der Feder — am Ende —
1699 1795 1905 1844 Godunow
480 1793 1681 1875 man wagt es kaum auszusprechen — kein tragischer Dichter Der Schlaf¬
1694 1835 1919 1897 bühnenkün
477 1845 1683 1925 trunk Gretchens, die Erdrosselung Desdemonas, der Bluthusten der
479 1877 1686 1940 Kameliendame, der Todesritt der Pappenheimer Kürassiere — das
471 1915 1685 1982 alles könnte ja recht hübsch erschütternd wirken, wenn es zu einem
477 1957 1707 2028 gewaltigen Panorama der Leidenschaften zusammengefaßt wäre, in
486 1994 1693 2074 der Vereinzelung, wie es Schnitzler bringt, wirkt es nicht
477 2027 1693 2103 dramatisch, sondern dioramatisch, d. h. etwa, wie die durch
480 2073 1698 2144 ein Guckloch gesehenen Schauerszenen eines Panoptikums
1249 2098 1708 2173 „Nichts für Nerven¬
1779 2119 1921 2190 Herei
477 2134 1252 2195 über dieser Tür stehen sollte:
494 2149 1702 2230 schwache.“ Wenn man dann gar am Schlusse merkt, daß der ganze
498 2170 1925 2259 Apparat nur in Szene gesetzt wurde, damit Mariechen Moser, die lungen we
1699 2208 1925 2265 die „das 9
483 2232 1702 2302 interessante Vatermörderin, die an einem Abend Gift mischt,
1704 2246 1935 2307 z. B. Gras
481 2271 1704 2337 eine Nebenbuhlerin erschießen sieht, ihre Unschuld zu Markte trägt,
480 2291 1932 2375 den Geliebten ebenfalls in den Tod eilen läßt, durch einen Da ist je
1704 2325 1924 2386 arbeit in "
490 2359 1698 2431 medizinischen Schönredner erfährt, daß das Ganze nur ein Miß¬
1711 2371 1934 2426 Reihe deut
493 2388 1709 2454 verständnis ist, daß sie nur den „Ruf des Lebens“ falsch
1709 2404 1936 2468 in Kisten!
491 2433 1699 2495 aufgefaßt hat, dann fragt man sich nicht ohne Berechtigung:
1719 2451 1912 2503 Schädel
491 2473 1703 2541 „Wozu der Leichenpomp?“ Daß Mariechen gerade als die
1711 2491 1931 2546 Hereros w
499 2515 1704 2574 Kürassiere in den Tod reiten, sich darauf besinnt, sie könne den Ge¬
1720 2527 1940 2585 nach Berli¬
497 2547 1711 2628 liebten, ohne das heiß ersehnte Schäferstündchen genossen zu haben,
1720 2563 1943 2621 gegen Beze
490 2596 1707 2655 verlieren, und um sich ihm ungestört an den Hals zu werfen, dem Vater,
1725 2607 1939 2670 teilen usw.
499 2625 1706 2696 der sie eingeschlossen hat, einen für hundert Nächte ausreichenden
1785 2651 1936 2709 Henn
511 2664 1707 2733 Schlaftrunk gibt, ist so wenig hübsch von ihr, daß es einer
1725 2690 1925 2749 präsidium
510 2697 1712 2785 stärkeren Motivierung bedarf, als des Widerwillens gegen die
1729 2722 1941 2788 1868 in Fre
511 2747 1708 2821 lästige Krankenpflege. Nebenber läuft die Ehebruchstragödie des
1729 2776 1936 2827 Paul M
505 2780 1717 2870 Obersten, der die Frau Obristin erschießt, weil er sie mit demselben
1726 2813 1936 2866 Zuletzt w#
504 2822 1711 2900 Offizier, den Mariechen liebt, in einem Abschieds=Téte-ä-téte über¬
1723 2847 1948 2907 Während i
502 2864 1712 2937 rascht. Daneben läuft ferner die Geschichte einer dekadenten
1721 2890 1936 2943 hausklaps“
507 2906 1716 2979 Familie, deren Töchter sämtlich jung starben, und als weitere
1726 2931 1956 2983 übergeführ
508 2941 1717 3013 Mitläufer gibt es dann noch einen Phrasen drechselnden Doctor
1737 2966 1965 3026 hielt sich seit
513 2988 1716 3053 medicinae und einen herausgeschmissenen Liebhaber in Form
1738 3009 1944 3061 wurde er in
520 3020 1716 3085 eines Forstadjunkten, der Mariechen Moser, die pikante
1741 3050 1949 3107 Handelsm:
514 3059 1719 3122 Vatermörderin gern zur Frau Oberförsterin machen möchte, aber
1730 3087 1953 3145 hatte. Am
507 3097 1734 3172 unter dem Druck oben bemeldeter Verhältnisse wenigstens vor¬
511 3126 1959 3212 läufig davon Abstand nimmt; später vielleicht — man kann] Villen=Ei
1026 3168 1955 3240 Am Schluß des dritten Aktes spielen! an, wurde
511 3201 954 3258 immerhin nicht wissen.
517 3209 1964 3297 im Hintergrunde auf einer Wiese Blumen suchende Kinder undKopf vern
1737 3242 1943 3301 entfliehen,
514 3250 1735 3341 Mariechen Moser wartet im Vordergrunde, ob nicht in absehbarer
1740 3280 1953 3337 die Schi
519 3297 1723 3363 Zeit ein neuer „Ruf des Lebens“ an sie ergeht, den sie diesmal
1740 3320 1960 3386 sich wieden
516 3338 1720 3402 hoffentlch nicht wieder so arg mißversteht, daß sich die Leichen¬
1744 3360 1968 3413 an den K
522 3394 1220 3460 haufen um sie herum noch vermehren
1748 3403 1960 3457 kein Deuts
602 3391 1725 3485 Gespielt wurde einerseits mit einem gewissen Widerwillen,
1739 3440 1972 3499 du Moulo
531 3450 1738 3519 andrerseits mit anerkennenswerter Liebe zur Sache. Rudolf
1744 3483 1962 3545 versagte, 1
531 3495 1732 3578 Rittner marlierte den abgefallenen Forstadiunkten, weil er ihm
1739 3516 1971 3581 geschwollen
531 3530 1738 3617 nicht gefiel, Eise Lehmann fand sich mit einer verwitweten
1748 3560 1973 3626 die Dakty
526 3571 1720 3644 Biedermeier=Tante mit der ihr angeborenen Liebenswürdig¬
1816 3606 1945 3659 In 1
1373 3604 1743 3668 so trocken und
754 3627 1356 3682 Emanuel Reicher war
525 3637 758 3686 keit ab,
1749 3649 1968 3702 Belastungs
528 3654 1736 3717 natürlich, wie es sein Temperament und seine stockende Rede¬
1747 3679 1979 3741 Untersuchuß
536 3692 1732 3748 weise zulassen, eine Debutantin zeigte in einer Opheliarolle
1744 3724 1988 3782 wurden als
534 3724 1740 3786 bemerkenswertes Talent. Irene Triesch versuchte vergeblich,
1756 3763 1985 3818 kann keine
528 3768 1734 3840 die vom Dichter vergessene Motivierung ihrer Handlungen durch
1747 3802 1981 3862 2 bis 7 1
528 3808 1729 3875 ihr Spiel zu ersetzen, und Bassermann und Hans Marr
1756 3838 1972 3907 trotz sein
547 3847 1741 3914 retteten durch ihre Episoden den Abend, der im übrigen die ge¬
1753 3889 1947 3934 weisen. —
546 3884 1742 3949 wohnte Physiognomie der letzten Erstaufführung aufwies: Klatschende
1864 3923 1936 3970 in
1751 3919 1861 3985 zu
539 3920 1745 4004 Freunde, zischende Feinde und ein an der ganzen Sache unbeteiligtes
1761 3956 1990 4017 geliefert i
545 3975 1250 4046 Publikum, das ruhig nach Hause ging.
1766 4002 1975 4053 halten der
1193 3983 1687 4066 Georg Malkowsky.
1752 4038 1978 4094 mittel gem
624 4055 1741 4131 Berliner Theater. — Gastspiel des Moskauer Künst¬
1754 4082 1956 4127 vor der
544 4097 1739 4177 lerischen Theaters. — „Zar Jeodor Joannowitsch“.
1765 4118 1979 4170 Mark habe
546 4132 1755 4212 Tragödie von Graf Alexej Tolstoj. Auf den Brettern, die bis
1760 4158 1975 4201 des Briete
1431 4183 1515 4223 REN
1993 494 2370 577 Telephon 12801.
2834 527 2935 600 29
2183 566 2885 692 „UDSERVEn
1998 634 3112 730 I. österr. behördl. konz. Unternehmen für Zeitungs-Ausschnitte
2185 691 2932 793 Wien, I., Concordiaplatz 4.
2413 769 2725 841 Vertretungen
2018 781 3110 896 in Berlin, Budapest. Chicago, Christienia, Genf, Kopenhagen,
2014 849 3114 938 London, Madrid, Mailand, Minneapolis, New-York, Paris, Rom,
2178 893 2949 979 San Francisco, Stockholm, St. Petersburg.
2368 941 2783 1004 (Quellenanzabe ohne Gewähr.)
2025 1038 2461 1118 Ausschnitt aus:
2470 951 3180 1131 ake Jagilung
2031 1151 2184 1212 vom:
2720 1118 2972 1252 Mulige
2393 1286 3010 1376 Lessing=Theater.
2154 1334 3316 1411 Zum ersten Male: „Der Ruf des Lebens“, Schauspiel in
2071 1411 3262 1470 drei Akten von Arthur Schnitzler. Regie Emil Lessing.
2150 1437 3329 1516 Schnitzler hat etwas beweisen wollen, auch mit diesem Stücke.
2079 1509 3322 1559 Und wie dieses Beweisenwollen schon immer dem Dramatiker hinder¬
2090 1535 3324 1599 lich war, hier wurde es ihm zum Verhängnis. Er hat nämlich
2091 1590 3323 1654 den Tod für das Leben eintreten lassen. Und er hat zweitens
2078 1625 3326 1694 zu zeigen versucht, daß er eine spannende Handlung auch im äußer¬
2090 1685 3325 1733 lichen Sinne aufzubauen vermag. Der Tod ist ein schlechter Für¬
2079 1708 3326 1775 sprecher des Lebens, auch dann noch, wenn vier Personen in drei
2089 1752 3333 1816 Akten sterben und drei davon auf der Bühne. Und um die um¬
2088 1805 3329 1870 gekehrten Absichten des Dichters zu erklären, wird zwischen den
2088 1844 3330 1918 Personen noch gerade so viel hin und herüber erläutert, als es auch
2096 1890 3037 1968 sonst in Schnitzlers Stücken zu geschehen pflegt.
2166 1935 3329 1988 Doch heute interessiert mich vor allem die Aufführung. Das
2100 1968 3332 2031 Stück spielt in der Mitte des vorigen Jahrhunderts. Die Aus¬
2098 2024 3333 2080 stattung hatte daraus Gelegenheit genommen, den Biedermeierstil,
2094 2060 3328 2124 der ja übrigens heute wieder modern ist, breit und behaglich auf
2087 2117 3333 2162 die Szene zu setzen. Wir sind im ersten Akt im Wohnzimmer
2094 2142 3347 2207 des pensionierten Rittmeisters Moser. Blaugraue Wände in dem
2104 2186 3338 2256 fast niedrigen Raum, Sofa und Sessel mit Matratzenbezug und
2085 2237 3346 2309 dickgepolsterten Rücklehnen. Dann ein Offizierszimmer in Braun
2095 2282 3345 2352 und endlich einen Garten mit weißem Gartentor und einer Wiese
2102 2318 3345 2383 dahinter, großmächtigen Kastanien darin und die Sonne mehr als
2106 2368 3343 2426 aufdringlich. Bei so viel Realismus müßte man eigentlich noch die
2103 2394 3337 2476 Forderung stellen, daß bei Szenen im Freien die hintere Wand
2094 2438 3350 2518 des Theaters herausgenommen wird, damit die Stimmen etwas von
2106 2503 3355 2556 dem Gedämpften eines frei ausklingenden Tones erhalten, damit
2098 2542 3344 2602 man nicht Angst vor der erdrückenden Nähe dieser heaterspielenden
2106 2582 3345 2645 Sprecher hat, die doch auf einer Wiese vor Wäldern und Schnee¬
2105 2633 2630 2710 bergen mit einander reden.
2183 2662 3359 2733 Schnitzler hat sich um die Sprache der Zeit bemüht, in die
2107 2715 3362 2778 er uns versetzen will. Die Schauspieler taten es mit ihren Gesten
2113 2750 3356 2819 und mit dem Rhythmus der Rede ebenso. Bisweilen war diese.
2106 2800 3356 2851 Absicht etwas aufdringlich. Jedenfalls muß sie als ahrlicher Ver¬
2112 2843 3348 2917 such angesehen werden. Es ist die Sprache der Romaniiker, wie
2108 2886 3342 2949 wir sie in Tiecks Sternbald lesen. Und wir wollen einmal glauben,
2114 2928 3342 2998 daß der alte Moser auf seinem Krankenstuhle, wie er seine Tochter
2111 2968 3355 3029 in der Angst vorm Tode wegen ihrer Nachlässigkeit und ihrer
2113 3009 3353 3080 heimlichen Freiheitsgelüste quält, wirklich dieses laute, steife Buch¬
2113 3061 3359 3124 deutsch geredet hat. Hans Marr machte es uns wenigstens
2107 3122 3351 3177 glaublich. Diese Leute kommen ja aus den Revolutionsjahren, sie
2110 3144 3358 3204 sind verbittert und doch phantastisch, klar denkend und leidenschaft¬
2112 3205 3353 3249 lich einseitig, doch nur immer das eine, sich selbst denkend. Hans
2107 3234 3344 3298 Marr wirkte dadurch noch tragischer. In dieses Programm fügten
2111 3275 3354 3345 sich aber auch alle anderen, und gerade mit dieser Einheitlichkeit
2122 3319 3348 3387 hat sich die Brahmssche Bühne wieder einmal groß gezeigt. Es
2128 3382 3346 3429 ist ein Genuß, wie Rudolf Rittner, Emanuel Reicher,
2125 3420 3348 3473 Else Lehmann, Albert Bassermann innerhalb ihrer
2130 3447 3360 3516 eigenen Kunst eine Brücke hin zu den künstlerischen Absichten des
2119 3492 3356 3557 Dichters und des Regisseurs schlugen. So trafen sich schließlich
2120 3555 3354 3612 alle diese verschiedenen Künstlerindividualitäten, ordneten sich dem
2123 3580 3352 3638 einen Stilgedanken unter, indem sie sich von ihm beseeken ließen.
2128 3633 3347 3687 Selbst Leidenschaftlichkeit wurde in einem gleichmäßig gehaltenen
2128 3666 3360 3738 Ton vorgetragen, der den Worten nicht ihren ganzen Inhalt gab.
2126 3712 3355 3770 Was sie sagten, sollte über das Wie hinausragen. Irene
2122 3740 3363 3813 Triesch blieb mehr sie selbst, sie benahm sich als die vom Ruf
2122 3796 3368 3865 des Lebens Verfolgte, als die Einzige, die in diesem Schattenspiel
2127 3839 3352 3909 wirklich etwas erledt. Sie gibt ihrem Vater den Schlaftrunk, der
2129 3870 3365 3948 ihn tötet, eilt in die Arme des jungen Offiziers des todgeweihten
2129 3927 3348 3996 Regimentes, erlebt dort die Tragödie der Oberstenfrau und trifft
2130 3975 3359 4040 schließlich im Garten ihrer Tante die Lebensgefährten des ersten
2133 4015 3356 4081 Aktes, wo Katharina, die schwindsüchtige, stirbt. Alles das ist
2131 4062 3368 4125 nicht das Leben, sagt Schnitzler, viel eher die Ruhe eines stillen
3157 4101 3327 4172 W. M.
2136 4112 2733 4189 Nachmittags, in dem es passiert.
