3436 4320
1288 164 1373 227 nS
1067 152 1232 228 Leb
1554 154 2017 253 box 24/1
239 163 1403 254 19. Der Ruf des zens
1794 1411 2379 1510 un
891 1482 3202 1549 das saubere Parchen in flagranti und schießt sein Weib, verkünden. Der Herr Arzt also tröstet Marie unter Hinweis
891 1529 3201 1600 ohne sich lange bei der Vorrede aufzuhalten, nieder. Also auf den Sonnenschein, auf die grüne Wiese, auf einige
157 1520 728 1620 und Wissenschaft.
875 1576 3208 1649 die zweite Leiche Max will sich nun auch erschießen. Blumen pflückende Dorfkinder damit, daß das Leben doch
471 1570 889 1665 Berlin, 26. Februar.
917 1609 3213 1690 (beinahe dritte Leiche). Aber da tritt Marie binter dem Vor= auch noch einen anderen Inhalt hat, als galante Abenteuer.
144 1628 920 1721 Lebens. Schauspiel in drei Akten von
2048 1655 3206 1718 Man sicht das faunische Lächeln des Verfassers durch den
136 1672 2051 1775 k. Erstaufführung im Lessingtheater bang hervor. „Der Ruf des Lebens“ lockt das Pärchen
2056 1713 2260 1769 Vorhang
922 1727 1141 1789 hmnaus
2081 1728 3205 1825 So ist also „der Ruf des Lebens“ die reinste Leichen¬
935 1735 2050 1823 Im dritten Akt lebt Marie ruhig weiter, begreift
127 1752 925 1856 der der peinlichen Verpflichtung, ein neues
2053 1797 2265 1870 phantasie
919 1802 2055 1868 aber nicht, wie ihr dies nach soviel Schandtaten noch
135 1822 913 1882 ur Schnitzler besprechen zu mussen. Ich
2083 1815 3203 1897 Naturlich ist das Machwerk mit schillernden Geistreichigkeiten
901 1846 2059 1912 möglich ist. Sie lebt auf dem Lande bei ihrer Tante, deren
135 1861 858 1936 Leser mögen es mir nicht verdenken!
2051 1865 3206 1945 durchtränkt. In den Morgenblättern liest man denn auch
917 1888 2053 1953 schwindsüchtige Tochter im ersten Akte erklärt hat, daß sie vor
144 1900 916 1979 ih aus der Affaire zu zieben suchen. Bei
2055 1918 3213 1989 etzliche Dubyramben auf den „Gedankenreichtum“, auf das
913 1930 2066 2013 ihrem mit Sicherheit zu erwartenden Tode keine Lust habe, zu
131 1948 823 2026 zen hält man sich nicht lange auf!
2060 1972 3218 2041 „genale Erfassen tiefer psycholog scher Probleme“ durch einen
135 1970 2062 2074 beus“ ist bei Schnitzler hier wie in allen versauern, sondern das bischen Rest des Lebens genießen und
2061 2005 3202 2083 wirtlichen Dichter“ und was dergleichen liebenswürdige
148 2021 2055 2100 der Ruf zum wüsten, uneingeschränkten dem „Ruf des Lebens“ gründlich folgen wolle. Sie eni¬
2060 2052 3210 2113 Scherze mehr sind. Ich aber fühle nicht das Bedürfnis, mich
932 2063 2059 2131 lief also auf die Straße, um im letzten Akte todwund
161 2084 922 2153 Beiseitesetzung jeglichen Schamgefübls.
926 2101 3210 2182 zurückzukehren. Nachdem sie noch mit wirrem Blick Einiges mu dem parfümierten Faiseur und seiner dramatischen Leiche
136 2123 926 2198 Amüsement unter Ausschluß jeder sittlichen
2063 2145 3227 2200 noch weiter abzugeben. Lassen wir den Toten seine Toten
921 2147 2068 2210 von ihren galanten Fahrten berichtet, stirbt sie. Also im
173 2174 929 2235 das Amüsement auf sexuellem Gehiete.
2052 2186 2290 2271 begraben!
923 2195 1840 2260 dritten Akt die dritte Leiche auf der Bühne ...
148 2217 932 2276 it sich ein Mädchen, das seinen schwer
2824 2213 3174 2309 Paul Lerch.
966 2228 2070 2313 Dem Verdienste seine Kione! Jedem Akte seine Leiche! Im
141 2260 940 2330 Vater pflegen muß und dadurch gezwungen
2979 2284 3112 2356 Ge
142 2284 2072 2377 je zu bleiben, nach diesem Amüsement. Sie Hintergrunde erscheinen aber außerdem noch die Gespenster von
134 2331 2076 2414 imant der blauen Kürassiere verliebt. tausend blutigen Leichen, denn man erfahrt noch, daß der
138 2368 2079 2449 re haden vor 30 Jahren durch seige Flucht Herr Max sich am Morgen vor dem Todesritt selbst entleibt
127 2415 2081 2486 Schlacht bewukt. Jetzt geht es wieder inshit, und daß in der Schlacht das ganze Regiment der blauen
1914 2451 2092 2521 In die
932 2472 1929 2526 Kürassiere bis auf den letzten Mann gefallen ist ...
126 2483 933 2538 wört das ganze Regiment, um die alte
932 2520 2090 2569 Handlung binein spielt noch ein lederner Forstadjunkt, der
137 2524 933 2595 en, sich dem Tode zu weihen. Aber in der
925 2534 2109 2601 im ersten Akt Marie erklärt, daß er ein Weid, wenn er es
136 2569 933 2633 ufbruch zum Todesritt wollen die Herren
934 2582 2092 2660 liebt, heiraten würde, selbst wenn sie Untreue, Buhlerei und
121 2616 943 2684 hal „dem Ruf des Lebens“ folgen. Fräulein
126 2621 2097 2720 Max liebt, möchte dasselbe. Sie muß zu Mord begangen hätte. Im dritten Akt begegnet er Marie
929 2673 2097 2739 hoffnungsfroh, geht aber noch für ein Weilchen seitwärts in
151 2697 947 2772 Vater vergisten. Der menschenfreundliche
127 2720 2094 2806 ich eine große G fiflasche, die sie verständnis= die Busche. Wahrscheinlich wird er demnächst noch das
925 2766 2095 2846 Mädchen heiraten. Hat sie doch die geforderten Qualitäten —
128 2788 748 2855 Im ersten Akt die erste Leiche ..
118 2823 2100 2887 bringt wieder eine Leiche. Marie dringt näckt= Untreue, Buhlerei und Mord — erfüllt! .... Der Weis¬
118 2854 2097 2953 ZZimmer des Leutnants Max und versteckt sich. heit letzter Schluß sind die rübrenden Betrachtungen des
147 2898 2089 2984 ie sich? Damit vor ihr die schöne Frau des philosophischen Arztes, der Marie einst das Gift für
138 2928 2098 3025 im Max sich an den Hals werfen kann. Der den Vater in die Hand gegeben. Solche Leute sind ja auch
129 2967 2120 3085 Imettert die Fensterscheibe, steigt ein, erlappt die geeigneisten, die Weltweisheit dem staunenden Publiko zul
