3436 4352
251 202 1391 297 19. Der Ruf des Lebens
1483 173 2001 291 box 24/3
2815 247 3205 366 Telephon 12.801.
2316 350 2943 488 „OBSERVER“
2092 470 3182 585 I. österr. behördl. konz. Unternehmen für Zeitungs-Ausschaltte
2237 529 3071 638 Wien, I., Concordiaplatz 4.
2421 610 2857 687 Verfretungen
2093 643 3167 748 in Berlin, Budapest, Chicago, Christiania, Gent, Kopen¬
2088 694 3175 794 hagen, London, Madrid, Mailand, Minneapolis, New-Vork,
2141 735 3128 829 Paris, Rom, San Francisco, Stockholm, St. Petersburg.
2424 789 2847 860 (Guelienangabe ehne Gewähr).
2082 817 2471 899 Ausschnitt. aus:
2088 916 2235 985 vom:
2432 881 3183 1033 # Wiener Bilder
2207 1032 3016 1131 Wiener Theaterbilder.
2134 1125 3160 1210 Deutsches Volkstheater. Artur Schnitzlers
2055 1185 3159 1277 Schauspiel „Der Ruf des Lebens“ wurde vom Pu¬
2058 1250 3143 1340 blikum, besonders in den beiden ersten Akten, mit stürmi¬
2058 1285 3152 1361 schem Beifall ausgenommen. Die große Begabung des
2062 1348 3170 1416 Dichters für hochdramatische Ausgestaltung eines tiefgründigen
2062 1388 3171 1479 Stoffes zeigte sich auch hier wieder in glänzender Weise. Das
2062 1432 3169 1518 Publikum wurde von den erschütternden, oft grausam realisti¬
2064 1486 3177 1579 schen Szenen so mächtig fortgerissen, daß ihm die Schwächen
2065 1538 3167 1638 des Stückes in bezug auf innere Wahrscheinlichkeit und die
2069 1599 3170 1674 Möglichkeit seiner Voraussetzungen nicht bewußt wurden.
2072 1635 3169 1720 Man kommt bei dieser Wucht der tragischen Ereignisse doch
2058 1698 3170 1786 zu der Einwendung: Mag die brutale Wirklichkeit
2067 1737 3178 1816 immerhin solche Greuel schaffen, so leidet doch die künstlerische
2081 1806 3179 1875 Wahrheit darunter. Der zweite Akt enthält eine solche Häu¬
2075 1843 3181 1943 fung des Grauenhaften, daß wir kaum in den Schicksals¬
2074 1903 2959 2000 tragödien der alten Griechen ein Vorbild finden.
2178 1940 3192 2038 Marie, die Tochter des todkranken Moser, der sein
2083 1990 3173 2109 Kind in egoistischer Weise quält und ihr jede Lebensfreude
2091 2062 3175 2138 verrammelt, wird an ihrem Vater zur Mörderin, um diesem
2087 2120 3196 2186 den Schlüssel zur Wohnungstür entreißen zu können, damit
2091 2150 3200 2247 sie ihre brünstige Lebenssehnsucht an der Seite des dem
2092 2198 3191 2301 Tode geweihten Leutnants Max von den blauen Kürassieren
2097 2253 3196 2340 befriedige. Sie stürmt in seine Wohnung in der Kaserne und
2093 2298 3197 2387 wird hinter dem Vorhang des Nebenzimmers Zeugin einer
2097 2368 3197 2455 grauenhaften Szene: die junge Frau des Obersten umschlingt
2107 2420 3208 2490 ihren Mar mit wahnsinniger Leidenschaft und beschwört ihn,
2106 2460 3199 2538 mit ihr zu fliehen. Der Oberst, der ebenfalls Zeuge dieses
2101 2502 3212 2591 Gespräches ist, steigt beim offenen Fenster herein und schießt
2101 2561 3202 2648 die Ehebrecherin nieder. Er überläßt es dem Leutnant, sich
2117 2610 3208 2698 selbst zu richten. Dieser setzt schon die Pistole an die
2113 2674 3206 2749 Brust, als Marie hervorstürzt und ihn bestimmt, den gemein¬
2119 2724 3205 2802 samen Liebesdurst vor dem Tode noch zu stillen. Man
2117 2757 3206 2838 denken die Vatermörderin an der Leiche ihrer Nebenbuhlerin,
2101 2810 3217 2902 in der kein anderer Gedanke lebt, als eine schwüle Nacht mit
2109 2899 3223 3002 dem Geliebten zu durchleben. Es mag perverse Naturen
2111 2959 3218 3041 geben, die solchen hysterischen Trieben blindlings folgen.
2125 3001 3219 3095 Aber braucht es dazu einen Vatermord? Hundertmal hätte
2127 3046 3224 3143 sie durch die offene Tür entwischen können, um gleich ihrer
2126 3113 3211 3188 Cousine Katharina das Leben in vollen Zügen zu genießen.
2130 3157 3223 3235 Sie ist ja 26 Jahre alt. — Wir würden dem Dichter un¬
2126 3206 3223 3298 recht tun, wenn wir ihm imputierten, daß er seine Tragödie
2119 3257 3226 3347 als die Einzelschicksale bestimmter Menschen hingestellt habe.
2135 3301 3223 3386 Er wollte eine tiefgründige Symbolik in sein Werk verlegen.;
2130 3353 3226 3453 Das beweist der dritte Akt mit den philosophischen Exkursio¬
2119 3419 3233 3509 nen des Doktors, der eine Art erklärenden Epilog des:
2133 3436 3228 3544 Ganzen bilden soll. Die Darstellung des Stückes war durch¬
2139 3493 3242 3601 weg vortrefflich. Der hiufällige, nörgelnde Vater des Herruf
2142 3561 3244 3648 Homma, die prächtige, eherne Gestalt des Obersten (Herr
2126 3612 3246 3701 ] Weisse), der sympathische Leutnant des Herrn Kramer,
2129 3749 3232 3843 sowie die vorzüglichen Leistungen der Damen Hanne¬
2138 3813 3234 3875 mann, Müller, Marberg und Thaller wußten
2138 3851 3236 3929 die Wirkung der vielen packenden Szenen zu ihrem Höhe¬
2144 3893 3246 3978 punkt zu führen. Es gab einen starken, teilweise stürmischen
2137 3954 3079 4035 Erfolg, der jedoch im dritten Akte erheblich nachließ.
3020 3989 3204 4062 V. Ch.
3152 4044 3287 4126 esen nen
