3436 4352
222 208 1390 303 19. Der Ruf des Lebens
886 974 1208 1075 Frandent massen?
329 1039 708 1128 1 Majestät, werden.“
336 1152 1321 1252 blutige Operetie der Balkan=Politik. Man ahnt,
351 1197 1331 1290 gegen welche schmierige und lächerliche Wider¬
351 1263 1315 1331 stände Oesterreich die Annexion durchzuführen
358 1288 1315 1372 hatte. Ein Netz von Intriquen, mit blanken
370 1331 1312 1418 Schwerte durchgeschnitten. Die Kriegsentschädi¬
373 1376 1326 1458 gung ward den südslavischen Politikern von Ser¬
375 1422 1315 1515 bien in allzu kleiner Bestechungsmünze ausbe¬
374 1461 1316 1566 zahlt. Eine lustige, doch auf die Dauer immer¬
375 1507 1329 1596 hin allzu degontante Komödie. Asien, das vor den
377 1549 1353 1677 Wicner-Giesehrenen betenert, es wäre Eurepalse
422 1603 1332 1680 Das wirkliche Theaier, viel knapper und schla¬
373 1633 1336 1730 gender, als die viele Tage und Nächte währenden
376 1685 1339 1780 Vorstellungen im Parlament und im Salon der
374 1735 1338 1815 Frau Themis, hat den Wienern diesmal endlich
380 1772 1343 1881 zwei Werke gebracht, die, in ihren Grenzen, mit
389 1813 1342 1904 ihren Fehlern, doch eine Erquickung waren, weil¬
387 1850 1347 1954 sie wieder Beziehungen zwischen Theater und
382 1892 1344 2009 Kunst brachten, wo sonst die Brücke fast immer
393 1957 1346 2031 abgebrochen ist. Schnißlers Schauspiel „Ruf
401 2006 1355 2079 des Lehens“ Weragikomödie „Mu¬
507 2030 1360 2116 Der Wiener Poet hat seinem eigenstei
405 2072 510 2127 fik“.
400 2078 1352 2160 Werke hier für eine Berliner Niederlage eine
397 2120 1366 2225 schöne und vollkommene Genuginung geholt. Nie
399 2174 1377 2252 ist seine sanfte Nachdenklichkeit serner dem Publi¬
404 2208 1368 2298 kum gewesen, und nie hat es ihm sein Publikum
409 2251 1372 2338 herzlicher gedankt. Greuel, Tod Gelüste sind hier
407 2300 1362 2406 fast abenteuerlich gehäuft, ein Mädchen gibt sei¬
416 2349 1374 2441 nem greisen Vater einen tödlichen Schlaftrund
412 2384 1368 2484 und läuft zu ihrer ersten Liebesstunde, um sich
417 2435 1376 2526 und einem jungen Offizier, der in den Krieg
414 2479 1386 2568 zieht, einen jener unausdrückbaren Augenblicke zu
419 2526 1387 2605 geben, die Unendlichkeiten einschließen. Es istwahr
423 2558 1374 2647 daß hier ein ganzes Regiment in den sicheren Toß
421 2619 1371 2704 reitet, um die alte Schmach der blauen Kürassiere
432 2648 1381 2743 aus einem anderen Kriege zu fühnen, jene feige
429 2706 1397 2788 Flucht, die der Alie einst begann, der nun darau,
431 2743 1384 2841 scheinbar nur an einem Schlaftrunke, stirbt. Es
432 2785 1391 2876 ist ferner wahr, daß all dies unwahrscheinlich ist,
439 2844 1390 2924 daß nie und nimmer Menschen in einer so gedan¬
441 2877 1387 2963 kengesättigten, so durchscheinenden, beziehungsrei¬
434 2919 1392 2995 chen Sprache sich ergingen. Und ebenso wahr ist,
413 2966 1403 3059 daß die scheinbare Unnatur die wundervollste
441 3010 1403 3099 Stilisierung bedeutet, einen inneren Reichiun
449 3061 1401 3134 von fast verwirrender Gestalt und daß das glück¬
448 3098 1395 3188 hafte Schiff des guten Dichters noch nie so über¬
430 3140 1404 3254 voll von reichen Gaben dahinfuhr so schwer be¬
1532 193 1982 278 box 24/3
2447 751 2823 831 Telephon 12.801.
1940 848 2573 994 „OBSERVER“
1724 961 2837 1047 l.österr. behördl. konz. Unternehmen für Zeitungs-Ausschaltte
1869 1034 2701 1130 Wien, I., Concordiaplatz 4.
2060 1104 2509 1181 Vertretungen
1737 1150 2823 1228 in Berlin, Budapest, Chicago, Christiania, Gen! Kopen¬
1746 1214 2818 1278 ßagen, London, Madrid, Mailand, Minneapolis. New-York.
1779 1243 2774 1311 Paris, Rom, San Francisco, Stockholm, St. Petersburg.
2067 1289 2496 1357 (Quellenangabe ehne Gewähr).
1737 1339 2123 1423 Ausschnitt aus:
1808 1377 2851 1500 22 12.1909 Frankfurter Zeitung
1746 1474 1870 1518 vom:
1961 1599 2541 1697 Vekiarion.
1975 1731 2515 1824 Wiener Theater.
1734 1809 2762 1865 (Arthur Schnitzler: „Der Ruf des Lebens'. Erstaufführung
1733 1852 2751 1908 im Deutschen Volkstheater. — Frank Wedelind:
1734 1899 2743 1961 „Musik" und „Censur“ im Lustspiel=Thealer. —
2064 1935 2436 2001 Alexander Römpler.
2272 1970 2780 2045 G Wien, 19. Dezember.
1741 2027 2815 2093 Drei Premièren brachte die Theaterwoche. Schnitzlers
1686 2074 2819 2135 „Ruf des Lebens“ im deutschen Volkstheater bei
1684 2105 2820 2173 vorzüglicher Besetzung, Wedekinds „Musik" und „Censur“
1694 2147 2821 2210 im Lustspiel=Theater mit der minderguten Besetzung
1689 2191 2841 2246 der Haupzrollen durch den Autor und seine Gattin. Schuit###
1866 2240 2821 2297 penkliches Werk wurde sehr freundlich aufgenommen;
1693 2270 2814 2331 wir bezeifeln aber, daß der Beifall mehr dem Werke als dem
1690 2314 2829 2367 mit Recht geschätzten Antor galt. Dafür liegen die Vorzüge
1689 2346 2820 2403 des Werks zu sehr außerhalb des Theaters, während seine
1689 2380 2828 2442 Mängel grade da zutage treten. Schnitzler ist ein philosophisch¬
1690 2424 2830 2484 lyrischer Kopf und ein Stimmungskünstler, aber ein Drama¬
1689 2462 2827 2518 Aker, der die Ewigkeitsperspektiven durch die stärkste Vertiefung
1699 2501 2833 2562 in den Einzelfall erreicht, ist er nicht. Er deutet hr, als er
1692 2558 2839 2600 gestaltet. Teutet mit einer sympathischen, etwas bmütigen
1697 2579 2844 2639 Weisheit. der wir nicht immer zustimmen mögen, weil sie uns¬
1698 2613 2829 2675 weichlich, wehleidig und jede Tüchtigkeit im Busen auflösend
1694 2652 2842 2722 vorkommt, die aber in der Wiener Literaturatmosphäre siegt¬
1702 2691 2831 2745 und also wenigstens in einer bestimmten Gesellschaftsschicht
1692 2734 2835 2780 bodenständig ist. Der Ruf des Lebens erklingt am lautfsten,
1702 2770 2834 2840 wenn der Tod an die Pforte pocht. Die Tochter des alten
2807 2804 2840 2837 *
1698 2823 2828 2869 bösen Rittmeisters, der seinen Kinder die Pforte des „Lebens“
1703 2864 2835 2911 sverren will, macht er zur Mörderin und treibt sie über Lei¬
1706 2880 2835 2951 chen in die Liebeskammer. Die schwindsüchtige Katharine holt
1709 2926 2838 2985 sich die Liebhaber von der Gasse und feiert tolle Nächte vor dem
1716 2960 2839 3021 sicheren Tod. Der witzige Oberst rechnet schuell noch mit seiner
1712 3003 2835 3067 Frau ab und führt ein ganzes Regiment auf die Schlachtbank,
1712 3039 2851 3107 nur um sicher alle diejenigen zu treffen, mit denen sie ihn be¬
1715 3100 2843 3137 trogen hat. Leicht stirbt nur derjenige, der die „Zusammen¬
1709 3115 2851 3171 hänge“ kennt und sich für eine Idee opfert. Die Ironie des
1716 3151 2858 3216 Schicksals will aber, daß grade dieser seine private Sünde mit
1715 3195 2851 3249 der Gattin des Obersten durch Selbstmord sühnen muß und
1706 3236 2851 3296 von dem freudigen Schlachtentod ausgeschlossen bleibt. Der
1715 3273 2842 3325 philosophische Arzt gibt als Raisonneur in dem ganz lose an¬
1721 3318 2848 3369 gehängten Spilog die Ansicht des Dichters wieder, daß leben,
1715 3353 2852 3403 leben der Güter höchstes ist und alles vergessen werden kann,
1725 3383 2852 3442 solange man nur atmet. Es ist ärztliche Weisheit, vielleicht
1725 3430 2854 3482 die letzte und wahrste, aber zum Leben, das des Lebens wert
1719 3463 2854 3518 ist, taugte sie nicht. Leben heißt wirken im selbstgewählten
1719 3505 2855 3554 Berufe: Lust und Leid kommen und gehen, aber den Tüchtigen
1725 3537 2872 3591 Verschüttern sie nicht mehr, als der Seitenwind die ausbalan¬
2401 3598 2521 3653 S
1712 3656 2856 3699 cierte Flugmaschine. Wir haben alle zu lange überden Sinn
1704 3673 2852 3733 des Lebens gegrübelt. Dem Grübelnden bleibt ersewig ver¬
1704 3722 2545 3787 borgen, dem Rüstigen kommt die Frage kaum.
2437 3763 2526 3822 Carge
2672 3762 2743 3828 8
