<?xml version="1.0" encoding="UTF-8" standalone="yes"?>
<PcGts xmlns="http://schema.primaresearch.org/PAGE/gts/pagecontent/2013-07-15" xmlns:xsi="http://www.w3.org/2001/XMLSchema-instance" xsi:schemaLocation="http://schema.primaresearch.org/PAGE/gts/pagecontent/2013-07-15 http://schema.primaresearch.org/PAGE/gts/pagecontent/2013-07-15/pagecontent.xsd">
    <Metadata>
        <Creator>prov=University of Rostock/Institute of Mathematics/CITlab/Gundram Leifert/gundram.leifert@uni-rostock.de:name=ONB_Newseye_GT_M1+(htr_id=10810)::::v=2.4.2
prov=University of Rostock/Institute of Mathematics/CITlab/Tobias Gruening/tobias.gruening@uni-rostock.de:name=de.uros.citlab.module.baseline2polygon.B2PSeamMultiOriented:v=2.4.2
prov=University of Rostock/Institute of Mathematics/CITlab/Tobias Gruening/tobias.gruening@uni-rostock.de:name=/mnt/transkribus/LA/DEA/URO/LA_news_onb_att.pb:de.uros.citlab.segmentation.CITlab_LA_ML:v=2.4.2
Transkribus</Creator>
        <Created>2019-10-07T11:20:02.147+02:00</Created>
        <LastChange>2019-10-08T07:06:53.896+02:00</LastChange>
        <TranskribusMetadata docId="223969" pageId="9496962" pageNr="153" tsid="16505624" status="IN_PROGRESS" userId="40391" imgUrl="https://files.transkribus.eu/Get?id=EEXTLVLYFYEHLDVPTJOCBUEU&amp;fileType=view" xmlUrl="https://files.transkribus.eu/Get?id=QWJKUOXOTYZOAIYFPHMVCYFI" imageId="6187189"/>
    </Metadata>
    <Page imageFilename="223969_0153.jpeg" imageWidth="3484" imageHeight="4352">
        <ReadingOrder>
            <OrderedGroup id="ro_1711451247810" caption="Regions reading order">
                <RegionRefIndexed index="0" regionRef="r1"/>
            </OrderedGroup>
        </ReadingOrder>
        <TextRegion orientation="0.0" id="r1" custom="readingOrder {index:0;}">
            <Coords points="296,213 296,4030 3049,4030 3049,213"/>
            <TextLine id="r1l1" custom="readingOrder {index:0;}">
                <Coords points="1482,275 1554,292 1703,257 1786,258 1814,277 1897,252 2007,267 2046,259 2046,214 1858,194 1808,225 1761,196 1679,210 1654,188 1579,237 1482,237"/>
                <Baseline points="1490,265 1517,260 1544,256 1572,253 1599,251 1627,250 1654,249 1682,248 1709,248 1737,249 1764,249 1791,250 1819,251 1846,252 1874,253 1901,253 1929,254 1956,254 1984,254 2011,254 2039,253"/>
                <TextEquiv>
                    <Unicode>box 24/2</Unicode>
                </TextEquiv>
            </TextLine>
            <TextLine id="r1l2" custom="readingOrder {index:1;}">
                <Coords points="288,267 463,240 600,278 1370,296 1461,235 1246,194 538,179 455,225 392,182 289,198"/>
                <Baseline points="296,233 353,237 411,241 469,244 527,247 585,249 642,252 700,253 758,255 816,256 874,257 931,258 989,259 1047,260 1105,260 1163,260 1220,260 1278,261 1336,261 1394,260 1452,260"/>
                <TextEquiv>
                    <Unicode>19. Der Ruf des Lebens</Unicode>
                </TextEquiv>
            </TextLine>
            <TextLine id="r1l3" custom="readingOrder {index:2;}">
                <Coords points="1783,458 1889,426 3043,468 3044,413 2851,401 1785,391"/>
                <Baseline points="1791,429 1853,433 1915,436 1977,438 2040,441 2102,442 2164,445 2226,446 2289,447 2351,449 2413,450 2475,451 2538,452 2600,453 2662,454 2724,455 2787,456 2849,457 2911,459 2973,460 3036,462"/>
                <TextEquiv>
                    <Unicode>die zugemessene Lebensfrist im Taumel durchrasen möchte,</Unicode>
                </TextEquiv>
            </TextLine>
            <TextLine id="r1l4" custom="readingOrder {index:3;}">
                <Coords points="1805,487 3049,509 3050,472 1806,454"/>
                <Baseline points="1814,469 1875,473 1936,475 1998,478 2059,481 2121,483 2182,484 2243,486 2305,488 2366,489 2428,490 2489,491 2550,492 2612,493 2673,493 2735,494 2796,495 2857,495 2919,496 2980,496 3042,497"/>
                <TextEquiv>
                    <Unicode>will sie, was ihr als höchste Seeligkeit erscheint, genießen und dann</Unicode>
                </TextEquiv>
            </TextLine>
            <TextLine id="r1l5" custom="readingOrder {index:4;}">
                <Coords points="1801,531 2929,555 3057,520 1802,462"/>
                <Baseline points="1809,509 1871,512 1933,514 1995,516 2057,518 2119,520 2181,522 2243,524 2305,526 2367,527 2429,528 2491,529 2553,530 2615,531 2677,532 2739,533 2801,534 2863,535 2925,535 2987,536 3049,536"/>
                <TextEquiv>
                    <Unicode>untergehen. Sie weist den treubescheidenen Bräutigam mit rauhen</Unicode>
                </TextEquiv>
            </TextLine>
            <TextLine id="r1l6" custom="readingOrder {index:5;}">
                <Coords points="1813,553 2854,592 3036,586 3053,542 1813,519"/>
                <Baseline points="1821,545 1882,550 1943,553 2004,556 2065,559 2126,561 2187,563 2248,565 2309,566 2370,568 2432,569 2493,570 2554,571 2615,572 2676,573 2737,574 2798,576 2859,577 2920,578 2981,580 3043,582"/>
                <TextEquiv>
                    <Unicode>Worten ab, reicht dem Vater, der ihr den Weg versperren will,</Unicode>
                </TextEquiv>
            </TextLine>
            <TextLine id="r1l7" custom="readingOrder {index:6;}">
                <Coords points="1811,593 2621,622 2761,620 2787,592 1812,555"/>
                <Baseline points="1818,585 1866,587 1914,590 1962,592 2010,594 2058,596 2106,599 2154,601 2202,603 2250,605 2298,606 2346,608 2394,609 2442,610 2490,612 2538,612 2586,613 2634,613 2682,612 2730,612 2779,611"/>
                <TextEquiv>
                    <Unicode>den Schlaftrunk, der ihn töten muß, und jagt davon.</Unicode>
                </TextEquiv>
            </TextLine>
            <TextLine id="r1l8" custom="readingOrder {index:7;}">
                <Coords points="1881,629 2891,664 3038,655 3039,619 1882,590"/>
                <Baseline points="1889,627 1946,629 2003,632 2060,634 2117,637 2174,640 2231,641 2288,643 2345,644 2402,646 2460,647 2517,648 2574,649 2631,650 2688,650 2745,651 2802,651 2859,651 2916,651 2973,651 3031,651"/>
                <TextEquiv>
                    <Unicode>Unsinnig und unmöglich wie im Grund die ganze Regiments¬</Unicode>
                </TextEquiv>
            </TextLine>
            <TextLine id="r1l9" custom="readingOrder {index:8;}">
                <Coords points="1810,678 3047,685 3008,655 1811,637"/>
                <Baseline points="1818,666 1879,667 1940,669 2001,671 2062,672 2123,675 2184,677 2245,679 2306,680 2367,682 2428,684 2489,686 2550,687 2611,688 2672,689 2733,690 2794,690 2855,690 2916,690 2977,689 3039,687"/>
                <TextEquiv>
                    <Unicode>geschichte ist, gewinnt ihr Schnitzler dennoch einige sehr stimmungs¬</Unicode>
                </TextEquiv>
            </TextLine>
            <TextLine id="r1l10" custom="readingOrder {index:9;}">
                <Coords points="1813,708 2857,744 3040,704 1813,674"/>
                <Baseline points="1821,704 1881,706 1942,708 2002,710 2063,711 2123,714 2184,716 2244,718 2305,720 2365,723 2426,724 2486,726 2547,727 2607,728 2668,729 2728,729 2789,730 2849,729 2910,729 2970,727 3031,726"/>
                <TextEquiv>
                    <Unicode>volle Szenen ab. In das Gespräch des jungen, voll heiterer Ent¬</Unicode>
                </TextEquiv>
            </TextLine>
            <TextLine id="r1l11" custom="readingOrder {index:10;}">
                <Coords points="1817,754 2945,782 3046,732 1818,708"/>
                <Baseline points="1825,745 1885,746 1946,747 2006,749 2067,751 2128,753 2188,755 2249,757 2309,758 2370,761 2431,763 2491,764 2552,765 2612,767 2673,768 2734,768 2794,769 2855,768 2915,767 2976,766 3037,764"/>
                <TextEquiv>
                    <Unicode>schlossenheit dem Auszug in den Tod entgegegen harrenden Offiziers</Unicode>
                </TextEquiv>
            </TextLine>
            <TextLine id="r1l12" custom="readingOrder {index:11;}">
                <Coords points="1813,786 2957,822 3043,777 1813,756"/>
                <Baseline points="1821,783 1881,785 1942,787 2003,789 2063,791 2124,793 2185,794 2245,796 2306,798 2367,799 2428,801 2488,802 2549,803 2610,804 2670,806 2731,806 2792,807 2852,808 2913,808 2974,808 3035,808"/>
                <TextEquiv>
                    <Unicode>mit dem skeptischen Kameraden und dem finsteren Obersten klingen</Unicode>
                </TextEquiv>
            </TextLine>
            <TextLine id="r1l13" custom="readingOrder {index:12;}">
                <Coords points="1809,826 3051,848 3003,812 1810,787"/>
                <Baseline points="1817,820 1878,823 1939,825 2000,827 2062,829 2123,831 2184,833 2246,834 2307,835 2368,837 2430,838 2491,839 2552,840 2613,841 2675,842 2736,843 2797,844 2859,845 2920,846 2981,847 3043,849"/>
                <TextEquiv>
                    <Unicode>Töne tiefempfundener Innerlichkeit hinein, aber dann beginnt ein um</Unicode>
                </TextEquiv>
            </TextLine>
            <TextLine id="r1l14" custom="readingOrder {index:13;}">
                <Coords points="1810,867 2984,895 3034,890 3035,851 1810,825"/>
                <Baseline points="1817,860 1877,862 1938,863 1998,865 2059,867 2119,868 2180,870 2240,871 2301,873 2361,874 2422,876 2482,878 2543,879 2603,880 2664,881 2724,882 2785,883 2845,883 2906,884 2966,884 3027,884"/>
                <TextEquiv>
                    <Unicode>so wirreres Tohuwabohn. Marie stürzt in das leere Zimmer und</Unicode>
                </TextEquiv>
            </TextLine>
            <TextLine id="r1l15" custom="readingOrder {index:14;}">
                <Coords points="1803,903 3019,936 3036,891 1803,862"/>
                <Baseline points="1811,900 1871,902 1932,904 1993,906 2054,907 2115,909 2175,910 2236,911 2297,913 2358,914 2419,915 2479,916 2540,917 2601,918 2662,919 2723,920 2783,921 2844,922 2905,923 2966,924 3027,925"/>
                <TextEquiv>
                    <Unicode>verbirgt sich dort, die Frau des Obersten erscheint, um den Offizier,</Unicode>
                </TextEquiv>
            </TextLine>
            <TextLine id="r1l16" custom="readingOrder {index:15;}">
                <Coords points="1800,935 2935,977 3039,950 1800,907"/>
                <Baseline points="1808,938 1869,940 1930,942 1991,944 2052,946 2113,947 2174,949 2236,951 2297,952 2358,953 2419,954 2480,955 2541,956 2602,957 2664,958 2725,959 2786,959 2847,960 2908,960 2969,960 3031,961"/>
                <TextEquiv>
                    <Unicode>ihren Geliebten, im letzten Augenblicke zur Flucht zu überreden; der</Unicode>
                </TextEquiv>
            </TextLine>
            <TextLine id="r1l17" custom="readingOrder {index:16;}">
                <Coords points="1796,991 2947,1012 3044,968 1797,939"/>
                <Baseline points="1804,977 1865,980 1927,982 1988,984 2050,986 2111,987 2173,989 2234,990 2296,991 2357,992 2419,993 2481,994 2542,994 2604,995 2665,996 2727,996 2788,997 2850,998 2911,998 2973,999 3035,1000"/>
                <TextEquiv>
                    <Unicode>Oberst springt zum Fenster herein, schießt die Ungetreue nieder und</Unicode>
                </TextEquiv>
            </TextLine>
            <TextLine id="r1l18" custom="readingOrder {index:17;}">
                <Coords points="1805,1017 2591,1051 3050,1020 1806,982"/>
                <Baseline points="1813,1014 1874,1017 1935,1020 1997,1022 2058,1025 2120,1027 2181,1028 2242,1030 2304,1031 2365,1032 2427,1033 2488,1033 2549,1034 2611,1035 2672,1035 2734,1036 2795,1036 2856,1037 2918,1037 2979,1038 3041,1039"/>
                <TextEquiv>
                    <Unicode>verschwindet; der Offizier will sich erschießen, Marie fällt ihm in</Unicode>
                </TextEquiv>
            </TextLine>
            <TextLine id="r1l19" custom="readingOrder {index:18;}">
                <Coords points="1801,1052 2907,1096 3042,1046 1801,1025"/>
                <Baseline points="1808,1052 1869,1056 1930,1059 1991,1061 2053,1063 2114,1065 2175,1066 2236,1068 2298,1069 2359,1070 2420,1071 2481,1072 2543,1073 2604,1073 2665,1074 2726,1075 2788,1075 2849,1076 2910,1077 2971,1078 3033,1079"/>
                <TextEquiv>
                    <Unicode>den erhobenen Arm, sie umschlingen sich im Angesicht der Leiche und</Unicode>
                </TextEquiv>
            </TextLine>
            <TextLine id="r1l20" custom="readingOrder {index:19;}">
                <Coords points="1794,1115 2691,1124 2716,1087 1795,1065"/>
                <Baseline points="1803,1091 1848,1094 1893,1096 1938,1098 1983,1099 2029,1101 2074,1103 2119,1103 2164,1105 2209,1106 2255,1106 2300,1107 2345,1107 2390,1108 2435,1108 2481,1109 2526,1110 2571,1110 2616,1111 2661,1112 2707,1113"/>
                <TextEquiv>
                    <Unicode>laufen spornstreichs fort, ihr „Liebesfest“ zu feiern.</Unicode>
                </TextEquiv>
            </TextLine>
            <TextLine id="r1l21" custom="readingOrder {index:20;}">
                <Coords points="1873,1147 2989,1166 3037,1164 3038,1126 1874,1107"/>
                <Baseline points="1882,1133 1939,1136 1996,1139 2054,1141 2111,1143 2169,1145 2226,1146 2283,1147 2341,1148 2398,1149 2456,1149 2513,1150 2570,1150 2628,1150 2685,1151 2743,1151 2800,1151 2857,1152 2915,1153 2972,1154 3030,1155"/>
                <TextEquiv>
                    <Unicode>Der Schluß zieht dann rein reflektierend die Bilanz.</Unicode>
                </TextEquiv>
            </TextLine>
            <TextLine id="r1l22" custom="readingOrder {index:21;}">
                <Coords points="1777,1169 3035,1207 3034,1155 1778,1131"/>
                <Baseline points="1785,1166 1847,1169 1909,1172 1971,1175 2033,1177 2095,1179 2157,1182 2220,1183 2282,1185 2344,1186 2406,1187 2468,1189 2530,1189 2592,1191 2655,1191 2717,1192 2779,1193 2841,1193 2903,1194 2965,1195 3028,1195"/>
                <TextEquiv>
                    <Unicode>Eine Sterbende, kehrt Maries Freundin zu ihrer Mutter zurück.</Unicode>
                </TextEquiv>
            </TextLine>
            <TextLine id="r1l23" custom="readingOrder {index:22;}">
                <Coords points="1790,1211 2850,1249 3019,1243 3036,1207 1791,1172"/>
                <Baseline points="1798,1207 1859,1209 1921,1212 1982,1214 2044,1216 2105,1218 2167,1220 2228,1222 2290,1223 2351,1225 2413,1227 2474,1228 2536,1229 2597,1230 2659,1231 2720,1232 2782,1233 2843,1233 2905,1234 2966,1234 3028,1234"/>
                <TextEquiv>
                    <Unicode>Der Wahnsinn, der mitleidig ihren Geist umfangen hält,</Unicode>
                </TextEquiv>
            </TextLine>
            <TextLine id="r1l24" custom="readingOrder {index:23;}">
                <Coords points="1120,1279 1164,1271 1205,1284 1267,1261 1300,1271 1324,1261 1355,1266 1385,1256 1385,1217 1347,1225 1261,1221 1233,1233 1190,1207 1120,1229"/>
                <Baseline points="1127,1257 1152,1256 1177,1256 1202,1256 1227,1256 1252,1256 1277,1256 1302,1256 1327,1256 1352,1256 1377,1255"/>
                <TextEquiv>
                    <Unicode>„ „ „ 1</Unicode>
                </TextEquiv>
            </TextLine>
            <TextLine id="r1l25" custom="readingOrder {index:24;}">
                <Coords points="1787,1241 2881,1283 3040,1269 3041,1239 1788,1209"/>
                <Baseline points="1795,1249 1856,1250 1918,1251 1980,1253 2042,1254 2104,1256 2166,1258 2227,1259 2289,1261 2351,1263 2413,1264 2475,1266 2537,1267 2599,1268 2660,1269 2722,1270 2784,1270 2846,1270 2908,1270 2970,1269 3032,1268"/>
                <TextEquiv>
                    <Unicode>khat sie das Glück, das sie im Taumel suchte, finden lassen. Noch in</Unicode>
                </TextEquiv>
            </TextLine>
            <TextLine id="r1l26" custom="readingOrder {index:25;}">
                <Coords points="1798,1290 3034,1315 3034,1277 2964,1271 1798,1253"/>
                <Baseline points="1806,1287 1867,1289 1928,1291 1989,1293 2050,1295 2111,1297 2172,1298 2233,1300 2294,1302 2355,1303 2416,1304 2477,1305 2538,1306 2599,1307 2660,1308 2721,1309 2782,1309 2843,1309 2904,1309 2965,1309 3026,1309"/>
                <TextEquiv>
                    <Unicode>der letzten Stunde gaukelt ihr die kranke Phantasie lockende Bilder</Unicode>
                </TextEquiv>
            </TextLine>
            <TextLine id="r1l27" custom="readingOrder {index:26;}">
                <Coords points="1795,1332 3036,1364 3020,1312 1796,1288"/>
                <Baseline points="1804,1326 1865,1328 1926,1330 1987,1332 2049,1333 2110,1336 2171,1337 2232,1339 2294,1340 2355,1342 2416,1343 2477,1344 2539,1345 2600,1346 2661,1347 2722,1348 2784,1348 2845,1349 2906,1349 2967,1350 3029,1350"/>
                <TextEquiv>
                    <Unicode>des Genusses vor. Marie aber büßt, daß sie dem Ruf der Leiden¬</Unicode>
                </TextEquiv>
            </TextLine>
            <TextLine id="r1l28" custom="readingOrder {index:27;}">
                <Coords points="1794,1376 3043,1406 3044,1357 2983,1351 1795,1332"/>
                <Baseline points="1803,1368 1864,1369 1926,1370 1987,1371 2049,1372 2111,1374 2172,1376 2234,1377 2296,1379 2357,1380 2419,1382 2481,1383 2542,1384 2604,1386 2666,1386 2727,1387 2789,1387 2851,1387 2912,1387 2974,1386 3036,1385"/>
                <TextEquiv>
                    <Unicode>schaft, der ihr der Ruf des Lebens schien, gefolgt ist, in</Unicode>
                </TextEquiv>
            </TextLine>
            <TextLine id="r1l29" custom="readingOrder {index:28;}">
                <Coords points="1386,1445 1455,1428 1564,1437 1585,1418 1648,1413 1687,1384 1753,1365 1747,1314 1732,1309 1708,1323 1680,1306 1647,1329 1596,1332 1569,1349 1454,1295 1420,1302 1368,1289"/>
                <Baseline points="1391,1418 1416,1418 1441,1418 1467,1417 1492,1415 1517,1414 1543,1411 1568,1409 1593,1405 1619,1402 1644,1397 1669,1393 1695,1388 1720,1382 1746,1376"/>
                <TextEquiv>
                    <Unicode>Wg</Unicode>
                </TextEquiv>
            </TextLine>
            <TextLine id="r1l30" custom="readingOrder {index:29;}">
                <Coords points="1794,1405 2890,1439 3039,1397 1795,1376"/>
                <Baseline points="1802,1405 1863,1407 1924,1409 1986,1412 2047,1414 2109,1415 2170,1417 2231,1419 2293,1420 2354,1421 2416,1422 2477,1423 2538,1423 2600,1424 2661,1424 2723,1424 2784,1424 2845,1424 2907,1423 2968,1422 3030,1421"/>
                <TextEquiv>
                    <Unicode>dumpfem, jede Lebensregung lähmenden Schmerz. Der Geliebte</Unicode>
                </TextEquiv>
            </TextLine>
            <TextLine id="r1l31" custom="readingOrder {index:30;}">
                <Coords points="1795,1459 3050,1474 3050,1436 2995,1429 1795,1409"/>
                <Baseline points="1802,1448 1864,1449 1926,1451 1988,1452 2050,1454 2112,1455 2174,1457 2236,1458 2298,1459 2360,1460 2422,1462 2484,1463 2546,1463 2608,1464 2670,1465 2732,1465 2794,1465 2856,1465 2918,1464 2980,1464 3042,1463"/>
                <TextEquiv>
                    <Unicode>hat ihr Flehen nicht erhort, er ist ohne sie den Weg des Todes</Unicode>
                </TextEquiv>
            </TextLine>
            <TextLine id="r1l32" custom="readingOrder {index:31;}">
                <Coords points="1794,1492 3017,1518 3035,1480 1794,1459"/>
                <Baseline points="1802,1489 1863,1489 1924,1490 1985,1491 2046,1492 2108,1493 2169,1495 2230,1496 2291,1498 2352,1499 2414,1500 2475,1502 2536,1503 2597,1504 2658,1505 2720,1506 2781,1506 2842,1506 2903,1506 2964,1505 3026,1504"/>
                <TextEquiv>
                    <Unicode>gegangen. Der Doktor, ihr alter Freund, sucht sie zu trösten,</Unicode>
                </TextEquiv>
            </TextLine>
            <TextLine id="r1l33" custom="readingOrder {index:32;}">
                <Coords points="1799,1528 3027,1555 3037,1511 1799,1494"/>
                <Baseline points="1806,1527 1867,1527 1928,1528 1989,1529 2050,1530 2111,1531 2172,1533 2233,1534 2294,1536 2355,1537 2417,1538 2478,1540 2539,1541 2600,1542 2661,1542 2722,1543 2783,1543 2844,1543 2905,1542 2966,1541 3028,1540"/>
                <TextEquiv>
                    <Unicode>Leise und milde mahnt seine Levensphilosophie die Unglückliche, an</Unicode>
                </TextEquiv>
            </TextLine>
            <TextLine id="r1l34" custom="readingOrder {index:33;}">
                <Coords points="752,1547 947,1524 995,1550 1265,1534 1307,1558 1372,1538 1531,1559 1587,1537 1588,1495 1516,1469 1370,1472 1307,1444 1234,1475 1164,1446 754,1469"/>
                <Baseline points="760,1529 803,1529 846,1529 889,1529 932,1530 975,1530 1018,1531 1061,1532 1104,1533 1147,1534 1191,1535 1234,1536 1277,1538 1320,1539 1363,1541 1406,1542 1449,1544 1492,1545 1535,1547 1579,1548"/>
                <TextEquiv>
                    <Unicode>Der Ruf des Lebens.</Unicode>
                </TextEquiv>
            </TextLine>
            <TextLine id="r1l35" custom="readingOrder {index:34;}">
                <Coords points="1791,1562 3043,1574 1791,1528"/>
                <Baseline points="1799,1564 1860,1565 1922,1565 1984,1567 2046,1568 2108,1569 2169,1571 2231,1573 2293,1574 2355,1576 2417,1577 2478,1579 2540,1580 2602,1581 2664,1581 2726,1582 2787,1581 2849,1581 2911,1579 2973,1578 3035,1575"/>
                <TextEquiv>
                    <Unicode>die festgegründeten, jeden Kampf der Leidenschaften und des Schmerzes</Unicode>
                </TextEquiv>
            </TextLine>
            <TextLine id="r1l36" custom="readingOrder {index:35;}">
                <Coords points="1014,1617 1160,1619 1184,1610 1258,1619 1272,1608 1300,1619 1331,1607 1332,1555 1261,1570 1200,1551 1147,1572 1128,1556 1104,1561 1092,1548 1015,1542"/>
                <Baseline points="1022,1599 1047,1600 1072,1601 1097,1601 1122,1601 1147,1601 1173,1601 1198,1601 1223,1601 1248,1601 1273,1602 1298,1602 1324,1603"/>
                <TextEquiv>
                    <Unicode>(Lessingtheater.)</Unicode>
                </TextEquiv>
            </TextLine>
            <TextLine id="r1l37" custom="readingOrder {index:36;}">
                <Coords points="1788,1618 3037,1627 3037,1591 2937,1580 1789,1567"/>
                <Baseline points="1796,1603 1857,1605 1919,1607 1980,1608 2042,1609 2104,1610 2165,1612 2227,1613 2289,1614 2350,1615 2412,1616 2474,1616 2535,1617 2597,1618 2659,1618 2720,1619 2782,1619 2844,1619 2905,1619 2967,1619 3029,1619"/>
                <TextEquiv>
                    <Unicode>überdauernden, immer sich neu aufrichtenden Triebe des menschlichen</Unicode>
                </TextEquiv>
            </TextLine>
            <TextLine id="r1l38" custom="readingOrder {index:37;}">
                <Coords points="1792,1660 1819,1667 1936,1643 1965,1663 2005,1643 2151,1657 2151,1624 2093,1620 2073,1604 2053,1618 2018,1610 2004,1621 1825,1605 1792,1616"/>
                <Baseline points="1800,1645 1826,1644 1852,1645 1879,1645 1905,1645 1932,1646 1958,1646 1985,1646 2011,1646 2038,1646 2064,1646 2091,1646 2117,1645 2144,1644"/>
                <TextEquiv>
                    <Unicode>Herzens zu denken.</Unicode>
                </TextEquiv>
            </TextLine>
            <TextLine id="r1l39" custom="readingOrder {index:38;}">
                <Coords points="773,1652 1788,1673 1788,1626 1682,1616 773,1613"/>
                <Baseline points="780,1650 830,1651 880,1653 930,1653 980,1655 1030,1656 1080,1657 1130,1658 1180,1659 1230,1661 1280,1662 1330,1663 1380,1664 1430,1665 1480,1665 1530,1666 1580,1666 1630,1667 1680,1667 1730,1667 1780,1667"/>
                <TextEquiv>
                    <Unicode>itzlers Dramatik wird immer mehr und mehr zur</Unicode>
                </TextEquiv>
            </TextLine>
            <TextLine id="r1l40" custom="readingOrder {index:39;}">
                <Coords points="1851,1681 3024,1716 3034,1669 2822,1638 1851,1662"/>
                <Baseline points="1859,1685 1917,1685 1975,1686 2034,1687 2092,1687 2150,1688 2209,1689 2267,1690 2325,1691 2384,1692 2442,1692 2500,1693 2559,1694 2617,1694 2675,1695 2734,1695 2792,1695 2850,1695 2909,1695 2967,1694 3026,1693"/>
                <TextEquiv>
                    <Unicode>Das Lessing=Theater hatte seine erpoobtesten Darsteller:</Unicode>
                </TextEquiv>
            </TextLine>
            <TextLine id="r1l41" custom="readingOrder {index:40;}">
                <Coords points="538,1691 1731,1719 1773,1672 708,1626 538,1661"/>
                <Baseline points="545,1684 606,1686 667,1688 728,1689 789,1691 850,1693 911,1694 972,1696 1033,1697 1094,1698 1155,1700 1216,1701 1277,1702 1338,1703 1399,1704 1460,1705 1521,1705 1582,1706 1643,1706 1704,1706 1765,1706"/>
                <TextEquiv>
                    <Unicode>blosseneg  beschäftigt den Sinn durch Stimmungen und</Unicode>
                </TextEquiv>
            </TextLine>
            <TextLine id="r1l42" custom="readingOrder {index:41;}">
                <Coords points="1792,1721 3021,1747 3022,1710 1792,1689"/>
                <Baseline points="1800,1717 1860,1719 1921,1722 1981,1724 2042,1726 2103,1728 2163,1729 2224,1730 2285,1731 2345,1732 2406,1733 2467,1733 2527,1734 2588,1735 2649,1736 2709,1736 2770,1737 2831,1737 2891,1738 2952,1739 3013,1740"/>
                <TextEquiv>
                    <Unicode>Bassermann, Rittner, Reicher, Icene Triesch und</Unicode>
                </TextEquiv>
            </TextLine>
            <TextLine id="r1l43" custom="readingOrder {index:42;}">
                <Coords points="535,1728 1716,1759 1783,1748 1784,1707 535,1711"/>
                <Baseline points="543,1726 604,1728 666,1729 727,1731 789,1732 851,1734 912,1735 974,1737 1036,1738 1097,1739 1159,1740 1221,1741 1282,1742 1344,1743 1406,1744 1467,1745 1529,1746 1591,1747 1652,1747 1714,1748 1776,1749"/>
                <TextEquiv>
                    <Unicode>allerhand verschlungene Gedankenreihen, aber sie entläßt ihn dann</Unicode>
                </TextEquiv>
            </TextLine>
            <TextLine id="r1l44" custom="readingOrder {index:43;}">
                <Coords points="1784,1758 2973,1787 3038,1743 1784,1725"/>
                <Baseline points="1792,1756 1853,1759 1915,1761 1977,1764 2039,1766 2101,1768 2163,1769 2225,1771 2287,1772 2349,1773 2411,1774 2472,1775 2534,1775 2596,1776 2658,1776 2720,1776 2782,1776 2844,1776 2906,1776 2968,1775 3030,1775"/>
                <TextEquiv>
                    <Unicode>[Else Lehmann in der Aufführung vorgeschickt: von den jüngeren</Unicode>
                </TextEquiv>
            </TextLine>
            <TextLine id="r1l45" custom="readingOrder {index:44;}">
                <Coords points="535,1766 1680,1798 1775,1792 1776,1755 535,1749"/>
                <Baseline points="543,1765 604,1766 665,1768 726,1769 788,1771 849,1772 910,1774 971,1775 1033,1777 1094,1778 1155,1780 1216,1781 1278,1782 1339,1783 1400,1784 1461,1785 1523,1785 1584,1786 1645,1786 1706,1786 1768,1785"/>
                <TextEquiv>
                    <Unicode>am Ende leer und unbefriedigt. Sie kann nicht fesseln, weil sie,</Unicode>
                </TextEquiv>
            </TextLine>
            <TextLine id="r1l46" custom="readingOrder {index:45;}">
                <Coords points="1785,1808 3042,1799 1785,1759"/>
                <Baseline points="1792,1798 1854,1800 1916,1802 1978,1803 2040,1805 2102,1806 2164,1807 2226,1808 2288,1809 2350,1810 2413,1810 2475,1811 2537,1811 2599,1812 2661,1813 2723,1813 2785,1814 2847,1815 2909,1815 2971,1816 3034,1817"/>
                <TextEquiv>
                    <Unicode>Kräften bot vor allem Kurt Stieler in der Rolle des Offiziers,</Unicode>
                </TextEquiv>
            </TextLine>
            <TextLine id="r1l47" custom="readingOrder {index:46;}">
                <Coords points="545,1817 1694,1842 1764,1829 1765,1790 546,1768"/>
                <Baseline points="553,1804 613,1806 673,1808 733,1809 793,1811 854,1812 914,1814 974,1815 1034,1816 1094,1817 1155,1818 1215,1819 1275,1820 1335,1821 1395,1822 1456,1823 1516,1823 1576,1824 1636,1825 1696,1825 1757,1826"/>
                <TextEquiv>
                    <Unicode>statt von innen heraus Glied um Glied die Kette eines</Unicode>
                </TextEquiv>
            </TextLine>
            <TextLine id="r1l48" custom="readingOrder {index:47;}">
                <Coords points="1794,1840 3035,1840 1795,1811"/>
                <Baseline points="1802,1833 1863,1836 1924,1839 1985,1842 2047,1844 2108,1846 2169,1848 2230,1849 2292,1850 2353,1851 2414,1852 2475,1852 2537,1853 2598,1853 2659,1853 2720,1853 2782,1854 2843,1854 2904,1854 2965,1854 3027,1855"/>
                <TextEquiv>
                    <Unicode>eine überraschend gute Leistung. Den Mißerfolg vermochte das</Unicode>
                </TextEquiv>
            </TextLine>
            <TextLine id="r1l49" custom="readingOrder {index:48;}">
                <Coords points="547,1848 1758,1876 1771,1827 547,1812"/>
                <Baseline points="555,1843 615,1845 675,1846 736,1848 796,1849 857,1851 917,1852 977,1853 1038,1854 1098,1855 1159,1856 1219,1857 1279,1858 1340,1859 1400,1860 1461,1860 1521,1861 1581,1862 1642,1862 1702,1863 1763,1864"/>
                <TextEquiv>
                    <Unicode>notwendigen Zusammenhangs zu bilden, mit Personen und</Unicode>
                </TextEquiv>
            </TextLine>
            <TextLine id="r1l50" custom="readingOrder {index:49;}">
                <Coords points="1786,1888 2987,1911 3036,1893 3037,1842 1787,1837"/>
                <Baseline points="1794,1872 1855,1874 1917,1876 1979,1878 2041,1881 2102,1882 2164,1884 2226,1885 2288,1887 2349,1888 2411,1889 2473,1890 2535,1890 2596,1891 2658,1892 2720,1892 2782,1893 2843,1893 2905,1893 2967,1894 3029,1894"/>
                <TextEquiv>
                    <Unicode>nicht abzuwenden. Der letzte Akt rief eine laute Opposition“</Unicode>
                </TextEquiv>
            </TextLine>
            <TextLine id="r1l51" custom="readingOrder {index:50;}">
                <Coords points="543,1876 1506,1911 1764,1909 1765,1876 543,1852"/>
                <Baseline points="550,1879 610,1882 670,1884 731,1886 791,1888 851,1889 912,1891 972,1892 1032,1893 1093,1894 1153,1895 1213,1896 1274,1897 1334,1898 1394,1899 1455,1899 1515,1900 1575,1901 1636,1902 1696,1903 1757,1904"/>
                <TextEquiv>
                    <Unicode>Schicksalen doch nur ihr Spiel treibt. Ueber dem allgemeinen, den</Unicode>
                </TextEquiv>
            </TextLine>
            <TextLine id="r1l52" custom="readingOrder {index:51;}">
                <Coords points="1784,1929 1795,1928 1802,1934 1821,1926 1832,1933 1851,1919 1864,1926 1871,1920 1882,1930 1886,1926 1892,1931 1909,1922 1931,1922 1931,1898 1917,1898 1903,1884 1882,1889 1872,1882 1861,1889 1820,1890 1810,1881 1784,1893"/>
                <Baseline points="1791,1919 1817,1917 1843,1915 1870,1916 1896,1917 1923,1919"/>
                <TextEquiv>
                    <Unicode>hervor.</Unicode>
                </TextEquiv>
            </TextLine>
            <TextLine id="r1l53" custom="readingOrder {index:52;}">
                <Coords points="543,1921 1695,1958 1772,1954 1773,1910 543,1885"/>
                <Baseline points="551,1919 611,1921 672,1923 732,1924 793,1926 854,1928 914,1930 975,1931 1036,1932 1096,1933 1157,1934 1218,1935 1278,1936 1339,1937 1400,1937 1460,1938 1521,1938 1582,1939 1642,1939 1703,1939 1764,1938"/>
                <TextEquiv>
                    <Unicode>Gedanken, die ihm kommen, hat Schnitzler, scheint es, die künstlerische</Unicode>
                </TextEquiv>
            </TextLine>
            <TextLine id="r1l54" custom="readingOrder {index:53;}">
                <Coords points="535,1958 1780,1991 1743,1943 536,1922"/>
                <Baseline points="543,1961 604,1962 666,1963 727,1964 789,1965 850,1966 912,1967 973,1968 1035,1970 1096,1971 1158,1972 1219,1973 1281,1974 1342,1975 1404,1976 1465,1977 1527,1978 1588,1979 1650,1979 1711,1980 1773,1980"/>
                <TextEquiv>
                    <Unicode>Lust an der konkreten individuellen Ausgestaltung eingebüßt. Er</Unicode>
                </TextEquiv>
            </TextLine>
            <TextLine id="r1l55" custom="readingOrder {index:54;}">
                <Coords points="533,1995 1790,2024 1790,1972 1494,2000 534,1969"/>
                <Baseline points="541,2000 603,2001 665,2002 727,2003 789,2005 851,2006 913,2007 975,2008 1037,2009 1099,2011 1161,2011 1223,2012 1285,2013 1347,2014 1409,2015 1471,2015 1533,2016 1595,2016 1657,2016 1719,2016 1782,2016"/>
                <TextEquiv>
                    <Unicode>wartet nicht, bis die Idee ins Bild, das Bild in die</Unicode>
                </TextEquiv>
            </TextLine>
            <TextLine id="r1l56" custom="readingOrder {index:55;}">
                <Coords points="540,2046 1493,2049 1525,2080 1621,2047 1809,2086 1810,2029 1717,2018 541,2009"/>
                <Baseline points="548,2040 610,2042 673,2043 736,2044 798,2045 861,2046 924,2047 986,2048 1049,2049 1112,2050 1175,2051 1237,2052 1300,2052 1363,2053 1425,2054 1488,2055 1551,2056 1613,2057 1676,2058 1739,2059 1802,2061"/>
                <TextEquiv>
                    <Unicode>Idee sich langsam reifend einwächst, sondern greift voreilig</Unicode>
                </TextEquiv>
            </TextLine>
            <TextLine id="r1l57" custom="readingOrder {index:56;}">
                <Coords points="541,2081 1786,2116 1744,2061 541,2050"/>
                <Baseline points="548,2079 609,2080 671,2082 732,2083 794,2084 855,2086 917,2087 978,2088 1040,2089 1101,2089 1163,2090 1224,2091 1286,2092 1347,2093 1409,2094 1470,2095 1532,2095 1593,2097 1655,2098 1716,2099 1778,2100"/>
                <TextEquiv>
                    <Unicode>und gewaltsam in den Phantasieprozeß hinein. Er weiß,</Unicode>
                </TextEquiv>
            </TextLine>
            <TextLine id="r1l58" custom="readingOrder {index:57;}">
                <Coords points="542,2118 1798,2148 1758,2103 542,2093"/>
                <Baseline points="550,2117 612,2119 674,2120 736,2122 798,2123 860,2125 922,2126 984,2127 1046,2128 1108,2129 1170,2130 1232,2131 1294,2132 1356,2132 1418,2133 1480,2133 1542,2134 1604,2134 1666,2134 1728,2134 1790,2134"/>
                <TextEquiv>
                    <Unicode>was er in einem Stücke sagen möchte, und die noch</Unicode>
                </TextEquiv>
            </TextLine>
            <TextLine id="r1l59" custom="readingOrder {index:58;}">
                <Coords points="543,2166 1591,2187 1790,2183 1791,2144 543,2133"/>
                <Baseline points="551,2158 612,2158 674,2159 735,2160 797,2161 859,2161 920,2162 982,2164 1043,2165 1105,2166 1167,2167 1228,2168 1290,2169 1351,2170 1413,2171 1475,2171 1536,2172 1598,2172 1659,2172 1721,2172 1783,2172"/>
                <TextEquiv>
                    <Unicode>unvollendeten Verknüpfungen, die erst halbfertigen Geschöpfe müssen</Unicode>
                </TextEquiv>
            </TextLine>
            <TextLine id="r1l60" custom="readingOrder {index:59;}">
                <Coords points="543,2214 1691,2226 1802,2179 544,2164"/>
                <Baseline points="551,2197 613,2197 675,2198 737,2198 799,2199 861,2200 923,2201 986,2202 1048,2203 1110,2205 1172,2206 1234,2207 1296,2208 1358,2209 1421,2210 1483,2211 1545,2212 1607,2212 1669,2212 1731,2212 1794,2211"/>
                <TextEquiv>
                    <Unicode>wohl oder übel sich diesem Willen fügen. An Stelle einer wirklichen</Unicode>
                </TextEquiv>
            </TextLine>
            <TextLine id="r1l61" custom="readingOrder {index:60;}">
                <Coords points="541,2237 1796,2275 1797,2219 1742,2216 542,2207"/>
                <Baseline points="549,2235 614,2236 679,2237 744,2238 809,2240 875,2241 940,2242 1005,2243 1070,2244 1135,2246 1201,2247 1266,2248 1331,2248 1396,2249 1461,2250 1527,2250 1592,2251 1657,2251 1722,2251 1788,2250"/>
                <TextEquiv>
                    <Unicode>Entwickelung treten lose und aphoristisch aneinandergereihte</Unicode>
                </TextEquiv>
            </TextLine>
            <TextLine id="r1l62" custom="readingOrder {index:61;}">
                <Coords points="548,2274 1730,2306 1789,2275 548,2238"/>
                <Baseline points="555,2271 616,2273 677,2275 738,2276 800,2278 861,2279 922,2280 984,2282 1045,2283 1106,2284 1168,2285 1229,2286 1290,2286 1351,2287 1413,2288 1474,2289 1535,2289 1597,2290 1658,2290 1719,2291 1781,2291"/>
                <TextEquiv>
                    <Unicode>Situationen, die ihm passende Gelegenheiten geben, im Dialoge</Unicode>
                </TextEquiv>
            </TextLine>
            <TextLine id="r1l63" custom="readingOrder {index:62;}">
                <Coords points="542,2322 1794,2329 1794,2288 542,2292"/>
                <Baseline points="549,2310 610,2312 672,2314 734,2316 796,2317 858,2319 919,2320 981,2321 1043,2322 1105,2324 1167,2325 1228,2326 1290,2327 1352,2327 1414,2328 1476,2329 1537,2330 1599,2330 1661,2330 1723,2331 1785,2331"/>
                <TextEquiv>
                    <Unicode>der Personen sich selber auszusprechen. Die „##dlung“ schrumpft</Unicode>
                </TextEquiv>
            </TextLine>
            <TextLine id="r1l64" custom="readingOrder {index:63;}">
                <Coords points="530,2352 1788,2386 1750,2335 531,2325"/>
                <Baseline points="539,2353 601,2354 663,2354 725,2355 787,2356 849,2357 911,2358 973,2359 1035,2360 1097,2360 1159,2361 1221,2362 1283,2363 1345,2364 1407,2365 1469,2366 1531,2367 1593,2368 1655,2369 1717,2370 1780,2371"/>
                <TextEquiv>
                    <Unicode>auf ein Minimum zusammen wie im „Zwischenspiel“ verläuft</Unicode>
                </TextEquiv>
            </TextLine>
            <TextLine id="r1l65" custom="readingOrder {index:64;}">
                <Coords points="542,2394 1637,2414 1637,2379 1549,2370 542,2356"/>
                <Baseline points="549,2388 603,2390 657,2391 711,2392 765,2394 819,2395 873,2396 927,2397 981,2398 1035,2398 1089,2399 1143,2400 1197,2401 1251,2401 1305,2402 1359,2403 1413,2404 1467,2405 1521,2406 1575,2407 1629,2408"/>
                <TextEquiv>
                    <Unicode>in eine undurchsichtige Verworrenheit wie in dem</Unicode>
                </TextEquiv>
            </TextLine>
            <TextLine id="r1l66" custom="readingOrder {index:65;}">
                <Coords points="1647,2414 1665,2412 1680,2419 1708,2413 1716,2420 1726,2412 1737,2412 1752,2422 1762,2414 1790,2413 1791,2387 1770,2386 1758,2378 1736,2384 1723,2374 1684,2374 1676,2381 1648,2387"/>
                <Baseline points="1656,2408 1681,2407 1706,2408 1731,2410 1756,2410 1782,2408"/>
                <TextEquiv>
                    <Unicode>„Ein¬</Unicode>
                </TextEquiv>
            </TextLine>
            <TextLine id="r1l67" custom="readingOrder {index:66;}">
                <Coords points="530,2436 785,2447 811,2423 869,2449 1165,2448 1165,2427 1115,2406 1017,2394 951,2411 723,2394 692,2416 530,2402"/>
                <Baseline points="538,2432 569,2432 600,2433 631,2434 662,2434 693,2434 724,2435 755,2435 786,2436 817,2436 848,2436 879,2437 910,2437 941,2437 972,2438 1003,2438 1034,2438 1065,2438 1096,2438 1127,2439 1158,2439"/>
                <TextEquiv>
                    <Unicode>samen Weg“ oder basiert,</Unicode>
                </TextEquiv>
            </TextLine>
            <TextLine id="r1l68" custom="readingOrder {index:67;}">
                <Coords points="1176,2444 1192,2443 1200,2451 1206,2452 1217,2445 1223,2443 1226,2445 1237,2437 1252,2438 1252,2416 1239,2415 1236,2412 1233,2415 1210,2404 1199,2405 1192,2411 1183,2406 1177,2406"/>
                <Baseline points="1184,2439 1214,2440 1244,2440"/>
                <TextEquiv>
                    <Unicode>so</Unicode>
                </TextEquiv>
            </TextLine>
            <TextLine id="r1l69" custom="readingOrder {index:68;}">
                <Coords points="1257,2432 1266,2433 1274,2441 1282,2438 1296,2452 1310,2452 1330,2441 1348,2443 1348,2408 1327,2410 1322,2406 1319,2410 1310,2410 1307,2406 1291,2403 1272,2410 1266,2406 1257,2408"/>
                <Baseline points="1265,2439 1302,2440 1339,2439"/>
                <TextEquiv>
                    <Unicode>in</Unicode>
                </TextEquiv>
            </TextLine>
            <TextLine id="r1l70" custom="readingOrder {index:69;}">
                <Coords points="1353,2444 1488,2444 1545,2461 1637,2443 1665,2463 1753,2458 1787,2451 1788,2412 1628,2420 1502,2405 1463,2425 1440,2402 1353,2407"/>
                <Baseline points="1360,2438 1386,2442 1412,2444 1438,2445 1465,2446 1491,2447 1517,2447 1543,2447 1570,2447 1596,2447 1622,2446 1648,2446 1675,2447 1701,2448 1727,2449 1753,2451 1780,2453"/>
                <TextEquiv>
                    <Unicode>dem letzten Stücke,</Unicode>
                </TextEquiv>
            </TextLine>
            <TextLine id="r1l71" custom="readingOrder {index:70;}">
                <Coords points="536,2481 1786,2497 1786,2451 536,2434"/>
                <Baseline points="543,2469 604,2470 666,2471 728,2472 790,2473 851,2474 913,2476 975,2477 1037,2478 1098,2479 1160,2480 1222,2481 1284,2483 1345,2484 1407,2485 1469,2485 1531,2486 1592,2486 1654,2487 1716,2487 1778,2487"/>
                <TextEquiv>
                    <Unicode>von vornherein auf ganz unmöglichen Voraussetzungen. Dem</Unicode>
                </TextEquiv>
            </TextLine>
            <TextLine id="r1l72" custom="readingOrder {index:71;}">
                <Coords points="535,2515 1782,2519 1770,2490 535,2482"/>
                <Baseline points="543,2510 604,2511 666,2511 727,2512 789,2512 850,2513 912,2514 973,2515 1035,2517 1096,2518 1158,2519 1220,2520 1281,2521 1343,2522 1404,2523 1466,2524 1527,2524 1589,2525 1650,2525 1712,2525 1774,2525"/>
                <TextEquiv>
                    <Unicode>Einwurf, daß er Unwahrscheinlichkeiten über Unwahrschein¬</Unicode>
                </TextEquiv>
            </TextLine>
            <TextLine id="r1l73" custom="readingOrder {index:72;}">
                <Coords points="528,2565 1785,2577 1748,2537 1469,2519 529,2515"/>
                <Baseline points="536,2546 598,2547 660,2548 722,2550 784,2551 846,2552 908,2553 970,2553 1032,2555 1094,2556 1156,2556 1218,2557 1280,2559 1342,2560 1404,2561 1466,2562 1528,2563 1590,2565 1652,2566 1714,2568 1777,2570"/>
                <TextEquiv>
                    <Unicode>lichkeiten häufe, wird Schnitzler vielleicht achselzuckend entgegnen,</Unicode>
                </TextEquiv>
            </TextLine>
            <TextLine id="r1l74" custom="readingOrder {index:73;}">
                <Coords points="534,2582 1664,2616 1782,2612 1783,2577 534,2557"/>
                <Baseline points="541,2586 602,2588 664,2589 726,2591 787,2592 849,2593 911,2594 972,2595 1034,2596 1096,2597 1158,2598 1219,2598 1281,2599 1343,2600 1404,2601 1466,2602 1528,2603 1589,2604 1651,2606 1713,2607 1775,2609"/>
                <TextEquiv>
                    <Unicode>daß, wer ihn darum tadle, sich an äußeres halte, und auf das</Unicode>
                </TextEquiv>
            </TextLine>
            <TextLine id="r1l75" custom="readingOrder {index:74;}">
                <Coords points="537,2616 1661,2657 1785,2653 1786,2618 537,2594"/>
                <Baseline points="545,2626 606,2627 668,2628 729,2629 791,2630 853,2631 914,2632 976,2633 1037,2634 1099,2635 1161,2635 1222,2636 1284,2637 1345,2638 1407,2639 1469,2640 1530,2641 1592,2641 1653,2643 1715,2644 1777,2645"/>
                <TextEquiv>
                    <Unicode>innere, die Bedeutung, auf das, was dieser Ablauf von Begeben¬</Unicode>
                </TextEquiv>
            </TextLine>
            <TextLine id="r1l76" custom="readingOrder {index:75;}">
                <Coords points="530,2664 1783,2697 1763,2646 531,2622"/>
                <Baseline points="538,2664 599,2666 661,2667 723,2668 785,2669 847,2670 909,2671 971,2672 1033,2672 1095,2673 1157,2674 1218,2675 1280,2675 1342,2676 1404,2677 1466,2678 1528,2679 1590,2680 1652,2682 1714,2684 1776,2685"/>
                <TextEquiv>
                    <Unicode>heiten ausdrücken soll, verweisen. Aber eine Symbolik, die nicht</Unicode>
                </TextEquiv>
            </TextLine>
            <TextLine id="r1l77" custom="readingOrder {index:76;}">
                <Coords points="533,2704 1784,2727 1599,2677 534,2676"/>
                <Baseline points="542,2702 603,2703 665,2705 727,2707 788,2708 850,2709 912,2710 973,2711 1035,2712 1097,2713 1159,2714 1220,2715 1282,2716 1344,2717 1405,2718 1467,2719 1529,2720 1590,2722 1652,2724 1714,2725 1776,2728"/>
                <TextEquiv>
                    <Unicode>aus der Natur der Dinge strömt, wie der Duft aus der Blüte,</Unicode>
                </TextEquiv>
            </TextLine>
            <TextLine id="r1l78" custom="readingOrder {index:77;}">
                <Coords points="534,2745 1682,2777 1785,2768 1786,2730 534,2708"/>
                <Baseline points="541,2741 602,2743 664,2745 726,2746 788,2747 850,2749 911,2750 973,2751 1035,2752 1097,2752 1159,2753 1220,2754 1282,2754 1344,2755 1406,2756 1468,2756 1529,2757 1591,2758 1653,2759 1715,2760 1777,2761"/>
                <TextEquiv>
                    <Unicode>die durch gekünstelt willkürliche lebensfremde Aenderungen ihnen</Unicode>
                </TextEquiv>
            </TextLine>
            <TextLine id="r1l79" custom="readingOrder {index:78;}">
                <Coords points="525,2777 1704,2825 1785,2795 1656,2759 525,2763"/>
                <Baseline points="533,2783 595,2784 657,2785 719,2786 781,2787 844,2788 906,2788 968,2789 1030,2790 1092,2791 1155,2792 1217,2793 1279,2794 1341,2795 1403,2796 1466,2797 1528,2798 1590,2799 1652,2800 1714,2802 1777,2803"/>
                <TextEquiv>
                    <Unicode>aufgepfroft werden muß, läßt immer kalt. Was uns bewegen</Unicode>
                </TextEquiv>
            </TextLine>
            <TextLine id="r1l80" custom="readingOrder {index:79;}">
                <Coords points="525,2822 1714,2839 1603,2794 525,2778"/>
                <Baseline points="533,2824 591,2824 650,2825 708,2825 767,2826 826,2826 884,2827 943,2828 1002,2829 1060,2830 1119,2831 1178,2832 1236,2833 1295,2834 1354,2835 1412,2836 1471,2837 1530,2837 1588,2838 1647,2838 1706,2838"/>
                <TextEquiv>
                    <Unicode>soll, muß in einem Bild, an das man glauben kann, erscheinen.</Unicode>
                </TextEquiv>
            </TextLine>
            <TextLine id="r1l81" custom="readingOrder {index:80;}">
                <Coords points="601,2864 1724,2893 1776,2856 601,2831"/>
                <Baseline points="609,2861 666,2861 724,2862 782,2863 840,2864 898,2864 956,2866 1014,2867 1072,2868 1130,2869 1188,2870 1245,2871 1303,2873 1361,2874 1419,2875 1477,2876 1535,2877 1593,2879 1651,2879 1709,2880 1767,2881"/>
                <TextEquiv>
                    <Unicode>Heroische Todesverachtung, glühendheiße Lebenssehnsucht, die in</Unicode>
                </TextEquiv>
            </TextLine>
            <TextLine id="r1l82" custom="readingOrder {index:81;}">
                <Coords points="523,2901 1784,2918 1647,2879 524,2863"/>
                <Baseline points="531,2896 593,2896 655,2897 717,2898 780,2899 842,2900 904,2902 967,2903 1029,2905 1091,2906 1154,2908 1216,2909 1278,2911 1340,2912 1403,2913 1465,2915 1527,2915 1590,2916 1652,2916 1714,2917 1777,2917"/>
                <TextEquiv>
                    <Unicode>leidenschaftlichem Verlangem nach dem Genusse alle Schranken nieder¬</Unicode>
                </TextEquiv>
            </TextLine>
            <TextLine id="r1l83" custom="readingOrder {index:82;}">
                <Coords points="797,2919 804,2920 809,2919 811,2922 815,2921 816,2922 827,2923 830,2902 829,2901 819,2900 813,2902 810,2901 808,2903 800,2902"/>
                <Baseline points="806,2915 820,2917"/>
                <TextEquiv>
                    <Unicode></Unicode>
                </TextEquiv>
            </TextLine>
            <TextLine id="r1l84" custom="readingOrder {index:83;}">
                <Coords points="521,2947 1756,2978 1780,2925 522,2914"/>
                <Baseline points="529,2939 591,2939 653,2939 715,2940 777,2941 839,2941 901,2942 964,2943 1026,2944 1088,2945 1150,2946 1212,2947 1274,2949 1336,2950 1399,2951 1461,2953 1523,2954 1585,2956 1647,2958 1709,2960 1772,2961"/>
                <TextEquiv>
                    <Unicode>reißt und an ihrer Tat verblutet, Resignation des Arbeitsmenschen,</Unicode>
                </TextEquiv>
            </TextLine>
            <TextLine id="r1l85" custom="readingOrder {index:84;}">
                <Coords points="521,2994 1638,3007 1772,2972 522,2946"/>
                <Baseline points="529,2976 590,2976 652,2977 714,2978 776,2979 837,2979 899,2980 961,2982 1023,2983 1084,2984 1146,2985 1208,2987 1270,2988 1331,2989 1393,2991 1455,2992 1517,2994 1578,2995 1640,2996 1702,2997 1764,2998"/>
                <TextEquiv>
                    <Unicode>der nichts Ueberschwängliches erhoffend, den Bedingungen des Lebens,</Unicode>
                </TextEquiv>
            </TextLine>
            <TextLine id="r1l86" custom="readingOrder {index:85;}">
                <Coords points="526,3013 1647,3055 1772,3042 1773,2993 526,2984"/>
                <Baseline points="533,3014 594,3015 656,3016 717,3018 779,3019 841,3019 902,3021 964,3022 1025,3023 1087,3024 1149,3025 1210,3026 1272,3027 1333,3028 1395,3029 1457,3031 1518,3032 1580,3033 1641,3034 1703,3036 1765,3037"/>
                <TextEquiv>
                    <Unicode>dem steten Wechsel von Lust und Leid sich mit klarem Bewußtsein</Unicode>
                </TextEquiv>
            </TextLine>
            <TextLine id="r1l87" custom="readingOrder {index:86;}">
                <Coords points="522,3055 594,3057 616,3071 636,3061 677,3058 741,3076 742,3021 687,3026 673,3019 654,3028 632,3020 612,3027 601,3017 568,3026 549,3018 523,3023"/>
                <Baseline points="529,3053 554,3053 580,3053 605,3055 631,3055 656,3057 682,3057 707,3057 733,3055"/>
                <TextEquiv>
                    <Unicode>unterwirft</Unicode>
                </TextEquiv>
            </TextLine>
            <TextLine id="r1l88" custom="readingOrder {index:87;}">
                <Coords points="740,3050 1780,3077 1735,3038 740,3028"/>
                <Baseline points="747,3053 798,3055 849,3056 900,3058 951,3059 1003,3061 1054,3062 1105,3063 1156,3064 1207,3065 1259,3066 1310,3067 1361,3067 1412,3068 1463,3069 1515,3070 1566,3071 1617,3072 1668,3073 1719,3075 1771,3076"/>
                <TextEquiv>
                    <Unicode>— auf den Gegensatz dieser Stimmungen baut</Unicode>
                </TextEquiv>
            </TextLine>
            <TextLine id="r1l89" custom="readingOrder {index:88;}">
                <Coords points="525,3095 1762,3132 1774,3077 525,3056"/>
                <Baseline points="532,3093 593,3094 655,3096 717,3097 778,3098 840,3100 902,3101 963,3102 1025,3103 1087,3104 1149,3105 1210,3106 1272,3106 1334,3107 1395,3108 1457,3109 1519,3109 1580,3110 1642,3110 1704,3110 1766,3111"/>
                <TextEquiv>
                    <Unicode>sich das Drama auf, das den Kontraft nur eben leider</Unicode>
                </TextEquiv>
            </TextLine>
            <TextLine id="r1l90" custom="readingOrder {index:89;}">
                <Coords points="527,3134 1766,3147 1685,3114 527,3093"/>
                <Baseline points="534,3132 595,3133 656,3133 717,3134 778,3136 840,3137 901,3138 962,3139 1023,3141 1084,3142 1146,3143 1207,3145 1268,3145 1329,3146 1390,3147 1452,3148 1513,3148 1574,3149 1635,3149 1696,3148 1758,3148"/>
                <TextEquiv>
                    <Unicode>so gar nicht in der Form dramatisch konsequenter Cha¬</Unicode>
                </TextEquiv>
            </TextLine>
            <TextLine id="r1l91" custom="readingOrder {index:90;}">
                <Coords points="535,3170 1590,3175 1673,3206 1764,3202 1765,3147 535,3144"/>
                <Baseline points="542,3172 602,3173 663,3174 724,3175 785,3176 845,3177 906,3178 967,3179 1028,3180 1088,3181 1149,3182 1210,3183 1271,3184 1331,3185 1392,3186 1453,3187 1514,3188 1574,3189 1635,3190 1696,3191 1757,3192"/>
                <TextEquiv>
                    <Unicode>rakteristik und Handlung anschaulich zu machen versteht.</Unicode>
                </TextEquiv>
            </TextLine>
            <TextLine id="r1l92" custom="readingOrder {index:91;}">
                <Coords points="536,3202 1746,3242 1769,3205 536,3172"/>
                <Baseline points="544,3210 604,3211 665,3212 726,3214 787,3215 848,3216 909,3217 969,3218 1030,3219 1091,3219 1152,3221 1213,3222 1274,3223 1335,3224 1395,3225 1456,3226 1517,3227 1578,3228 1639,3229 1700,3231 1761,3233"/>
                <TextEquiv>
                    <Unicode>Schnitzler datiert es, man weiß nicht recht warum, in die Mitte des</Unicode>
                </TextEquiv>
            </TextLine>
            <TextLine id="r1l93" custom="readingOrder {index:92;}">
                <Coords points="521,3265 1675,3280 1743,3278 1766,3231 522,3221"/>
                <Baseline points="529,3248 590,3249 651,3251 713,3252 774,3253 836,3254 897,3256 958,3257 1020,3258 1081,3259 1143,3261 1204,3262 1265,3263 1327,3264 1388,3265 1450,3266 1511,3266 1572,3267 1634,3267 1695,3268 1757,3268"/>
                <TextEquiv>
                    <Unicode>porigen Jahrhunderts. Der erste Akt spielt in der Krankenstube des</Unicode>
                </TextEquiv>
            </TextLine>
            <TextLine id="r1l94" custom="readingOrder {index:93;}">
                <Coords points="510,3296 1776,3314 1725,3271 510,3264"/>
                <Baseline points="518,3287 580,3288 643,3289 705,3291 768,3292 830,3293 893,3295 955,3296 1018,3297 1080,3299 1143,3300 1205,3301 1268,3302 1330,3303 1393,3304 1455,3305 1518,3305 1580,3306 1643,3306 1705,3307 1768,3307"/>
                <TextEquiv>
                    <Unicode>alten grilligen Majors Moser. In der Furcht vor dem Sterben, im</Unicode>
                </TextEquiv>
            </TextLine>
            <TextLine id="r1l95" custom="readingOrder {index:94;}">
                <Coords points="509,3328 1671,3360 1762,3352 1763,3319 509,3297"/>
                <Baseline points="517,3329 578,3329 640,3330 702,3331 764,3331 826,3332 888,3333 950,3334 1012,3336 1074,3337 1136,3338 1197,3339 1259,3341 1321,3342 1383,3343 1445,3344 1507,3344 1569,3345 1631,3346 1693,3346 1755,3346"/>
                <TextEquiv>
                    <Unicode>Reide gegen alle, die ihn überleben werden, empfindet er ein grau¬</Unicode>
                </TextEquiv>
            </TextLine>
            <TextLine id="r1l96" custom="readingOrder {index:95;}">
                <Coords points="514,3372 1763,3376 515,3330"/>
                <Baseline points="522,3370 583,3370 645,3371 706,3371 768,3372 830,3373 891,3374 953,3375 1015,3376 1076,3377 1138,3378 1200,3379 1261,3381 1323,3382 1385,3383 1446,3384 1508,3385 1570,3385 1631,3386 1693,3387 1755,3387"/>
                <TextEquiv>
                    <Unicode>sahnes Vergnügen, die Tochter, von der er unablässige Pflege ver¬</Unicode>
                </TextEquiv>
            </TextLine>
            <TextLine id="r1l97" custom="readingOrder {index:96;}">
                <Coords points="523,3413 1761,3422 1761,3387 523,3373"/>
                <Baseline points="531,3408 592,3408 653,3409 714,3410 775,3411 836,3412 897,3413 958,3414 1019,3415 1080,3416 1142,3417 1203,3418 1264,3419 1325,3420 1386,3421 1447,3421 1508,3422 1569,3422 1630,3423 1691,3423 1753,3423"/>
                <TextEquiv>
                    <Unicode>langt, zu kränken und zu quälen. Jahre duldete sie es</Unicode>
                </TextEquiv>
            </TextLine>
            <TextLine id="r1l98" custom="readingOrder {index:97;}">
                <Coords points="509,3442 1433,3474 1468,3431 509,3406"/>
                <Baseline points="516,3451 563,3450 610,3449 657,3449 704,3449 752,3449 799,3449 846,3450 893,3451 940,3451 988,3453 1035,3454 1082,3455 1129,3455 1176,3456 1224,3457 1271,3458 1318,3458 1365,3459 1412,3458 1460,3458"/>
                <TextEquiv>
                    <Unicode>schweigend als ein Unvermeidliches bis der</Unicode>
                </TextEquiv>
            </TextLine>
            <TextLine id="r1l99" custom="readingOrder {index:98;}">
                <Coords points="1549,3456 1610,3478 1621,3472 1638,3479 1666,3468 1677,3473 1691,3465 1767,3471 1767,3416 1742,3431 1682,3423 1654,3435 1641,3425 1624,3433 1607,3422 1549,3434"/>
                <Baseline points="1557,3459 1582,3460 1607,3461 1632,3462 1658,3463 1683,3463 1708,3463 1733,3462 1759,3459"/>
                <TextEquiv>
                    <Unicode>Ruf des</Unicode>
                </TextEquiv>
            </TextLine>
            <TextLine id="r1l100" custom="readingOrder {index:99;}">
                <Coords points="509,3478 1364,3519 1763,3491 510,3456"/>
                <Baseline points="517,3488 578,3487 640,3487 702,3488 764,3488 826,3489 888,3490 950,3491 1012,3493 1074,3494 1136,3496 1197,3497 1259,3498 1321,3499 1383,3500 1445,3501 1507,3502 1569,3502 1631,3502 1693,3501 1755,3500"/>
                <TextEquiv>
                    <Unicode>Lebens an sie ergeht. Die flüchtige Begegnung mit einem jungen</Unicode>
                </TextEquiv>
            </TextLine>
            <TextLine id="r1l101" custom="readingOrder {index:100;}">
                <Coords points="508,3524 1760,3550 1760,3492 1369,3521 508,3491"/>
                <Baseline points="516,3527 577,3527 639,3527 701,3528 763,3529 825,3529 886,3531 948,3532 1010,3533 1072,3534 1134,3536 1195,3537 1257,3538 1319,3539 1381,3539 1443,3540 1504,3540 1566,3540 1628,3540 1690,3539 1752,3538"/>
                <TextEquiv>
                    <Unicode>galanten Offizier auf einem Feste hat in ihr die brennende</Unicode>
                </TextEquiv>
            </TextLine>
            <TextLine id="r1l102" custom="readingOrder {index:101;}">
                <Coords points="513,3564 1617,3591 1752,3581 1753,3549 514,3530"/>
                <Baseline points="521,3564 582,3564 643,3565 704,3566 765,3567 827,3568 888,3570 949,3571 1010,3572 1071,3574 1133,3575 1194,3576 1255,3577 1316,3578 1377,3579 1439,3579 1500,3579 1561,3579 1622,3579 1683,3578 1745,3578"/>
                <TextEquiv>
                    <Unicode>Begierde nach Liebesglück und wilden Haß wider den Vater, den</Unicode>
                </TextEquiv>
            </TextLine>
            <TextLine id="r1l103" custom="readingOrder {index:102;}">
                <Coords points="515,3602 1759,3633 1760,3580 516,3566"/>
                <Baseline points="523,3602 584,3603 645,3603 707,3604 768,3606 830,3606 891,3608 953,3609 1014,3611 1076,3612 1137,3613 1198,3615 1260,3616 1321,3617 1383,3618 1444,3618 1506,3618 1567,3618 1629,3618 1690,3617 1752,3615"/>
                <TextEquiv>
                    <Unicode>hämischen Vernichter ihrer Jugendfreuden, entzündet. Da kommt</Unicode>
                </TextEquiv>
            </TextLine>
            <TextLine id="r1l104" custom="readingOrder {index:103;}">
                <Coords points="517,3639 1755,3664 1755,3630 1659,3619 517,3610"/>
                <Baseline points="525,3642 586,3643 647,3644 708,3644 769,3645 830,3646 891,3647 952,3648 1013,3648 1074,3649 1135,3650 1196,3651 1257,3652 1318,3652 1379,3653 1440,3653 1501,3654 1562,3654 1623,3655 1684,3655 1746,3655"/>
                <TextEquiv>
                    <Unicode>die Nachricht, daß das Regiment, in welchem der Bewunderte dient,</Unicode>
                </TextEquiv>
            </TextLine>
            <TextLine id="r1l105" custom="readingOrder {index:104;}">
                <Coords points="512,3681 1751,3697 1714,3661 512,3642"/>
                <Baseline points="519,3680 580,3681 641,3682 702,3683 763,3684 825,3685 886,3686 947,3687 1008,3688 1069,3689 1131,3690 1192,3691 1253,3692 1314,3693 1375,3693 1437,3694 1498,3694 1559,3695 1620,3695 1681,3695 1743,3696"/>
                <TextEquiv>
                    <Unicode>sich von dem Kaiser die Gnade auserbeten habe, einem ge¬</Unicode>
                </TextEquiv>
            </TextLine>
            <TextLine id="r1l106" custom="readingOrder {index:105;}">
                <Coords points="502,3718 1131,3758 1738,3751 1755,3707 503,3690"/>
                <Baseline points="511,3721 572,3722 634,3722 696,3723 758,3724 820,3725 881,3726 943,3727 1005,3728 1067,3729 1129,3730 1190,3731 1252,3731 1314,3732 1376,3733 1438,3734 1499,3734 1561,3734 1623,3735 1685,3735 1747,3734"/>
                <TextEquiv>
                    <Unicode>wissen Tode entgegengeschickt zu werden! In einem früheren</Unicode>
                </TextEquiv>
            </TextLine>
            <TextLine id="r1l107" custom="readingOrder {index:106;}">
                <Coords points="517,3774 578,3771 589,3765 611,3774 633,3767 658,3776 707,3754 706,3732 689,3729 664,3735 653,3726 639,3734 614,3735 600,3724 592,3729 543,3721 532,3728 516,3725"/>
                <Baseline points="525,3763 554,3762 583,3762 612,3762 641,3762 670,3761 699,3759"/>
                <TextEquiv>
                    <Unicode>Feldzuge</Unicode>
                </TextEquiv>
            </TextLine>
            <TextLine id="r1l108" custom="readingOrder {index:107;}">
                <Coords points="730,3772 755,3778 808,3755 877,3777 940,3754 976,3774 1078,3780 1114,3775 1115,3737 878,3730 832,3741 770,3720 730,3730"/>
                <Baseline points="738,3763 764,3762 790,3761 816,3761 843,3761 869,3761 895,3762 922,3762 948,3763 974,3764 1000,3765 1027,3766 1053,3766 1079,3767 1106,3767"/>
                <TextEquiv>
                    <Unicode>sei die Truppe</Unicode>
                </TextEquiv>
            </TextLine>
            <TextLine id="r1l109" custom="readingOrder {index:108;}">
                <Coords points="1132,3774 1153,3770 1173,3780 1247,3765 1262,3779 1276,3769 1330,3776 1339,3785 1370,3784 1371,3734 1332,3743 1244,3735 1223,3747 1159,3737 1132,3748"/>
                <Baseline points="1140,3766 1167,3768 1195,3768 1223,3769 1251,3769 1278,3769 1306,3769 1334,3770 1362,3771"/>
                <TextEquiv>
                    <Unicode>vor dem</Unicode>
                </TextEquiv>
            </TextLine>
            <TextLine id="r1l110" custom="readingOrder {index:109;}">
                <Coords points="1367,3769 1388,3768 1407,3784 1425,3777 1432,3782 1469,3776 1502,3785 1549,3767 1549,3748 1537,3753 1519,3742 1461,3736 1455,3741 1434,3732 1406,3742 1391,3756 1384,3751 1367,3754"/>
                <Baseline points="1375,3774 1402,3775 1430,3775 1458,3774 1486,3773 1514,3773 1542,3775"/>
                <TextEquiv>
                    <Unicode>Feinde</Unicode>
                </TextEquiv>
            </TextLine>
            <TextLine id="r1l111" custom="readingOrder {index:110;}">
                <Coords points="1553,3778 1595,3784 1614,3776 1652,3776 1677,3789 1707,3778 1734,3785 1741,3777 1752,3780 1751,3739 1734,3748 1681,3737 1661,3747 1638,3737 1611,3749 1595,3743 1589,3750 1572,3744 1552,3751"/>
                <Baseline points="1560,3780 1586,3778 1612,3777 1638,3775 1665,3774 1691,3773 1717,3773 1744,3774"/>
                <TextEquiv>
                    <Unicode>geflohen,</Unicode>
                </TextEquiv>
            </TextLine>
            <TextLine id="r1l112" custom="readingOrder {index:111;}">
                <Coords points="502,3795 1567,3825 1525,3780 1277,3768 502,3784"/>
                <Baseline points="510,3799 562,3799 614,3800 667,3800 719,3801 772,3801 824,3802 877,3803 929,3804 982,3805 1034,3806 1086,3807 1139,3808 1191,3809 1244,3810 1296,3811 1349,3811 1401,3812 1454,3813 1506,3813 1559,3813"/>
                <TextEquiv>
                    <Unicode>nun wolle sie das in dem neuen Kriege fühnen,</Unicode>
                </TextEquiv>
            </TextLine>
            <TextLine id="r1l113" custom="readingOrder {index:112;}">
                <Coords points="1624,3826 1642,3824 1649,3817 1659,3826 1699,3816 1712,3825 1724,3817 1750,3817 1748,3777 1725,3786 1718,3781 1709,3785 1699,3779 1692,3782 1677,3777 1665,3785 1652,3775 1622,3779"/>
                <Baseline points="1632,3816 1659,3814 1687,3813 1714,3811 1742,3812"/>
                <TextEquiv>
                    <Unicode>ffiziere</Unicode>
                </TextEquiv>
            </TextLine>
            <TextLine id="r1l114" custom="readingOrder {index:113;}">
                <Coords points="512,3846 610,3836 678,3850 737,3844 788,3861 862,3854 882,3843 883,3814 820,3803 778,3815 747,3799 618,3815 586,3803 513,3804"/>
                <Baseline points="520,3836 545,3837 570,3838 596,3838 621,3839 646,3839 672,3840 697,3840 722,3840 748,3840 773,3841 798,3841 824,3841 849,3841 875,3842"/>
                <TextEquiv>
                    <Unicode>und Mannschaften</Unicode>
                </TextEquiv>
            </TextLine>
            <TextLine id="r1l115" custom="readingOrder {index:114;}">
                <Coords points="900,3845 1749,3865 1749,3826 1696,3817 1376,3812 1286,3836 1116,3804 901,3809"/>
                <Baseline points="908,3841 949,3842 991,3843 1033,3844 1074,3845 1116,3846 1158,3847 1199,3848 1241,3849 1283,3850 1325,3851 1366,3851 1408,3852 1450,3852 1491,3852 1533,3852 1575,3852 1616,3852 1658,3851 1700,3850 1742,3849"/>
                <TextEquiv>
                    <Unicode>hätten geschworen, auf dem exponierten</Unicode>
                </TextEquiv>
            </TextLine>
            <TextLine id="r1l116" custom="readingOrder {index:115;}">
                <Coords points="506,3871 1484,3901 1731,3900 1747,3867 506,3846"/>
                <Baseline points="513,3873 574,3875 635,3876 696,3878 758,3879 819,3881 880,3881 942,3883 1003,3884 1064,3885 1126,3885 1187,3886 1248,3887 1309,3887 1371,3888 1432,3889 1493,3889 1555,3890 1616,3890 1677,3891 1739,3891"/>
                <TextEquiv>
                    <Unicode>Posten bis zum letzten Atemzuge auszuhalten, keiner von</Unicode>
                </TextEquiv>
            </TextLine>
            <TextLine id="r1l117" custom="readingOrder {index:116;}">
                <Coords points="501,3912 1763,3959 1764,3879 501,3882"/>
                <Baseline points="508,3913 570,3914 632,3915 695,3917 757,3918 819,3919 882,3920 944,3921 1006,3922 1069,3923 1131,3924 1193,3925 1256,3925 1318,3926 1380,3927 1443,3927 1505,3928 1567,3928 1630,3929 1692,3930 1755,3930"/>
                <TextEquiv>
                    <Unicode>ihnen dürfe lebend zurückkehren! Nun ist Maries Cutschluß gefaßt.</Unicode>
                </TextEquiv>
            </TextLine>
            <TextLine id="r1l118" custom="readingOrder {index:117;}">
                <Coords points="505,3971 1764,3972 1737,3927 506,3938"/>
                <Baseline points="514,3955 576,3955 638,3956 700,3957 762,3958 824,3959 886,3960 948,3961 1010,3962 1072,3963 1135,3963 1197,3964 1259,3965 1321,3965 1383,3966 1445,3966 1507,3966 1569,3966 1631,3966 1693,3965 1756,3965"/>
                <TextEquiv>
                    <Unicode>Wie ihre Freundin, eine schwärmerisch verzückte Lungenkranke, die</Unicode>
                </TextEquiv>
            </TextLine>
            <TextLine id="r1l119" custom="readingOrder {index:118;}">
                <Coords points="1230,4016 1243,4018 1244,4016 1249,4019 1252,4016 1260,4017 1267,3975 1256,3974 1251,3971 1248,3974 1237,3972"/>
                <Baseline points="1238,4018 1252,4020"/>
                <TextEquiv>
                    <Unicode></Unicode>
                </TextEquiv>
            </TextLine>
            <TextEquiv>
                <Unicode>box 24/2
19. Der Ruf des Lebens
die zugemessene Lebensfrist im Taumel durchrasen möchte,
will sie, was ihr als höchste Seeligkeit erscheint, genießen und dann
untergehen. Sie weist den treubescheidenen Bräutigam mit rauhen
Worten ab, reicht dem Vater, der ihr den Weg versperren will,
den Schlaftrunk, der ihn töten muß, und jagt davon.
Unsinnig und unmöglich wie im Grund die ganze Regiments¬
geschichte ist, gewinnt ihr Schnitzler dennoch einige sehr stimmungs¬
volle Szenen ab. In das Gespräch des jungen, voll heiterer Ent¬
schlossenheit dem Auszug in den Tod entgegegen harrenden Offiziers
mit dem skeptischen Kameraden und dem finsteren Obersten klingen
Töne tiefempfundener Innerlichkeit hinein, aber dann beginnt ein um
so wirreres Tohuwabohn. Marie stürzt in das leere Zimmer und
verbirgt sich dort, die Frau des Obersten erscheint, um den Offizier,
ihren Geliebten, im letzten Augenblicke zur Flucht zu überreden; der
Oberst springt zum Fenster herein, schießt die Ungetreue nieder und
verschwindet; der Offizier will sich erschießen, Marie fällt ihm in
den erhobenen Arm, sie umschlingen sich im Angesicht der Leiche und
laufen spornstreichs fort, ihr „Liebesfest“ zu feiern.
Der Schluß zieht dann rein reflektierend die Bilanz.
Eine Sterbende, kehrt Maries Freundin zu ihrer Mutter zurück.
Der Wahnsinn, der mitleidig ihren Geist umfangen hält,
„ „ „ 1
khat sie das Glück, das sie im Taumel suchte, finden lassen. Noch in
der letzten Stunde gaukelt ihr die kranke Phantasie lockende Bilder
des Genusses vor. Marie aber büßt, daß sie dem Ruf der Leiden¬
schaft, der ihr der Ruf des Lebens schien, gefolgt ist, in
Wg
dumpfem, jede Lebensregung lähmenden Schmerz. Der Geliebte
hat ihr Flehen nicht erhort, er ist ohne sie den Weg des Todes
gegangen. Der Doktor, ihr alter Freund, sucht sie zu trösten,
Leise und milde mahnt seine Levensphilosophie die Unglückliche, an
Der Ruf des Lebens.
die festgegründeten, jeden Kampf der Leidenschaften und des Schmerzes
(Lessingtheater.)
überdauernden, immer sich neu aufrichtenden Triebe des menschlichen
Herzens zu denken.
itzlers Dramatik wird immer mehr und mehr zur
Das Lessing=Theater hatte seine erpoobtesten Darsteller:
blosseneg  beschäftigt den Sinn durch Stimmungen und
Bassermann, Rittner, Reicher, Icene Triesch und
allerhand verschlungene Gedankenreihen, aber sie entläßt ihn dann
[Else Lehmann in der Aufführung vorgeschickt: von den jüngeren
am Ende leer und unbefriedigt. Sie kann nicht fesseln, weil sie,
Kräften bot vor allem Kurt Stieler in der Rolle des Offiziers,
statt von innen heraus Glied um Glied die Kette eines
eine überraschend gute Leistung. Den Mißerfolg vermochte das
notwendigen Zusammenhangs zu bilden, mit Personen und
nicht abzuwenden. Der letzte Akt rief eine laute Opposition“
Schicksalen doch nur ihr Spiel treibt. Ueber dem allgemeinen, den
hervor.
Gedanken, die ihm kommen, hat Schnitzler, scheint es, die künstlerische
Lust an der konkreten individuellen Ausgestaltung eingebüßt. Er
wartet nicht, bis die Idee ins Bild, das Bild in die
Idee sich langsam reifend einwächst, sondern greift voreilig
und gewaltsam in den Phantasieprozeß hinein. Er weiß,
was er in einem Stücke sagen möchte, und die noch
unvollendeten Verknüpfungen, die erst halbfertigen Geschöpfe müssen
wohl oder übel sich diesem Willen fügen. An Stelle einer wirklichen
Entwickelung treten lose und aphoristisch aneinandergereihte
Situationen, die ihm passende Gelegenheiten geben, im Dialoge
der Personen sich selber auszusprechen. Die „##dlung“ schrumpft
auf ein Minimum zusammen wie im „Zwischenspiel“ verläuft
in eine undurchsichtige Verworrenheit wie in dem
„Ein¬
samen Weg“ oder basiert,
so
in
dem letzten Stücke,
von vornherein auf ganz unmöglichen Voraussetzungen. Dem
Einwurf, daß er Unwahrscheinlichkeiten über Unwahrschein¬
lichkeiten häufe, wird Schnitzler vielleicht achselzuckend entgegnen,
daß, wer ihn darum tadle, sich an äußeres halte, und auf das
innere, die Bedeutung, auf das, was dieser Ablauf von Begeben¬
heiten ausdrücken soll, verweisen. Aber eine Symbolik, die nicht
aus der Natur der Dinge strömt, wie der Duft aus der Blüte,
die durch gekünstelt willkürliche lebensfremde Aenderungen ihnen
aufgepfroft werden muß, läßt immer kalt. Was uns bewegen
soll, muß in einem Bild, an das man glauben kann, erscheinen.
Heroische Todesverachtung, glühendheiße Lebenssehnsucht, die in
leidenschaftlichem Verlangem nach dem Genusse alle Schranken nieder¬

reißt und an ihrer Tat verblutet, Resignation des Arbeitsmenschen,
der nichts Ueberschwängliches erhoffend, den Bedingungen des Lebens,
dem steten Wechsel von Lust und Leid sich mit klarem Bewußtsein
unterwirft
— auf den Gegensatz dieser Stimmungen baut
sich das Drama auf, das den Kontraft nur eben leider
so gar nicht in der Form dramatisch konsequenter Cha¬
rakteristik und Handlung anschaulich zu machen versteht.
Schnitzler datiert es, man weiß nicht recht warum, in die Mitte des
porigen Jahrhunderts. Der erste Akt spielt in der Krankenstube des
alten grilligen Majors Moser. In der Furcht vor dem Sterben, im
Reide gegen alle, die ihn überleben werden, empfindet er ein grau¬
sahnes Vergnügen, die Tochter, von der er unablässige Pflege ver¬
langt, zu kränken und zu quälen. Jahre duldete sie es
schweigend als ein Unvermeidliches bis der
Ruf des
Lebens an sie ergeht. Die flüchtige Begegnung mit einem jungen
galanten Offizier auf einem Feste hat in ihr die brennende
Begierde nach Liebesglück und wilden Haß wider den Vater, den
hämischen Vernichter ihrer Jugendfreuden, entzündet. Da kommt
die Nachricht, daß das Regiment, in welchem der Bewunderte dient,
sich von dem Kaiser die Gnade auserbeten habe, einem ge¬
wissen Tode entgegengeschickt zu werden! In einem früheren
Feldzuge
sei die Truppe
vor dem
Feinde
geflohen,
nun wolle sie das in dem neuen Kriege fühnen,
ffiziere
und Mannschaften
hätten geschworen, auf dem exponierten
Posten bis zum letzten Atemzuge auszuhalten, keiner von
ihnen dürfe lebend zurückkehren! Nun ist Maries Cutschluß gefaßt.
Wie ihre Freundin, eine schwärmerisch verzückte Lungenkranke, die
</Unicode>
            </TextEquiv>
        </TextRegion>
    </Page>
</PcGts>
