3484 4224
1808 17 2950 128 een Sin snsen un 11 —ee
1793 82 3059 179 Mittwoch ging er wie gewöhnlich elastischen Schrittes
2917 138 3069 196 malt
2648 132 2905 205 zu. Wer
1794 134 2666 219 schnurstracks auf die Direktionsloge
2885 174 3071 243 „Bitte,
1795 192 2850 261 sein Entsetzen? Die Loge ist geschlossen.
1797 224 3066 318 öffnen Sie“, sagt er dem Billetteur. „Der Herr Direktor hat
1804 260 3076 361 den Schlüssel bei sich und ist — abgereist.“ Was tat der Autor,
1806 322 3075 407 um keine Aufführung seines Stückes zu versäumen. Er eilte
1801 364 3062 442 san die Kasse und bat um ein anderes Billett. „Der Herr
1814 417 3057 497 Sekretär muß es anweisen, ich darf keine Karte ausfolgen,“
1812 438 3074 542 bemerkt der Kassier. Und so mußte der gute Autor seinen Sitz
1808 521 3083 599 auf der letzten Galerie, wo er ganz eingekeilt war, voll bezahlen.
1401 544 1510 631 44
1812 556 3071 637 Er hat sich an diesem Abend grün und gelb geärgert. Denn die
1819 595 3077 687 Schauspieler, die ihn nicht in der Direktionsloge sahen, glaubten
851 605 1475 712 „USSEIVER
1826 644 3078 738 natürlich, er sei auch nicht im Theater. Sie atmeten erleichtert
625 635 1720 784 1österr. behördl. konz. Unternehmen für Zeitungs-Ausschnltte
1823 703 3098 781 auf und ließen sich endlich gehen. So „schlampert“ hatten sie noch
762 728 1619 835 Wien, I., Concordiaplatz 4.
1822 765 2348 841 an keinem Abend gespielt!
1918 761 3090 864 Man kann sich auf nichts mehr verlassen, nicht einmal auf
967 811 1412 903 Vertretungen
1824 838 3085 919 den Aberglauben. Ein weiblicher Star, dem nicht weniger als
635 832 1722 949 in Berlin, Budapest, Chicago, Christiania, Genf, Kopen¬
1824 877 3083 973 drei glückbringende Rauchfangkehrer begegnet waren, als er zur
653 896 1732 1001 nagen, London, Madrid, Mailand, Minneapolis, New-Vork,
689 945 1700 1019 Paris, Rom. San Francisco, Stockholm, St. Petersburg.
1828 927 3096 1019 Generalprobe ins Theater eilte, erklärte freudestrahlend: „Das
982 996 1414 1054 (Quellenangabe ohne Gewähr).
2535 982 3096 1052 o Eva! — das Stück fiel
1834 997 2498 1077 Stück muß Erfolg haben.“ Und
1820 1035 3094 1114 trotzdem durch! Nun schwört die Schwerenttäuschte nicht mehr
630 1052 1027 1129 Ausschnitt aus
1820 1074 3091 1161 auf die sonst so beliebte Rauchsangkehrergilde, die sonst immer
814 1078 1280 1184 Lotteastk iSes
1817 1123 3086 1219 Angenehmes in Aussicht zu stellen pflegt. Sie wird sich nächstens
954 1097 1696 1265 Hauas Wiener lournal
716 1163 805 1220 m:
1826 1177 3090 1252 mehr an die Hufeisen halten, die sie mit emsigem Fleiße sammelt.
1816 1221 3098 1301 Manchmal ist der Aberglaube aber beim Theater doch zu etwas
1829 1277 2654 1373 gut. Das beweist folgendes Geschichtchen:
766 1244 1641 1391 Theater und Kunst.
1930 1294 3101 1406 Alerander Girardi hat eine Konferenz mit einem vater¬
1826 1359 3110 1452 ländischen Dichter, der ihm eine Rolle nach Maß zu verfertigen
898 1389 1538 1489 Hinter den Kulissen.
1831 1407 3105 1502 hat und gerade zur letzten „Anprobe“ kommt. Das Stück sitzt im
1510 1430 1837 1508 Der sensationelle
1465 1456 1530 1516 —
1041 1466 1472 1524 Die Schnitzler=Woche.
1838 1461 3105 1547 ganzen und großen sehr gut, nur im dritten Akt wirft es noch
574 1454 1011 1542 (Der Ruf des Lebens.
865 1498 1827 1569 Warum das Burgtheater um seine Schnitzler=Premiere
563 1521 821 1579 Vorverkauf.
1837 1503 3109 1596 Falten. Aber der Stoff ist haltbar für eine Saison, echte
572 1526 1844 1612 kam. — Die zweite Fassung. — Die Kritik Brahms. — Die Selbstkritil
1833 1548 3108 1643 senglische Ware — denn die Grundidee ist von Dickens!
876 1577 1839 1640 * Das Publikum. — Der zufriedene Antor. — Ein auf¬
576 1596 853 1652 des Dichters.
1832 1601 3101 1676 Girardi macht seine kleinen Einwände, die sehr zutreffend sind
566 1610 1837 1673 merksamer Zuschauer. — Der Kontrollor in der Loge. — Ausgesperrt.
1204 1657 1816 1726 Wie man zu Freikarten kommt. —
1823 1653 3115 1741 und dem vaterländischen Autor auch einleuchten. „Ich mache die
619 1666 1154 1721 — Der trügerische Aberglaube.
1133 1673 1223 1717 —
1349 1693 1791 1753 Das mysteriöse Dekret.
569 1702 1290 1772 Der vorurteilslose Burgtheaterdirektor.
1837 1683 3121 1778 Geschichte heute abend fertig", sagt er. „Für morgen lade ich
576 1722 1844 1825 Du mußt es zweimal sagen! — Wer hat recht? — Ein Erfolg, auf
1822 1738 3117 1826 mich dann bei Ihnen zum Essen ein und lese Ihnen die
1004 1777 1446 1857 den man draufzahlt.)
1837 1815 2224 1902 Aenderungen vor.“
681 1807 1843 1915 Eine Schnitzler=Premiere ist immer ein Ereignis. Sogar
1945 1809 3106 1933 „Pardon“ — erwidert Girardi — „ich lade nie einen
573 1879 1853 1974 wenn es eine Premiere aus zweiter oder dritter Hand ist. Be¬
1851 1883 3116 1973 Autor vor der Premiere zum Essen ein, da bin ich sehr aber¬
576 1921 1845 2009 scheiden wie wir sind, nehmen wir auch das dankbar hin. Die
2665 1928 3117 2018 wie viel Geld ich
1849 1961 2646 2035 gläubisch! Und Sie haben keine Ahnung¬
577 1972 1846 2058 große Nummer wird vom Deutschen Volkstheater abgezogen.
1841 2012 2087 2084 da erspar.“
584 2021 1849 2095 Große Ereignisse werfen ihren Vorverkauf voraus, und weil man
1954 2001 3134 2109 Auch ein anderer Fall aus der vorigen Woche zeigt die
584 2066 1862 2149 immer von Theatermüdigkeit spricht, ist es nicht uninteressant, daß
1850 2064 3122 2167 praktische Seite des Aberglaubens. Ein Herr, der so reich ist,
580 2121 1845 2199 gleich die ersten beiden Vorstellungen schon seit voriger Woche
1854 2127 3122 2210 daß es ihm die Mittel erlauben, in die Theater Freikarten zus
589 2160 1848 2247 ausverkauft sind. Was „ausverkauft“ heißt, können eigentlich
1842 2192 3012 2257 bekommen, behauptete in Gesellschaft eines Theaterdirektors:
581 2214 1855 2307 nur Direktoren ermessen, besonders zur Zeit vor Weihnachten, wo
1958 2194 3120 2313 „Wenn ich bei einer Premiere bin, hat das Stück immers
580 2259 1851 2342 man die Leute nicht einmal mit Freikarten, sondern nur noch
1843 2260 3115 2359 Erfolg. Es ist merkwürdig, ich war noch nie bei einem
585 2336 1400 2382 mit Gewalt ins Theater schleppen muß.
2040 2343 2088 2385 7
1851 2345 2070 2426 Durchfall.“
706 2336 1847 2422 Ein neuer Schnitzler ist sonst eine Burgtheaterangelegenheit.
1949 2368 3119 2450 Der Direktor erhob sich, ging auf den Herrn zu und
592 2405 1863 2490 Aber Herr Schlenther hat eben Pech. Das Werk, das ihm der
1851 2443 2097 2519 sprach also:
595 2451 1854 2539 Dichter versprochen hat, wird einer Umarbeitung unterzogen, die
1956 2452 3139 2556 „Sie sind mein Mann. Sie bekommen zu jeder meiner
586 2500 1857 2585 noch eine Weile dauern kann. Die Sache war so lang wie der
1852 2513 2532 2613 Premieren zwei Karten zugeschickt.“
603 2553 1855 2630 „Don Karlos“ geraten; man rechnete mit einer Spieldauer von
1944 2532 3219 2652 Der abergläubische Direktor war dem „Freikartenschwindler“
597 2596 1861 2669 sieben Stunden. Das mußte man sich überlegen. Herr Schnitzler
1866 2620 3140 2698 einfach aufgesessen. Er sadte ihm seit vorigem Jahre auf seins
593 2644 1854 2731 sah das ein und zog das Stück zurück. Er wird es nun neu
587 2700 3135 2776 gestalten und man tröstet sich mit der Aussicht, daß „Der Herr glückliches Gesicht hin immer die zugesagten Premierenkarten. Biss
586 2699 3123 2823 Medardus“ in der nächsten Saison zur Aufführung kommt. Am vor vier Wochen ein Stück in seinem Theater durchfiel. Ders
588 2739 3127 2873 unglücklichsten ist darüber sicher Herr Korff, dem die Titelrolle Direktor sah durch das Guckloch, ob sein Vertrauensmann untend
603 2800 3131 2926 zufallen sollte. Ihn hätten selbst die sieben Stunden nicht sitze. Strahlend saß das Wahrzeichen da und trotzdem war der#
601 2851 3132 2973 geniert. Während aber das Burgtheater sich solchermaßen Abend unglücklich. Der Direktor stellte daraufhin sofort die Frei¬
600 2913 3132 3001 in Geduld zu fassen hat, bringt das Volkstheater sein karten ein. Auch die nächste Premiere fiel durch. Nun schriebt
602 2962 3132 3042 Schnitzler=Stück heraus. Freilich, eine richtige Uraufführung ihm der Freikartler einen Brief, worin er betonte: „Sehen Sie,
598 2990 3137 3097 ist es nicht. „Der Ruf des Lebens“ ist schon vor Jahren in lieber Direktor, seitdem ich nicht mehr in Ihr Theater gehe, fallend
594 3086 3127 3150 Berlin gespielt worden, und während der eine Teil des Stückes alle Ihre Stücke durch.“ Und nun hat der gute Mann wieder#
1871 3115 2227 3182 seine Freikarten!
608 3120 1873 3198 eine tiefe Wirkung übte, ließ der andere Teil aus. Bei der
1959 3123 3129 3218 Nicht jeder Theaterdirektor ist abergläubisch. Herr Hofrati
600 3175 1881 3245 Generalprobe spielte sich damals eine hübsche Szene ab. Direktor
1865 3185 3127 3261 Schlenther zum Beispiel macht eine Ausnahme. Im Burgtheater
605 3228 1424 3314 Brahm trat auf Schnitzler zu und sagte:
1875 3231 3137 3319 sprachen sie neulich darüber und ein besonders boshafter Mann
737 3250 1877 3348 „Lieber Doktor, ich kann Ihnen nicht verhehlen, daß Ihr
1861 3259 3164 3354 charakterisierte den Chef wie folgt: „Der Direktor glaubt nicht an
604 3306 1341 3393 Stück starke Konstruktionsfehler har!“
1873 3321 3139 3411 Rauchfangkehrer, er sammelt keine Hufeisen, er nimmt schlechte
729 3352 1871 3437 Schnitzler zuckte die Achsel „Aber, lieber Direktor, das
614 3407 3149 3480 weiß ich ja selbst schon lange, aber — vielleicht merkt es das Stücke auch am Dreizehnten an und refüsiert gute auch an einem
1869 3412 3141 3511 Freitag. Aber daß er an eine Blütezeit des Burgtheaters unter
2630 3470 3146 3554 das ist doch ein
600 3476 1065 3560 Publikum gar nicht!“
734 3493 2564 3577 Auf das Publikum war aber kein Verlaß. Es merktes seinem Regime glauben will
1880 3543 2145 3617 Aberglaube!“
606 3553 1880 3646 trotzdem, und Schnitzler erkannte mit kritischem Blick die Fehler,
1961 3556 3143 3647 Wenn sie im Burgtheater nicht gerade vom Direktor sprechen,
618 3604 1889 3675 setzte sich hin und änderte sein Werk in wesent ichen Teilen um.
1870 3628 3146 3700 unterhalten sie sich darüber, ob Frau Senders und Frau Wittels
614 3649 1879 3723 Bloß den ersten Akt ließ er ganz unberührt. Direktor Weisse griff
610 3679 3142 3783 mit beiden Händen zu. Aber die neue Fassung sollte noch vorherldas Dekret als Hofschauspielerinnen erhalten werden. Die Ge¬
621 3713 3133 3814 erprobt werden. Das Stück wanderte also nach Prag, wo es im schichte geht nämlich nicht so glatt und irgendwo ist ein Haken.“
611 3750 3133 3870 Deutschen Landestheater seine Renaissance erlebte. Nun kommt Direktor Schleuther ist jedenfalls bemüht, ihnen das Dekret durch¬
608 3798 3144 3908 Wien als dritte Station. Man hat im Deutschen Volkstheater zusetzen. Er hatte schon im Vorjahre einen Antrag bei der
623 3841 3152 3955 alle Mühe und Liebe auf die Novität verwendet, und der Intendanz gestellt, aber merkwürdigerweise kam ein ablehnender
613 3924 3151 4015 Dichter beteiligte sich mit Eifer an den Vorbereitungen. Er wird Bescheid zurück. Nun hat Herr Schlenther den Antrag wiederholt,
