3248 4352
1186 170 1230 236 1
1577 162 2048 254 box 24/4
275 175 1425 273 19. Der Ruf des Le—ns
1130 1296 1787 1382 Bayerische Staatszeitung
749 1320 1267 1408 Ausschnitt aus
1070 1361 1595 1446 9 197. München
762 1424 900 1479 vom:
2951 1413 3067 1511 —
1877 1486 3086 1545 Hauptrolle besonders nach der mimischen Seite mit bedeuten¬
909 1511 1576 1609 Der Ruf des Lebens
1878 1545 3065 1594 der Ueberzeugungskraft durch. Sie hätte jedoch im ersten Akt
1878 1594 3066 1639 das Schnippisch=Kalte, Heftige und Widerwillige ihres Spieles
867 1577 1592 1656 Schauspiel von Arthur Schnißler.
1881 1629 3062 1683 durch Abgespanntheit und Resignation ersetzen können, um
716 1647 1757 1695 Erstaufführung in den Kammerspielen am 6. September.
1879 1682 3060 1727 sympathischer zu werden. Damit sei aber nicht verkannt, daß
707 1677 1839 1745 Arthur Schnitzler hat schon gern vom Rufe des Todes
1881 1727 3066 1771 ihre Auffassung psychologisch berechtigt ist. Die Künstlerin
640 1732 1830 1786 erzählt, z. B. in den „Dammerseelen“. Von jener unklar ver¬
1884 1765 3066 1816 schien stimmlich leicht indisponiert, da ihr Forte im ersten
642 1777 1839 1833 nommenen, jedoch sicheren Stimme, die aus dem dunkeln Hause
1875 1812 3067 1862 Akt unangenehm heiser klang. Philipp Manning gab den
638 1827 1835 1876 der Moiren ins helle Dasein hereintönt. Wenn nun im vor¬
1873 1844 3079 1898 alten Moser zu warm, zu menschlich ansprechend, zu gefuhlvoll,
639 1858 1834 1919 liegenden Drama der Ruf des Lebens und mit ihm der Ruf
1875 1880 3066 1944 besonders in der leidenschaftlichen Erzählung seiner Flucht vor
634 1910 1841 1960 nach lockendem, bejahendem Leben zur Idee geworden ist, so
1882 1930 3063 1991 dem Feind. Er hätte tückischer, kälter und widerlicher sein
639 1955 1839 2004 bleibt uns der erstgenannte darum nicht unhörbar, im Gegen¬
1874 1974 3062 2036 dürfen. Auch hätte man ihn um eine Schattierung rüstiger,
629 1995 1835 2048 teil, das Klopfen der unabwendbaren knöchernen Hand an die
1883 2028 3071 2073 weniger röchelnd, vertragen. Ernst Stahl=Nachbaur
633 2028 1849 2094 Türe des Sonnenreichs klingt stärker als das Pulsen des Leben
1878 2069 3073 2129 zeichnete sich in seiner Rolle als Forstadjunkt durch vorzügliches
634 2076 1838 2122 verlangenden Blutes. — Im Vordergrund der Handlung steht
1887 2114 3073 2160 Sprechen aus. Im Spiel war er etwas steif. Paul Marx erin¬
640 2123 1837 2187 ein junges Mädchen, das sich seines Vaters durch Gift ent¬
1890 2169 3075 2212 nerte als Arzt durch sein abgeklärtes und mildes Wesen an
640 2160 1833 2216 ledigt, weil es in leidenschaftlicher Stunde den „Ruf des Le¬
1895 2192 3068 2253 einen Philosophen oder Theologen, was aber mit dem Wesen
849 2216 1833 2262 der Liebe, unwiderstehlich stark zu hören bekam.
640 2218 771 2274 beus“
1883 2242 3070 2293 seiner Rolle gut im Einklang stand. Auch seine nasale Sprech¬
639 2257 1832 2308 Sie ist in unbändiger Liebesglut für einen jungen Offizier ent¬
1878 2282 3072 2338 weise störte mit ihrer körperlosen, durchgeistigten Färbung
628 2292 1838 2355 brannt und hat durch diesen plötzlich und elementar ausbrechen¬
1880 2331 3065 2381 nicht. Max Oswald und Franz Wahl trafen die schwie¬
636 2347 1838 2397 den Sinnestrieb nicht nur ihr eigenes ruhiges Zukunftsglück
1882 2371 3063 2423 rige Harmonie zwischen militärischer Knappheit und Bühnen¬
637 2383 1832 2450 zerstört, sondern auch über andere Personen des Dramas Ver¬
1881 2397 3080 2460 kunst in ihren Rollen als Leutnants glücklich. Erich Ziegel
1065 2433 1835 2483 unabhängig von den persönlichen Schick¬
638 2433 949 2491 derben gebrütht.
1880 2437 3080 2507 legte als Oberst mehr Gewicht auf vorzügliche Persönlichkeits¬
645 2470 1835 2527 salen dieses Mädchens ist der Hauptinhalt des Stückes der, daß
1882 2492 3078 2552 darstellung. Für einen Offizier sprach er etwas zu singend und
637 2513 1839 2577 und wie sie den „Ruf des Lebens“ verstehen und deuten lernt,
1878 2537 3075 2598 zu wenig nivelliert. Jenny Spielmann vermittelte als
637 2554 1851 2608 daß sie in einer kurzen Frist von Stunden „erfährt, was andere
1886 2576 3071 2648 Katharina eine Erscheinung von ungemeinem Liebreiz und war)
645 2610 1542 2662 Frauen nicht in tausend Tagen und Nächten“.
1879 2617 3063 2692 in ihrem rührenden Spiel vollendet. Emilie Unda bewährtef
728 2643 1831 2718 Jene düstre Färbung, die ihre Schatten zuweilen auf
1889 2670 3063 2737 sich in ihrer kurzen Rolle der leidenschaftlichen jungen Obersts
632 2688 1838 2749 Schnitzlers Lebensanschauung wirft, hat das vorliegende Werk
2809 2713 3060 2769 =Greven
1871 2719 2698 2781 gattin temperamentvoll und gut. Auguste P
643 2736 1845 2783 ganz durchdrungen und lodert als unheimliche Folie in Form
1882 2764 3055 2815 berg hätte als Tante aus der Grünau den norddeutschen Au
641 2785 1846 2850 der Erzählung vom blauen Kürassiekregiment hervor. Das
1882 2804 3072 2860 klang in der Sprache vermeiden dürfen. — Die beiden ersten
640 2819 1841 2869 Stück ist sowohl Charakterdrama als auch in Uebereinstim¬
1886 2840 3075 2900 Akte wurden mit spontanem starkem Beifall, der dritte kühler
645 2867 1842 2926 mung mit seinem Titel eine Schicksalstragödie. Und über
1878 2884 3073 2941 aufgenommen, jedech wurde der Dichter wiederholt gerufes.
646 2912 1842 2974 beides hinaus ein didaktisches Drama, grüblerisch und konse¬
2916 2929 3051 3006 12
650 2945 1856 3014 quent, feinsinnig — einer der „echtesten Schnitzler“, aber nicht
647 3008 1059 3069 sehr bühnenwirksam.
743 3030 1854 3101 Erich Ziegel führte die Regie. Es wäre vielleicht
645 3086 1847 3143 vorteilhaft für die Bühnenwirkung gewesen, die Dialoge aufs
640 3142 1846 3186 notwendigste zusammenzustreichen. Denn im Theater, wo man
647 3177 1850 3237 mehr erleben als hören will, gehen ihre Feinheiten großenteils
649 3204 1854 3281 verloren und der Zuschauer wird ungeduldig. Das Getriebe
646 3256 1855 3331 auf der Straße, Pferdegetrappel, Kommandorufe, Signale und
648 3311 1841 3362 Trommelwirbel hätten als tonale Folie stärker herangezogen
649 3345 1847 3405 werden können. Auch der Gegensatz in den Kundgebungen
650 3393 1840 3452 der Menge beim Ausmarsch der verschiedenen Truppen kam
654 3445 1846 3492 nur wenig merkbar zur Geltung. Wir glauben, man dürfe
654 3473 1850 3526 in der an sich gewiß vornehmen Zurückdämmung der Aeußer¬
653 3519 1851 3600 lichkeiten nicht zu weit gehen. Mirjam Horwitz führte die
