3484 4064
1536 17 2069 111 box 24/3
303 19 1459 125 19. Der Ruf des Lebens
1084 702 1570 880 X—. L.
1648 726 2058 909 J. OerCen.
825 864 2140 963 ## #########4*  .
879 950 2073 1000 --B--G--L--A--B--L-L--A--A--A--A--A-------
2041 1083 2157 1191 6
1057 1083 1903 1201 Theater.
1959 1174 2135 1272 Sau
899 1214 999 1284 1—
873 1268 2075 1317 ZB--G--B--0--B--L--G----J----
815 1293 2148 1381 TIN TNITNT TI TNI TITI NI NINTTNTNTN NITN ARNTN
937 1509 2158 1611 „Der Ruf des Lebens“, Schauspiel von Artur Schnitzler.
812 1594 1470 1674 Im Deutschen Volkstheater.
931 1617 2160 1715 Vor dreißig Jahren saß der alte Moser auf seinem Gaul, am Fuße
810 1690 2148 1756 eines Hügels, hinter dem ein unsichtbarer Feind ein höllisches Konzert un¬
811 1734 2164 1810 terhielt. Seit vier Uhr morgens saß er da, der Rittmeister vor seiner
822 1781 2155 1858 Schwadron, es war die dritte der blauen Kürassiere. Front gegen den Feind.
822 1844 2164 1911 Das war sein Verderben. Denn wäre er umgekehrt gestanden, so wäre er
824 1881 2171 1954 als Held mit entsprechendem Kendukt (siehe Dienstreglement) aus dem Leben
829 1931 2158 2020 gegangen. Damals wartete er Stunden und Ewigkeiten. Das Warten er¬
825 1980 2175 2068 zeugt Langweile, diese macht hungrig, andauerndes, zweckloses Hungern
831 2031 2165 2113 macht nervös und aus begreiflicher Nervosität reißt Rittmeister Moser plötz¬
835 2078 2176 2148 lich sein Roß herum und reitet heimwärts. Flucht. Panik, verlorene Schlacht!
826 2140 2172 2211 Wäre er verkehrt gestanden, so hätte er wohl auch das Pferd herumgerissen,
835 2178 2180 2256 wäre aber als Held nach „vorn“ durchgegangen. Da hätten wir aber den
829 2236 1489 2300 „Ruf des Lebens“ nicht vernommen.
956 2281 2184 2340 Als es für uns einsetzt, ist Moser alt und krank und deshalb, so nehmen
834 2323 2164 2390 wir an, böse und tyrannisch. Einmal in einem langen Jahr hat er seine sechs¬
827 2381 2182 2463 undzwanzigjährige Tochter Marie für einen Abend freigegeben, sonst keitet
843 2423 2180 2503 er sie mit dem krassen Egoismus des hilflosen Alters an seinen Kranken¬
837 2474 2177 2553 fessel. Damals, an jenem einen Tag, ist Marie die Nacht durch im hell¬
834 2520 2181 2603 erleuchteten Saale dem Reiteroffizier Max tanzend im Arm gelegen, und das
831 2591 2183 2650 kann sie nicht vergessen. Genan so ist es dem Bäschen Katharina ergangen.
843 2621 2179 2691 Und heute hört man durch die Feuster der Krankenstube den klappernden
833 2667 2186 2747 Hufschlag der Schwadronen, die — in den sichern Tod ziehn. Es sind die
841 2715 2179 2785 blauen Kürassiere wieder, die einer Bitte ihres Obersten zufolge sich opfern
833 2772 2195 2837 dürfen, opfern bis zum letzten Mann für Kaiser und Vaterland — um
832 2828 1626 2906 die Schmach von anno dazumal zu sühnen.
966 2861 2184 2944 Und bei einem dieser Totgeweihten, dem Leutnant Albrecht, war Ka¬
849 2914 2195 2997 tharina. Auch sie ist dem Grabe nicht fern, denn schon blühen an ihren
842 2975 2198 3039 Schläfen die hektischen Rosen. Laut preist sie der aufhorchenden Marie den
851 3009 2196 3095 Ruf des Lebens und teilt ihr mit, daß „ihr“ Max unter dunklen Reden, wie:
846 3078 2194 3156 „sie hätte doch kommen sollen, da wäre manches anders“, nach ihr begehre.
844 3113 2183 3193 Flugs dem Vater den „Schlaf für hundert Nächte“, den ihr ein merkwür¬
842 3162 2193 3246 diger Arzt gegeben, eingeträufelt und fort zur Kaserne, stolpernd über des
840 3239 1152 3309 Vaters Leiche.
1482 3327 1586 3411 29
2266 807 2518 986 %%
