3436 4352
1559 267 2021 367 box 24/3
258 261 1412 378 19. Der Ruf des Lebens
427 1273 1590 1316 und tiefer in die Seele klingen wird als aus jenem anderen
422 1314 1602 1375 an dem Sie Dinge erlebt haben, die so furchtbare und glühende
431 1363 1613 1421 Namen tragen wie Mord und Liebe.“ Da beugt die Trauernde
422 1404 1606 1475 sdas Haupt und von ihren Lippen kommt schwach, als erste!
426 1454 1589 1524 Rezung einer neuen Bekehrung zum Leben, ein kleiner Satz:
428 1507 1584 1561 „Sie sind so gut.“ Niemals hat Schnitzler so leise, so weise und
1588 1493 2748 1576 haft mehr als irgend ein anderer umgeier Mann;
430 1544 1586 1614 sso leiderfahren gepredigt. In der Sanftmut dieses Arztes
2782 1437 3362 1649 Immer weiter.
1590 1565 2748 1622 dazu beigetragen hat, in Großbritannien die Ideen
431 1594 1572 1661 und Lebensverkünders liegt Religion. Die Religion eines dank¬
1591 1605 2747 1680 des Sozialismus zu verbreiten. Es ist daher im Inter¬
435 1648 1586 1720 bar Lebenden, eines mit der ganzen Welt Verbundenen, der
1596 1659 1688 1721 esse
1689 1661 2739 1725 unserer Sache notwendig, einmal auf diese
2838 1650 3356 1738 Die Sitzung, die Mitt#
423 1690 1314 1765 innerlich singt: Alles Sein ist schon Erlebnis!
1595 1698 2734 1764 seltsame Verquickung sozialistischer und chauvinistischer
2730 1716 3351 1788 mittags begonnen hat, dauer
1596 1758 2720 1814 Ideen einzugehen und vor auen Dingen das wahre
2730 1764 3356 1835 nacht fort, und sie wird wol
539 1774 1579 1854 Diese musikalische Dichtung vor ein paar Jahren in
1593 1799 2729 1859 Verhältnis Blatchfords zur sozialistischen Bewegung
2736 1814 3358 1874 werden. Im ganzen und ar#
432 1814 1585 1900 Berlin ausgezischt worden. Das gehört zu den Sinnlosigkeiten
1586 1853 2044 1923 Englands darzutun.
2739 1860 3350 1927 liga die Strapazen dieser Ta
435 1883 1590 1943 des bourgeoisen Theaters von heute, in dem so leicht die
1696 1873 2729 1952 Es kann nicht deutlich genug hervorgehoben
2733 1907 3350 1970 nicht schlimm; das Haus ist,
426 1933 1581 1993 frechsten Lümmel entscheidend stimmen. Wir Wiener haben am
1588 1946 2722 2002 werden, daß Blatchfords Chauvinismus in den Reihen
2741 1950 3340 2025 des Sitzungssaales, der im
440 1989 1581 2046 Samstag besser gehört und die Besten der Zuhörerschaft, die
1587 1989 2728 2046 der englischen Genossen außer bei einer Handvoll
2731 2001 3345 2064 aufweist, gut besucht, die Ab
437 2030 1583 2103 diesen Lebenspfalm des Dichters mitgefühlt haben, können
1590 2041 2726 2096 persönlicher Freunde keinen Widerhall findet. Blatch¬
2737 2053 3347 2117 in allen Räumen geht es sehr
428 2069 1374 2155 nun an Arthur Schnitzler nicht mehr irre werden!
1589 2082 2726 2140 ford ist ein abseits jeder Parteikontrolle stehender
2740 2100 3347 2156 auf den Galerien, die heute
1602 2131 2726 2193 Schriftsteller. Sein Einfluß, der früher sehr groß war,
2737 2150 3339 2198 mußten. Erst die zweite, dan
1604 2179 2731 2231 ist seit der Zeit des Burenkrieges ständig gesunken.
537 2154 1589 2245 Ein Wort noch über die Aufführung. Sehr gut war die
2737 2197 3337 2263 die zweite, kurz danach, nach
1598 2225 2730 2293 Damals schon brachte er die Partei durch seine
430 2203 1584 2290 Bühne hergerichtet. Das System des bunten Ausschnitts, der
2747 2237 3347 2309 Es ist natürlich gar nich
1599 2275 2731 2330 chauvinistischen Aeußerungen in eine nicht geringe
432 2284 1588 2337 durch ein großes Mittelfenster hereinwinkt, bewährte im ersten
2731 2276 3349 2358 den verbrecherischen Wahn
1602 2326 2731 2379 Verlegenheit. Was aber sein Ansehen bei den
431 2321 1582 2381 und im zweiten Akt seine suggestive Macht. In der Eile
2739 2325 3310 2407 auch den Galeriebesuchern
1591 2361 2728 2423 englischen Sozialisten mehr als alles andere unter¬
434 2386 1594 2437 des Nachtreferats, das ja immer etwas groblinig ausfällt,
2741 2373 3338 2449 trotzdem ist es, wie wir
1594 2413 2724 2470 grub, war seine Stellung zu dem Flottenrummel im
441 2417 1585 2471 habe ich Herrn Kutschera zu erwähnen vergessen, der
2746 2422 3340 2494 nicht wünschenswert, daß
1600 2460 2727 2520 Anfang des Jahres. Blatchsord stellte sich offen auf
442 2464 1590 2534 den Arzt mit einer am alten Burgtheater geschulten Milde
2740 2474 3335 2545 genannte Verhandlung mit
1597 2507 2736 2565 die Seite der Chauvinisten und merkte augenscheinlich
426 2517 1577 2579 gab. Fräulein Müller hatte ganz überraschende Töne,
2727 2520 3338 2587 es kommen diese nur de
1595 2566 3336 2622 gar nicht, wie er von den konservativen Drahtziehern, denen sie die erwünschte
440 2574 1576 2624 seine Phantastik, die man ihr gar nicht zugetraut hätte,
1590 2603 2748 2659 die dieses Angstmanöver inszeuiert hatten, um die.
442 2610 1589 2675 lund die durch ihren ungewöhnlichen Takt angenehm beherrscht
2737 2620 3353 2683 und Entrüstungsposen gebes
2256 2642 2738 2712 einige Freunde der
1598 2649 2258 2712 liberale Regierung, die ja
433 2655 1582 2716 war. Wie schön Fräulein Hannemann Jungfräulichkeit,
2743 2669 3357 2722 Verhandlung zwei Dringlich
1601 2701 2718 2759 Rüstungsbeschränkung als Mitglieder zählt, in Miß¬
439 2704 1591 2771 Herbheit, Stolz, Trauer, alle Zustände der Verhaltenheit dar¬
2742 2716 3352 2773 zwei weitere stehen „in Verl
1597 2744 2726 2808 kredit zu bringen, zum besten gehalten wurde. Das
442 2747 1593 2804 sstellt, weiß man. Eine leichte Neigung zum tragischen Schreien
2747 2767 3346 2825 wurde im Hause der Dringli
1602 2794 2724 2855 Resultat seiner patriotischen Ausschweifungen war,
433 2803 1584 2859 müßte der Regisseur korrigieren; im besonderen die Trauernde
2741 2806 3345 2877 den Südslaven auch die tschech
1591 2831 2730 2888 daß die Genossen zu Tausenden von ihm abfielen.
434 2847 1587 2900 des dritten Aktes, die das Leben hinter sich zu haben vermeint,
2742 2853 3351 2923 haben und der auf die r#
1593 2869 2730 2949 Damals hieß es in Parteikreisen, daß Blatchfords
439 2888 1585 2958 darf nicht mehr schreien. Je weltferner und jenseitiger diese
2743 2898 3333 2963 Obstruktion ausgeht. Wie
1602 2926 2733 2989 Blatt „The Clarion“ in jenen Wochen 70.000
427 2942 1586 2988 Szenen gespielt werden, desto tiefer wirken sie! Den Offizier gab
2746 2939 3344 3029 steckt, ist vorläufig nicht abzu
1591 2974 2735 3049 Abonnenten verloren habe. Mag nun die Zahl
438 2984 1591 3059 Herr Kramer sehr liebenswürdig, aber doch nicht soldatisch,
1598 3032 2735 3085 stimmen oder nicht, jedenfalls wurde von der
434 3043 1592 3096 icht stramm genug. Herrn Kramer fällt, nicht nur äußerlich,
3074 3052 3342 3132 Der Schich
1604 3061 2728 3129 Redaktion des „Clarion“ ein gewaltiger Rückgang
447 3082 1593 3141 immer eine allzu kokette Locke in die Stirn. Den quälerischen
2846 3094 3344 3186 Im Sozialdemokratisch
1589 3119 2742 3184 des Leserkreises zugegeben. Augenblicklich pfeift der
434 3129 1590 3191 Vater zeichnete Herr Homma sehr behutsam, damit er nicht
2740 3164 3339 3229 über die Neuaufteilung der
1606 3165 2302 3240 „Clarion“ auf dem letzten Loche.
435 3174 1590 3234 gar zu unausstehlich werde. Aber wenn er noch bissiger und
1699 3206 2730 3262 Man täte Blatchsord Unrecht, wenn man seine
2846 3219 3332 3277 In zwei Schichten zu
448 3236 1594 3293 giftiger ausgefallen wäre, dann hätte man ihm den gründlichen
1407 3280 3358 3348 st. gr. chauvinistischen Ausbrüche anderen als durchaus präsident Pernerstorfer und
443 3281 1036 3354 Schlaftrunk noch eher gegönnt.
