3436 4352
1575 332 2059 429 box 24/5
1104 344 1246 411 Let
891 353 1077 414 des
281 351 1430 451 19. Der KiT
1245 691 1884 906 nald -Cune
951 715 1067 906 7
2111 756 2363 949 %
1299 915 1555 979 2 + = *
1049 930 1126 1025 1
1097 1063 2371 1193 The Theaters —By Percy Hammond
1830 1237 2321 1325 Eva Le Gallienne
1028 1243 1740 1318 Schnitzler’s“ The Call of Life“
1063 1294 1675 1377 at the Actors’ Theater in
1133 1350 1608 1431 Thirty-ninth Street
1053 1431 1728 1502 The Call of Life.“ a play by Arthur
1006 1493 1730 1541 Schnitzler, translated by Miss Dorothy
1017 1521 1727 1552 Donnelly and presented by the Actors“
1018 1544 1720 1585 Theater at the Thirty-ninth Street The¬
1006 1573 1722 1629 ater, with the following cast of ynaractern:
1009 1600 1731 1650 Moser Egon Brecher
1920 1608 2047 1681 W
1018 1637 1727 1669 Marle Evs La Galllenz#
1017 1666 1727 1699 Edward Rainer Douglass R. Dumbrille
1015 1690 1722 1727 Doctor Schindler Thomas Chalmers
1508 1713 1731 1755 Allee John
1011 1719 1438 1763 Mrs. Toni Richter
1007 1726 1717 1774 Catherine Katherine Alexander
1003 1772 1719 1815 Max Derek Glynne
1006 1793 1731 1842 Sebastian Leete Stone
1001 1819 1727 1855 The Colonel Hermann Lieb
1014 1849 1732 1896 Albert Stanley Kalkhurst
1009 1875 1727 1920 Trene Rosalind Fuller
1034 1901 1730 1942 Synopels—Act I, the Mosers’ apartment,
1010 1941 1721 1977 evening: Act II, at the officers’ quartera.
1003 1960 1742 2018 the same night; Act III, Mrs. Richter'a
1005 1991 1617 2023 home in the country, a'month later.
1056 1983 1745 2067 The action of the play ie laid in and
1015 2024 1397 2097 near Vienna in 1850.
1090 2096 1736 2162 R. SCHNITZLER was suffering
1001 2110 1739 2217 IVI grom damp spirits when, twenty
998 2195 1734 2255 years ago, he wrote“ The Call of Life,“
1004 2228 1755 2289 a depressing threnody revived last
995 2283 1749 2345 night in Thirty-ninth Street by the
1015 2325 1739 2378 Actors' Theater. He was evidently of
1016 2368 1745 2429 the impression that “who breathes
1012 2382 1772 2473 must suffer; who acts must mourn,“
1010 2445 1721 2516 and that life, as Mr. Cohan also once
1727 2456 1805 2530 2
997 2488 1726 2545 figured it out, is a funny proposition
1762 2535 2412 2594 Who appegred last night in.“The
1003 2533 1724 2590 after all. The remedies, if any, for
1011 2575 1723 2633 this state of affairs were not pre¬
1788 2578 2383 2642 Call of Life,' as the Comedy
1016 2616 1730 2671 seribed, so far as I could tell; but
1006 2661 1715 2725 there was much in the play’s clouded
1727 2668 2460 2740 rine Alexander) had similarly answered
1011 2702 1713 2757 philosophy that was incomprehensible
1736 2721 2456 2787 life's summons as uttered by Albert,
1017 2746 1713 2804 to any but the most astute drama¬
1732 2765 2460 2818 another of sex'n good-looking heralds.
1012 2782 1171 2842 lovers.
1721 2798 2460 2855 That lady is the last act also died,
1730 2844 2448 2903 after a long display of symptoms remi¬
1035 2838 1723 2923 If the fable of" The Call of Life“ be
1739 2889 2455 2937 niscent of those which marked the sad
1013 2907 1721 2955 reported as follows in simple terms
1742 2928 2252 2994 Ophelia’s last loony hours.
1008 2947 1722 3008 vou may understand and interpret it
1017 2981 1735 3047 for yourself. Marie Moser (Miss Eva
1754 2983 2475 3063 The performance was obviously
1016 3032 1721 3090 Le Gallienne), living near Vienna in
1731 3036 2470 3105 make-believe, a thing of entrances and
1012 3076 1720 3128 1850, the alavs of her selflsh old father,
1735 3087 2465 3135 exits, postures and written speeches
1003 3116 1723 3164 poisoned hin, to death. As he crumpled
1730 3129 2454 3189 learned by heart and pronounced by
1009 3160 1720 3220 upon the flcor she rushed away to the
1735 3170 2458 3237 persons of the theater. The, soldiers'
1009 3208 1717 3262 quarters of Max, a handsome Austrian
1744 3214 2454 3274 uniforms were as stiff and toy-like as
1019 3248 1717 3303 lieutenant. But the young wife of the
1740 3256 2470 3319 those of the Chauve-Souris, and the#
1011 3284 1723 3345 Colonel had likewise hearkened to pas¬
1739 3304 2455 3357 mountain background of the last act
1006 3325 1718 3380 zion’s reveille und was beseeching the
1741 3335 2474 3391 was a thin and wabbly outline, reeking
1012 3376 1717 3433 tall soldier to flee with her from inhi¬
1734 3379 2458 3425 of the Bergman studios. Miss Le Gal¬
1008 3413 1712 3473 bitions. It was the eve of battle, and
1739 3420 2458 3485 lienne, as Marie Moser, the principal
1013 3456 1725 3512 the Blue Cvirassiers, of which theilieu¬
1732 3448 2451 3521 character, seemed more spectral than
1015 3498 1722 3560 tenant wal, a member, had sworn to
1743 3507 2446 3569 usual, being pale and wraith-like in
1022 3546 1724 3588 efface by their valor the regimental
1738 3559 2444 3611 appearance and unearthly in deport¬
1018 3584 1724 3632 odium. Thirty years before the Bluc
1743 3584 2452 3663 ment. A bit cudaverous, but always
1024 3633 1715 3683 Cuirassiers, led by Marie’s father, had
1735 3635 1984 3704 interesting.
1011 3667 1724 3721 retreated ingloriously from a field of
1756 3685 2473 3768 Miss Alexander played her mysterl¬
1023 3713 1180 3777 honor.
1723 3750 2466 3820 ous cousin mysteriously, and did the
1741 3791 2462 3846 best she could with a hard job. I
1058 3779 1724 3849 As Marie, hidden behind a curtain,
1032 3842 1732 3890 witnessed the encounter between her
1731 3832 2468 3897 liked the spectacular soldier boys, Mr.
1746 3876 2462 3926 Derek Glyane and Mr. Stanley Kalk¬
1027 3879 1721 3932 lieutenant and the colonel'’s wife, the
1746 3919 2460 3970 hurst, but ihe performances 1 thought
1029 3920 1728 3974 colonel (Mr. Hermann Lieb) broke
1745 3960 2455 4011 best were those of Mr. Lieb, as the
1026 3962 1719 4019 through a window and shot his erring
1747 4001 2460 4052 sinister (and romantic colonel, and of
1022 4008 1724 4052 spouse through the heart. During the
1747 4051 2448 4100 Mr. Egon Brecher, as old Moser, the
1024 4044 1720 4104 following intermission, it seems, Marie
1741 4084 2444 4134 mean exteu raissier. Miss Dorothy Don
1030 4088 1717 4148 gave herself to the warrior, who com¬
1734 4121 2456 4180 nelly translated the play and made of
1022 4125 1733 4177 mitted suieide immediately thereafter.
1094 4189 2205 4242 ntime, Marie's cousin (Miss Kathe- it at least altranslation.
