3436 4384
302 246 1475 345 19. Der Ruf des Lebens
1616 242 2086 351 box 24/2
885 467 1494 571 Der Ruf des Todes.
1757 496 3002 572 Tode der Sühnopfer für jene Schuld, auch ihrer Heldentat
1773 536 2990 617 und formt und gießt sie um und spielt mit ihr, weil bereits
1117 540 1266 621 Von
566 502 784 652 at
1775 583 2988 665 die Sonne eines anderen Tages scheint. Der Todesschrei
1057 599 1325 683 H. Leoster.
1778 629 2989 693 von Helden ist kaum verklungen und schon fragt einer, ob
658 664 1782 751 In den „Kindern der Sonne“ sagt Gorki einmal, die
1772 685 2989 747 es nicht betrunkene Narren waren. Dafür mag die Sonne
562 704 1776 790 Furcht vor dem Tode hindere die Menschen, kühn, schön
1771 707 2986 786 aus den Gräbern witzloser Feiglinge langgrünenden Lorbeer
1780 761 2230 829 emporzaubern..
563 749 1767 828 und frei zu sein. Das ist eines von den Worten, die wie
561 803 1778 869 ein Erlebnis wirken, die sich in uns eingraben und uns
1846 806 2982 893 Aus den Voraussetzungen für die Komödie des Weiter¬
570 836 1778 916 zwingen, unser Leben nach ihrer Formel zu revidieren.
1770 848 2976 935 lebens nach der Stunde, in der sich Leben und Tod um¬
561 889 1771 955 Aber deshalb muß solch ein Wort noch keine Wahrheit ent¬
1779 904 2980 979 armen, hat Schnitzler ein bis zur Schlußszene des zweiten
564 927 1778 992 halten. Und ein Wort, das die Weisheit des Gegenteils
1782 942 2985 1034 Aktes fast einwandfreies dramatisches Fragment geschaffen.
556 961 1770 1047 lehrt, könnte ebenso viele gleichgestimmte Saiten in uns
1779 987 2987 1070 Die kunstvolle Konstruktion des Einzelfalles, die in früheren
555 1012 1776 1102 mittönen lassen. Wie sind die Menschen, wenn sie wissen,
1767 1029 2984 1111 Stücken seinem Beispiel die beste Kraft gefährdete, weil sie
557 1060 1774 1138 daß sie kurz vor dem Tode stehen? daß sie nach drei Jahren,
1766 1071 2990 1160 zu artistisch wirkte, wird diesmal zu Gewinn. Wundervoll
553 1120 1770 1183 nach einem Jahr, nach einer Woche, nach einem Tag, nach
1765 1123 2983 1198 sind die Fäden zum neubelebten Schicksalsgedanken ver¬
563 1160 1771 1224 einer Stunde sterben werden? Das ist das Lieblingsthema
1774 1169 2967 1229 woben. Mariens Vater hat die Schuld auf sich ge¬
556 1204 1766 1265 Arthur Schnitzlers. Episch und dramatisch, in Prosa und in
1769 1207 2989 1278 laden, um die nun so viel junges Blut sühnend
559 1232 1767 1311 Versen hat er seinen Geschöpfen schon alle Fristen gestellt,
1772 1248 2975 1328 sich selbst hingießt. Wie ein Stärkeres, das vorher garnicht
558 1284 1763 1355 sie in wallenden Prunk=Gewändern, in knappen farbigen
1770 1294 2989 1380 in ihm selbst gelebt hat, überfiel es ihn damals; auch ihn
550 1329 1764 1403 Uniformen und in grauen Alltagskleidern den Ruf des Todes
1771 1342 2986 1417 rief plötzlich das Leben; leben wollte er, Weib und Kind
555 1372 1753 1443 hören lassen, um ihnen den Schrei des Lebens zu entlocken;
1759 1375 2967 1475 haben. Da floh er vor der Schlacht. Und das Weib ver¬
548 1414 1771 1491 hat ihr tropfenweise versickerndes Blut in blumenbekränzten
1763 1427 2975 1492 achtet ihn, das Kind quält er, noch immer am Leben klebend,
555 1450 2985 1499 Schalen aufgefangen und den Sauerstoff eines ganzen und sie duldet es, bis ein Leutnant von den blauen
540 1496 2979 1551 Lebens in ihre letzten Atemzüge gepreßt. Aber nur Kürassieren, gerade da sie ausziehen, um das zu sühnen,
545 1538 2963 1638 eine, eine einzige hat er bisher um das Ende dem Marie ihr Leben verdankt, sie unwiderstehlich an sich
541 1579 1758 1663 betrogen: Marie Moser, die Heldin seines letzten
1766 1601 2971 1680 lockt. Weil der Alte zwischen Marie und ihrem von ihm selbst
544 1645 1759 1704 Schauspiels „Der Ruf des Lebens“. Sie läßt er das Leben
1760 1646 2959 1722 ausgehenden Schicksal steht, muß er fort, und er, der sich
542 1678 1756 1745 in letzten Stunden der anderen vom Abgrund der Vernich¬
1765 1690 2973 1782 hämisch freute, daß er die Jungen überleben werde, stirbt
547 1718 2963 1814 tung pflücken und dann weiterleben. Als sie glaubte, daß als erster von den blauen Kürassieren den Sühnetod für
549 1772 1761 1840 ihr der Ruf des Lebens unwiderstehlich erschalle, da rief sie
1757 1783 2960 1858 alte und neue Schuld. Und weil Marie erst über seine
535 1815 1749 1875 in Wahrheit der Tod und lockte sie, das Leben im Feuer¬
1760 1821 2973 1916 Leiche zu ihrem Schicksal konnte, kommt sie zu spät. Darum
537 1855 1760 1924 werk einer Nacht erglänzen und dahinrauschen zu lassen.
1758 1871 2974 1937 muß die Frau des Obersten vor ihren Augen sterben, darum
539 1901 1772 1976 Und obgleich sie das Schärfen seiner Sense für die Fanfare
1755 1909 2972 1984 ist Max nicht mehr der Soldatentod vergönnt. So „fallen
543 1940 1763 2016 des Lebens hielt, war sie bereit, den Anfang an das Ende
1758 1956 2972 2034 Schicksale über die Menschen wie Räuber her“ und ganz
532 1990 1755 2062 zu knüpfen. Sie verscherzte das Leben vor sich und der Welt,
1757 1998 2959 2079 wie in der antiken Tragödie wird die Schuld des Ahnherrn
535 2039 1758 2108 als sie es mit gierigen Armen an sich zu pressen versuchte,
1748 2043 2959 2135 zum Schicksal für ein Geschlecht und alle, die dessen Weg kreuzen.
540 2070 1754 2156 und die eigene Todesentschlossenheit war es, die ihre Pulse
1760 2092 2951 2164 Das Leben wertet achtlos und spielerisch Schuld und
538 2121 2953 2213 fliegen ließ und dem Vater den Todestrank kredenzte, weil Verdienste um, aber es kann das mechanische Fortwirken
536 2169 2957 2217 sein Lebenshunger sie an der Sättigung hinderte. Dann eines Geschehnisses nicht aufhalten, das blind Taten und
533 2215 2963 2286 gab ihr das Leben an der Schwelle des Todes eine Parade= Ereignisse zeugt, gute und böse, gleichgültig, ob Schuld oder
542 2270 1747 2329 vorstellung mit den protzartigsten Knalleffekten, die es auf
1749 2259 2419 2344 Verdienst am Eingang standen.
523 2302 1750 2376 Lager hatt den Mord am Vater, die fieberische Jagd zum
1817 2313 2959 2402 Prächtig gelingt es Schnitzler, den ewigen Sieg der
526 2343 1738 2422 Geliebten, das Betrogensein vor dem Geliebtwerden, das
1754 2343 2947 2427 Alltäglichkeiten des Lebens über die Gewalt des Todes¬
534 2388 1752 2469 Zittern für den Mann, den Anblick fremden Sterbens, die
1744 2412 2962 2496 gedankens auch in den Nebenfiguren plastisch werden zu
529 2428 2948 2486 Angst verschmäht zu werden, die Schauer der Erfüllung, lassen. Wie z. B. „die Tante Richter“ im ersten Akte
528 2478 1751 2548 die Raserei einer Liebesnacht und die Schmach des
1746 2495 2964 2570 Marie erzählt, daß sie nun auch ihre letzte Tochter sterben
534 2533 2957 2626 Morgens, den Schmerz des Verlustes und den Gang sehen müsse und dabei in demselben Atemholen die Wolle
537 2568 1471 2626 zur Sühne des Lebens — wahrhaftig,
1460 2587 2960 2678 sie hat ihr lobt, die sie beim „türkischen Sultan“ zum Kissen für den
535 2611 2947 2707 Eintrittsgeld nicht umsonst bezahlt! Und noch mehr: Diwan, wo sie im Sommer immer den Kaffee trinken, ge¬
534 2647 2950 2756 Was sie für das vollendete Drama nahm, war nur eine kauft hat, — das präludiert der Weisheit letzten Schluß im
524 2703 1741 2768 Art Vorspiel, eine Katastrophe am Beginn — das Stück
1732 2705 2946 2787 Abgesang dieses Dramas meisterhaft. Die Steigerung in
522 2739 1751 2808 war im Aufbau verfehlt. Aber auch solche Stücke werden
1740 2759 2942 2830 der Motivierung des Vatermordes ist überzeugend, nur
531 2792 2944 2887 zu Ende gespielt. Und sie ertappte sich dabei, daß sie scheint mir die Retardierung nach dem Eingießen des
532 2840 2588 2912 sogar mit der Zeit wieder einiges Interesse daran fand, daß Giftes — nach dem Entschluß also
2684 2863 2947 2922 durch die
533 2870 1997 2935 sie an mancher Situation, an manchem Wort Gefallen fand, etwas zu
1986 2893 2949 2981 impressionistisch angelegte Erzählung des
537 2921 1736 2985 daß sie nach dem Anblick des Grauenhaften noch lächeln
1744 2932 2687 3005 Alten von seiner Flucht aus der Schlacht
2716 2951 2942 3015 — bedenk¬
520 2965 1737 3027 konnte, daß man auch „aus einem solchen Schicksal wieder
1734 2972 2945 3063 lich; hier quält den Zuschauer alles, was nicht ersicht¬
525 3005 1739 3083 emportaucht wie aus einem wilden Traum — und wacht
1738 3018 3058 3096 lich der Katastrophe zudrängt. Würde Marie erst
520 3045 1247 3121 und lebt und sich sehnt zu leben.“
1730 3068 2953 3150 durch die Erzählung vom letzten Zögern befreit, dann käme
610 3083 1734 3168 Aber dieses Drama nach der Katastrophe ist uns
1730 3106 2956 3190 kein Motiv gleichsam der Tat nachgehinkt. Von im¬
530 3113 1735 3216 Schnitzler diesmal noch schuldig geblieben. Er hat es uns
1727 3152 2954 3228 ponierender Knappheit und edelster Schlagkraft ist die
525 3204 1739 3277 gezeigt, uns erzählt, daß seine Seele davon erfüllt ist und
1741 3200 2962 3295 Szene zwischen Max und dem Obersten am Fenster; es
523 3238 1737 3306 seine Kunst dafür heranreift, er hat es versprochen. Dies¬
1734 3251 2953 3311 gibt nicht viel, was ihr auf der deutschen Bühne an
1730 3281 1989 3352 die Seite
529 3277 1731 3349 mal hat er das Thema seines bisherigen Schaffens zu
2109 3294 2940 3362 stellen wäre. Dagegen fällt die
519 3337 1739 3395 einem Ende gebracht, das die Ueberwindung dieses Stoffes
1728 3336 2942 3404 Szene zwischen Max und Irene stark ins Konven¬
523 3378 2941 3450 bedeutet. Er läßt uns hier auch hoffen, daß er sich von tionelle hinab; die Frau Oberst ist ein totes Requisit.
527 3399 2942 3494 der Ueberschätzung des rein Erotischen befreien wird. Diese Erst mit dem Sprung des Obersten durchs Fenster ins
526 3453 1734 3527 Verheißung glaubte ich schon aus dem „Zwischenspiel“
1729 3460 2940 3536 Zimmer gewinnt Schnitzler die frühere Höhe wieder. Die
518 3507 1724 3575 heraushören zu dürfen. Dort ist auch das neue Thema
1728 3486 2939 3579 Schlußszene des zweiten Aktes leidet an ihrem Parallelis¬
527 3547 1539 3599 schon angedeutet, das diesmal dort sichtbar,
1733 3545 2938 3625 mus mit der des ersten und wirkt verwirrend; das Weg¬
1545 3560 1726 3613 — wenn
526 3594 1740 3663 auch noch nicht lebendig — wird, wo die dramatische
1722 3589 2936 3650 laufen des Paares in den Kasernenhof vermittelt die
516 3633 1727 3688 Kraft des Dichters erlahmte: die physische Um¬
1722 3633 2931 3707 Situation nicht. Auch hat man nicht Zeit, sich vorzustellen,
511 3675 1726 3743 wertung aller psychischen Lebenswerte. Das ist natürlich
1726 3676 2946 3752 daß die beiden an einander warm werden. Das müßte trotz
522 3723 1726 3785 bloß ein neues Gewand für etwas sehr altes; man könnte
1727 3731 2941 3783 alledem und alledem an der Leiche geschehen. „Ward je in
521 3760 1726 3824 dafür zwei Gemeinplätze setzen, wenn man sich nicht gerade
1734 3764 2939 3858 solcher Laun' ein Weib gefreit?“ Das hat Shakespeare ge¬
516 3806 1724 3880 bei solchen das Denken abgewöhnt hätte: „Die Zeit heilt
1720 3813 2939 3869 wagt. Schon Francillon macht sich zwar darüber lustig,
516 3854 1727 3917 alle Wunden" und „Es ändern sich die Zeiten und
1733 3853 2946 3937 daß die Männer stets zur Liebe bereit sind, so oft sie eine
510 3893 1715 3965 wir mit ihnen". Aber vielleicht ist es gut, manches
1727 3897 2941 3967 Frau freundlich anblickt; aber dem Herrn Leutnant, so sollte
518 3945 1723 4006 ein wenig unverständlich zu sagen, um es verständ¬
1724 3947 2930 4015 man meinen, dürfte für den Augenblick doch die erotische
1724 3984 2926 4044 Stimmung fehlen. Man würde es begreifen, wenn er
516 3987 1727 4051 licher zu machen. Nicht die Zeit heilt die Wunden,
524 4032 1714 4095 sondern Hunger, Durst, Müdigkeit, Krankheit, Genesung,
1728 4025 2931 4102 Marie mit dem bitteren Hohn heimzuschicken versuchte, daß
521 4080 1717 4135 neue Wunden, die Sonne, der Wald, die Blumen
1721 4071 2939 4145 sie nun doch zu spät gekommen sei, und wenn sie ihm dann
1716 4126 2917 4174 entgegenschrie, sie habe ja erst einen Vater morden müssen!
521 4125 1714 4181 heilen sie. Es gibt auch diesmal ein einfaches Wort dafür,
2071 4161 2125 4220 116
