3436 4352
1083 383 1261 452 Leb
871 388 950 453 d
1576 371 2038 467 box 24/5
257 387 1417 491 19. Der Rufns
2318 928 2624 1030 EOUITY
1700 1049 2637 1114 degree from the Vienna University in 1885,
763 1053 1695 1131 given at the Berkeley Lyceum Theatre on
1700 1101 2624 1172 and spent the next two years in active hos¬
763 1110 1693 1183 February 10, 1005. Its title was Flirta¬
1696 1146 2628 1208 pital service. His desire to write manifested
770 1148 1695 1222 tion,2 an unpublished translation by Grace
1707 1200 2633 1251 itself in his father’s publication, Wiener
775 1212 1129 1274 Isabel Colbron.
1710 1243 2642 1300 Klinisch Rundschau,“ in which he reviewed
819 1244 1694 1326 In 1012 Winthrop Ames presented John
1714 1287 2632 1356 important medical works, principally those
766 1296 1699 1358 Barrymore in the Anatol cycle at the Little
1711 1339 2633 1404 concerned with hypnotism, suggestion and
775 1357 1686 1412 Theatre with success. Mrs. Fiske was
1717 1382 2632 1449 sexual hygiene. These subjects of his
770 1389 1688 1464 equally fortunate a little later with“ The
1711 1429 2640 1503 early writings had more than casual influ¬
777 1440 1695 1499 Green Cockatoo.' The Washington Square
1715 1487 2415 1537 ence over his subsequent works.
769 1486 1706 1548 Players, with Roland Young and Helen
1761 1527 2636 1580 In 1888 Schnitzler went to London and
773 1531 1699 1606 Westley in the principal parts, presented
1712 1569 2640 1649 reported of his trip in a series of London
795 1576 1703 1646 Literature'' at the Bandbox Theatre in
1715 1615 2639 1679 Letters. These Letters show plainly his
1206 1623 1707 1693 Hands Around,' and
774 1628 1211 1710 1016. The Legacy,
1709 1654 2635 1724 wavering between scientific obligations and
769 1670 1695 1745 The Big Scene' are among the limited
1720 1712 2630 1771 an irresistible leaning toward a literary
766 1713 1711 1784 number of his works which have been given
1717 1758 2639 1822 career. It is also certain that his father
777 1766 1709 1838 here more or less professionally. This list
1719 1811 2582 1874 was not in sympathy with his desire
779 1809 1702 1880 contains, however, only his one act plays.
1723 1858 2656 1920 write, to which Schnitzler refers to as “the
769 1864 1708 1934 Although there are several of his full length
1714 1907 2245 1967 conflict of generations.
765 1908 1697 1988 plays which enjoy widespread popularity
1754 1929 2652 2013 A: Schnitzler became steadier in his re¬
770 1956 1698 2010 among the Continental audiences, no at¬
1723 1993 2657 2051 solve to write, his verses, stories and one¬
784 1998 1704 2073 tempt has been made to bring any of them
1711 2036 2647 2097 act plays found their way to popular peri¬
770 2049 1688 2124 to the attention of the American theatre¬
1711 2085 2649 2155 odicals. In spite of his literary activities he
772 2103 1093 2169 going public.
1724 2129 2644 2196 fcund time to establish an extremely suc¬
817 2134 1696 2199 This seeming deficiency on the part of
1714 2151 2708 2233 cessful practice of medicine in which he is 7
779 2182 1701 2251 our managers adds zest to the produc¬
1025 2235 1063 2266 2
1717 2226 1999 2293 still active.
780 2233 1709 2296 tion of" The Call of Life, Dorothy
1767 2266 2654 2334 Schnitzler wrote The Call of Life' in
785 2277 1713 2349 Donnelly’s English version of one of
1713 2318 2666 2376 1006, and Dorothy Donmelly has made the
774 2327 1710 2399 Schnitzler’s full length dramatic master¬
1724 2377 2648 2430 only known English version. It was she
785 2376 1703 2455 pieces, which opened the Actors’ Theatre
1724 2420 2652 2482 who realized its possibilities and brought it
772 2423 1704 2498 scason at the Comedy Theatre on October
2333 2459 2392 2493 —
1732 2457 2573 2520 to the attention of the Actors Thicatre.
788 2470 1718 2529 0. America has tasted of his one act plays.
1763 2511 2641 2573 The cast of the Actors’ Theatre produc¬
780 2518 1708 2577 his poems, his novels, his stories and found
1727 2564 2651 2620 tion of The Call of Life' includes Eva Le
775 2558 1709 2635 them to its liking. Now it has a full eve¬
1731 2613 2659 2655 Gallienne, Katherine Alexander, Rosalind
789 2614 1524 2682 ning of Schnitzler in the theatre.
1723 2642 2655 2712 Fuller, Derek Glynne, Hermann Lieb, Doug¬
826 2638 1707 2733 Arthur Schnitzler was born in Vienna on
1720 2680 2652 2753 las Dumbrille, Alice John, Thomas Chal¬
786 2702 1716 2766 May 15, 1862. His father was Professor
1720 2727 2661 2802 mers, Egon Brecher, Stanley Kalkhurst and
784 2753 1708 2814 Johan Schnitzler, athroat specialists of con¬
1730 2786 2653 2852 Leete Stone. The production is staged by
787 2802 1711 2873 siderable note in Vienna. It is thus easy
1734 2827 2652 2905 Budley Digges and Jo Mielziner designed
790 2853 1717 2909 to understand why the son took up the
1721 2880 2607 2964 the settings, which are of the period 1850.
803 2889 1712 2954 study of medicine. He received his M. D.
930 3070 2514 3183 Three Helton Generations in Equity
1734 3203 2645 3276 McRaes into Equity, but without wishing
843 3204 1716 3303 The welcome extended in the Eguiry
1737 3275 2649 3332 to detract from the honor due him, I wish
798 3271 1718 3351 MAGaziNz to Bruce McRae on the occasion
1737 3318 2662 3379 to call your attention that there are three
801 3330 1723 3420 of the elcction of his son, Gordon McRac to
1739 3364 2658 3425 generations of the Helton Family in Equity
798 3385 1717 3448 membership in Equity has drawn the fol¬
1735 3401 2657 3473 namely, Percy Helton, now playing in The
1729 3452 2664 3514 Poor Nut'; Alfred Little, now playing in
798 3446 1724 3532 lowing reply from Alf Helton, a real dyed
1744 3491 2662 3554 *Clouds,“ and myself, Alf Helton, now
803 3503 1428 3579 in the wool Equity member:
1734 3542 2662 3604 playing in The Gorilla, all paid up mem¬
858 3546 1717 3620 “I was much interested this morning, in
1729 3592 2675 3675 bers of Equity and playing on Broadway.
799 3608 1717 3676 reading the good news of Mr. Bruce McRae,
1729 3639 2125 3719 Not so bad, eh?“
786 3659 1735 3738 having brought the second generation of
