3484 4256
258 236 1410 340 19. Der Ruf des Lebens
1178 1081 1558 1180 Telephon 12.801.
1304 1205 1348 1265 1
690 1256 1312 1339 „ODSEIVEN
462 1311 1562 1390 l. österr. behördl. konz. Unternehmen für Zeitungs-Ausschnitte
602 1392 1437 1474 Wien, I., Concordiaplatz 4.
794 1453 1231 1529 Vertretungen
470 1509 1555 1562 in Berlin, Budapest, Chicago, Christiania, Genf, Kopen¬
464 1548 1557 1604 hagen, London, Madrid, Mailand, Minneapolis, New-Vork,
506 1609 1511 1671 Paris, Rom, San Francisco, Stockholm, St. Petersburg.
1003 1637 1234 1683 eohne Gewähr).
802 1639 1647 1761 (Wertor vörnen (ourien, Bal
467 1692 859 1780 Ausschnitt aus:
1029 1714 1482 1826 Morgenausgäbe
463 1792 954 1862 vom: 12.051. 1909
469 1896 1433 1989 Unser Wiener Korrespondent schreibt uns“
480 1977 1480 2021 Es ist beschämend für Wien und kennzeichnend für
412 2007 1484 2070 die Wiener Theaterverhältnisse, daß wir ein Werk des
428 2060 1483 2113 hervorragendsten unter den jüngeren Bühnendichtern
421 2103 1481 2146 Oesterreichs, ein Werk aus der Feder Arthur
699 2130 1487 2206 s erst sozusagen aus zweiter Hand be¬
490 2144 563 2196 chn
476 2154 1476 2229 müssen, obendrein einige Jahre, nachdem es
418 2205 1478 2264 entstanden ist. Das Deutsche Volkstheater bringt
418 2258 1451 2314 morgen das Schauspiel „Der Ruf des Lebens“,
425 2295 1483 2345 dieses merkwürdige, bei allen dichterischen Feinheiten
425 2340 1474 2396 und starken, wenn auch etwas konstruierten Effekten
423 2385 1475 2437 doch zu manchen erheblichen kritischen Einwendungen
426 2424 1494 2472 herausfordernde Stück, dessen Vorzüge und Schwächen
435 2468 1470 2526 ja von der Berliner Uraufführung unter Brahm zur
437 2515 1492 2566 Genüge bekannt sind. Der Wiener Kritiker hat sick
436 2540 1483 2599 demzufolge nur auf die Besprechung der Auf:
432 2581 1497 2643 führung zu beschränken die dem Werke unter
436 2620 1390 2683 Regie des Herrn Herpla Follauf=gerecheewirdr¬
490 2670 1478 2724 Dem schicksalgepeitschten, von ihren Sinnen ge¬
434 2698 1489 2772 triebenen und dadurch von Sinnen geratenen Mädcher
437 2744 1484 2808 leiht Frl. Hannemann eine erst stark verhalten
437 2785 1477 2853 und dann prächtig losbrechende Empfindung. Ihr
425 2828 1483 2901 rührendes Gegenstück bildet Frl. Paula Müller
419 2907 1519 2963 die namentlich die Szene mit der Base förmlich in?
418 2929 1521 3001 Maienduft und Frühlingsglanz einhüllt; später, das:
426 2978 1486 3054 sie als Gefallene — eine vormärzliche Margnerite
695 3013 1479 3091 heimkehrt, findet Frl. Müller packende
420 3041 631 3092 Gauthier
417 3066 1474 3131 Akzente. Eine markige, in ihrer Struktur an das
426 3107 1476 3160 Sudermannsche Fritzchen gemahnende Figur ist der
417 3143 1478 3198 Leutnant Max des Herrn Kramer; er spielt ihn
426 3196 1476 3254 mit vollendeter Haltung. Der Oberst charakterisiert
415 3232 1480 3289 Herr Weisse scharf und glaubhaft. Die Ehebrecherin
422 3271 1479 3345 verkörpert Frl. Lili Marberg mit heißer Leiden¬
424 3313 1487 3378 schaft. Die Leutnantsepisode spielt Herr Klitsch
420 3345 1496 3408 mit warmblütigem Tone. Ein Wort der Anerkennung
424 3396 1484 3453 sei auch noch Herrn Homma gewidmet, der der
422 3427 1489 3508 unsympathischen Gestalt des tyrannischen und hart¬
419 3469 1495 3554 herzigen, egoistischen Vaters doch einige Härten und
1289 3514 1456 3570 S. L.
432 3529 964 3589 Ecken abzuschleifen wußte.
491 3544 1482 3609 Ueber die Aufnahme, welche das Werk bei seiner
425 3589 1494 3681 gestrigen Erstaufführung gefunden hat, berichtet uns
423 3658 744 3721 eine Depesche:
584 3665 1495 3737 er Ruf des Lebens“ wirkte stark.
429 3728 1485 3788 Schnitzler wurde wiederholt überaus warm
423 3760 1462 3854 gerufen, ebenso die Darsteller, insbesondere Müller.
1577 226 2029 318 box 24/3
2525 1792 2904 1888 Telephon 12.301.
2628 1922 2738 1986 5—
1847 1949 1954 1996 H
1937 1944 2639 2045 — „OUSLIVER
1795 2012 2904 2108 1. österr. behördl. konz. Unternehmen für Zeitul I-Ausschaitte
1933 2084 2775 2180 Wien, I., Concordiaplatz 4.
2136 2151 2576 2236 Vertretungen
1808 2221 2891 2273 in Berlin, Budapest, Chicago, Christiania, Gent Kopen¬
1815 2266 2903 2320 hagen, London, Madrid, Mailand, Minneapolis, New-York,
1856 2310 2851 2366 Paris, Rom, San Francisco, Stockholm, St. Petersburg.
2143 2345 2574 2408 (Quallenangabe ohne Gewühr).
1801 2397 2188 2478 Ausschnitt aus:
2193 2397 2902 2509 Frankfurter Zeitung
1933 2466 2213 2547 12 12.1909
1803 2511 1949 2573 vom:
1843 2585 2931 2656 G Wien, 11. Dezbr., 10.50 N. Arthur Schnivlers
1795 2629 2918 2688 dreiaktiges Drama „Der Ruf des Lebens“ wurde heute
1793 2677 2922 2731 mit geändertem Schluß erstmals in Wien von dem vorzüg¬
1793 2724 2919 2768 lichen Ensemble des Deutschen Volkstheaters ge¬
1791 2762 2917 2817 spielt und vom Premiérenpublikum sehr beifällig aufgenom¬
1792 2793 2925 2848 men. Der Beifall galt aber mehr dem anwesenden beliebten;
1802 2848 2924 2888 Dichter als dem konstruierten und übersetzten Werk, das in dem
1803 2881 2911 2927 Thema „Tod und Liebe“ stark an des gleichen Autors „Lie¬
1799 2894 2930 2974 belei“ anklingt und Naturwahrheit des Dialogs vermissen
1797 2960 1916 3017 läßt.
