3484 4352
298 120 1448 253 19. Der Ruf des Lebens
1602 153 2052 253 box 24/2
1534 884 1933 991 Der Ruf des Lebens.
1008 1034 2464 1126 Publikum überlassen habe, von den lebendigen Dingen die theoretischen Meinungen
1001 1091 2460 1185 abzuleiten, er vielmehr selbst nach vorgefaßten Meinungen Menschen zu bilden
1007 1135 2473 1238 suchte. Den Zusammenhang der Einzelerscheinungen mit den großen Organismen
1006 1192 2457 1306 aufzufinden, ist eines Dichters rechter Wunsch; in dieser Richtung aber ist Schnitzler
994 1258 2455 1335 diesmal von Wunsch und Begabung irre geführt worden, und wir denken an
1001 1306 2459 1407 Goethes Wort: „Wie spät lernen wir einsehen, daß wir, indem wir unsere Tugenden
999 1376 1867 1441 ausbilden, unsere Fehler zugleich mit anbauen.“
1092 1420 2459 1511 Es stand auch nicht gerade der beste Stern des Lessingtheaters über
1002 1470 2452 1569 seinem Hausdichter. Die Dekorationen allerdings belehrten mit ihrem intimen
994 1516 2454 1616 Reiz, daß die Inszene zwischen bescheidenen und großen Ansprüchen nicht unter¬
995 1566 2460 1686 scheiden dürfe. Auch ein einfaches Zimmer verlangt seine besondere Atmosphäre,
987 1643 2450 1733 seinen besonderen Maler. Der hatte hier vortrefflich vorgesorgt. Nur machte
994 1686 2457 1768 die Höhle des alten Rittmeisters einen zu soignierten Eindruck. Sie sollte die
992 1749 2437 1847 Runzeln seines bösen Gesichtes spiegeln. Dagegen hatte das Kasernenzimmer
986 1806 2442 1896 mit dem Ausblick durchs Fenster auf den nächtlichen Kasernenhof und dessen
988 1858 2432 1928 Umfriedung vollen Stimmungsgehalt und nicht minder die freundliche Früylings¬
987 1902 2443 2001 landschaft am Fuße der Raxalpe. Das lebende Material hatte es schwerer in
974 1958 2447 2055 dem scheinlebendigen Stücke. Irene Triesch war die Aufgabe gestellt, Mord und
988 2011 2436 2110 Liebe in sich zu vermählen. Ihren ekstatischen Affekten gelang das einigermaßen.
980 2065 2447 2160 Aber es rollte immer nur heißes Blut in ihren Adern, nicht das warme schöner
985 2136 2444 2224 Menschlichkeit, das sie freilich ziemlich auf eigene Unkosten Schnitzlers Marie
972 2182 2432 2264 hätte einflößen müssen. Mit seinem immer sicheren Griffel warf Bassermann
969 2238 2432 2333 die Figur des Obersten hin, den er im Verhaltenen (während des unheimlichen
980 2284 2436 2371 Gesprächs mit dem Leutnant) so vielsagend machte, daß der Mann von des
973 2359 2436 2435 Schauspielers Gnaden noch interessant blieb, als der Knalleffekt die feineren
968 2403 2427 2480 Konturen zerriß. In treuer Widerwärtigkeit gab Hans Marr den bitteren
973 2463 2433 2535 Vater. Um eines einzigen prachtvollen Mutterschreis willen war Else Lehmann
976 2511 2421 2606 und dem Dichter eine „Frau Richter“ zu verzeihen. Mit milder Klarheit fand
961 2558 2435 2653 sich Reicher in die gewohnte Chorus=Rolle. Die Episodisten, darunter der Leut¬
972 2636 2436 2713 nant Karl Stielers, ererzierten nach des Dichters Wunsch — bis auf zwei, die
961 2692 2445 2772 das Ensemble störten: Rudolf Rittner, der offensichtlich nicht wollte, und ein
960 2731 1884 2814 Fräulein Hofmann, das offensichtlich nicht konnte.
1450 2969 1955 3181 ∆ A
1449 3169 1923 3275 WO-GO-
2286 3395 2401 3486 381
