3436 4352
273 151 1433 255 19. Der Ruf des Lebens
1565 162 2036 266 box 24/2
1372 804 1749 888 Deutsche Rundschau.
733 813 861 892 300
834 885 2361 955 Im Kleinen Theater, unter der Leitung des Direktors Barnowsti,
740 953 2355 1016 standen während der ganzen Spielzeit zwei Schauspiele von Frank Wedekind:
732 1003 2367 1064 „Hidalla“, das am Dienstag, den 26. September 1905, und „Marquis
729 1055 2361 1112 von Keith“, das am Mittwoch, den 13. Dezember 1905 zur ersten Auf¬
734 1089 2357 1160 führung gelangte, im Vordergrund. Das Berliner Publikum machte bei dieser Ge¬
732 1139 2361 1203 legenheit auch die persönliche Bekanntschaft des Verfassers, der in beiden Stücken die
735 1193 2354 1267 Hauptrolle spielte, im ersten den „schiefgewachsenen“ Karl Hetmann, im zweiten den
741 1259 2358 1300 „auf dem linken Bein hinkenden“ Marquis von Keith, mit den „groben roten
730 1286 2363 1331 Händen eines Clown“. Beide Schauspiele bewegen sich in der Sphäre der Hoch¬
744 1330 2357 1395 stapler, der Projektenmacher, der Weltverbesserer und der leichtfertigen Weiber. Alle
742 1384 2361 1435 mit einem Stich in das Zynische. Karl Hetmann, der „Sekretär des internationalen
733 1430 2360 1493 Vereins zur Züchtung von Rassemenschen", hält Vorträge über die neue Welt¬
732 1483 2349 1536 anschauung und schreibt ein Buch: „Hidalla oder die Moral der Schönheit“; der
735 1524 2358 1581 Marquis von Keith will den Einwohnern Münchens mit dem Gelde der Dummen,
737 1572 2354 1634 die auf den Schwindel hineinfallen, ein prächtiges Vergnügungslokal, einen Feen¬
740 1622 2353 1678 palast, bauen: beide Helden leiden an Größenwahn und „schwatzen den Leuten ein
731 1666 2361 1727 Loch in den Bauch“, wie eine der Nebenpersonen einmal sagt, als sie zur Erkenntnis
735 1712 2350 1769 des Schwindels gekommen ist. Sie berauschen sich an ihren Worten und an der
734 1758 2351 1821 Frechheit, mit welcher der eine die Dummen betrügt und ausbeutet, der andre
739 1804 2358 1857 der guten Sitte ins Gesicht schlägt: es sind Nietzsches Übermenschen im Schmutz,
742 1851 2367 1901 „auf der Rutschbahn des Lebens“. Das Schauspiel „Marquis von Keith“, das übrigens
741 1899 2366 1968 schon aus dem Jahre 1901 stammt, wird seinem Titel wenigstens durch eine Art
736 1944 2357 2006 dramatischer Handlung gerecht, die, so dünn sie ist, zur Entlarvung und Flucht
726 1994 2359 2053 des Gauners führt, während das Schauspiel „Hidalla“ nur eine Aneinanderreihung
725 2045 2363 2104 von Gesprächen bietet, mit einer gewaltsam herbeigezogenen Katastrophe. Der Held
736 2089 2367 2154 erhängt sich, weil ihm ein Zirkusdirektor, der plötzlich in seine Stube hineinschneit,
732 2137 2357 2182 den Vorschlag macht, als „dummer August“ bei ihm aufzutreten. Aber die Ver¬
726 2172 2367 2245 derbtheit der Gesinnung und die Freude an der Verhöhnung der gesellschaftlichen Ordnung
735 2233 2364 2293 und Moral, die das eigentliche Lebenselement der Schriftstellerei Frank Wedekinds
732 2278 2349 2325 bilden, können durch einen tragikomischen Spaß am Schluß nicht gesühnt und ent¬
723 2328 2363 2389 schuldigt werden. In der Wirklichkeit und in der Welt von Pappe, wie Heine ein¬
737 2367 2360 2422 mal das Theater genannt hat, treiben die Marquis von Keith und die Karl Het¬
736 2421 2355 2479 mann mit so viel Selbstgefühl und solchem Lärm ihr Unwesen, daß es uns Moral¬
722 2461 2361 2509 philistern erlaubt sein muß, gelegentlich dagegen zu protestieren und festzustellen, daß
724 2515 2355 2562 es in unsrer Gesellschaft auch noch anständige Menschen gibt. Sonst lohnte es sich
736 2562 2365 2607 wirklich nicht, über diese moralischen Ungezogenheiten und künstlerischen Mißgeburten
728 2606 2365 2668 ein Wort zu verlieren. Sie zerstieben wie Seifenölasen, wenn man sie schärfer ansieht.
725 2652 2362 2697 Ganz in das Reich der Harmlosigkeit und des studentischen Ulks fallen die zwei Stilpe¬
724 2692 2365 2753 Komödien, jede in einem Akte: „Das Cenacle der Maulesel" und „Die
727 2743 2354 2821 Schlangendame“ von Otto Julius Bierbaum, die das Kleine Theater am
732 2798 2357 2846 Montag, den 26. Dezember 1905 aufführte. In der ersten feiern fünf Gymna¬
736 2843 2365 2905 siasten, die eben ihr Abiturientenexamen bestanden haben, in einer kleinen Provinzialstadt
728 2893 2357 2946 den Abschied von der Schule und verspotten den Konrektor, der sie bei dem Gelage
731 2937 2360 2980 überrascht; in dem zweiten wird ein weltunerfahrener gutmütiger Gelehrter über¬
722 2981 2361 3048 tölpeli, seine Einwilligung zu der Heirat seines Sohnes mit der Schlangendame
720 3041 2362 3084 eines Zirkus zu geben: zur Entschuldigung dient, daß sie eine Pfarrerstochter ist
734 3081 2367 3140 und den Bruder Liederlich zu einem anständigen Menschen gemacht hat. In beiden
721 3130 2361 3188 Komövien führt Willibald Stilpe in Selbstgefälligkeit und Geniesucht das große Wort;
730 3174 2355 3235 ich vermute, daß sich der Verfasser selbst darin wohlgefällig als Karikatur darstellt. Eine
731 3224 2365 3281 bedeutendere und künstlerisch wertvollere Leistung war die Aufführung des Dramas
733 3266 2358 3325 in vier Akten von Maxim Gorki: „Kinder der Sonne“, in der Übersetzung
729 3320 2358 3379 von Alexander von Huhn, am Donnerstag, den 25. Januar. Das
725 3364 2366 3421 Schauspiel stellt den Gegensatz zwischen der Volksmasse und den wenigen Kindern
726 3396 2370 3463 der Sonne, den Wohlhabenderen und Gebildeteren, und die Schwierigkeit, die
3211 2001 3335 2059 dliche,
2751 2033 2987 2115 Darstellung
3071 2049 3343 2112 Behaglichkeit
2862 2098 3354 2158 Gerade den entgegengesetz
2750 2146 3349 2204 ich von der Tragödie in dr
2750 2190 3359 2253 Hugo von Hofmannstha
2750 2234 3355 2299 Freitag, den 2. Februal
2747 2285 3350 2352 von Hofmannsthal hat eine V
2749 2327 3348 2394 Stimmung umzudichten. So
2749 2376 3338 2437 Sophokles erst die „Elektra“.
2754 2417 3351 2485 die Moderne benutzt. Aus d
2745 2470 3350 2540 Drang der Leidenschaft hand
2756 2512 3352 2577 Menschen, in deren Gedank
2744 2557 3351 2624 wühlt. Er möchte die erhab
2744 2608 3345 2674 Hinterhaus und das Schlafge
2745 2663 3351 2717 seiner Odipus=Tragödie bilde
2743 2708 3347 2769 von der Sphinx, die Vermäh
2751 2750 3354 2818 Ferne und der Dämmerung de
2742 2795 3351 2860 thal zum Gegenstand des Sch
2748 2842 3340 2915 offener Szene den Vater ersch
2751 2894 3341 2962 Blicke und Worte wechseln zu
2754 2942 3349 3005 zu bewahren, aus der die S
2747 2982 3341 3045 mit dem Bewußtsein und de
2757 3033 3345 3086 fortwährend mit dem furchtba
2748 3082 3322 3144 der Furcht und des Kitzels,
2747 3122 3319 3189 Der Odipus Hofmannsthals
2749 3165 3343 3242 Gotte zu erfahren, wessen S
2745 3224 3342 3289 in Korinth, aber einer sein
2742 3268 3347 3333 Findling genannt. Jetzt verl
2751 3319 3336 3381 von der Priesterin nicht, w
2742 3367 3337 3418 Lust an dem Vater, des Um
2752 3415 3343 3504 geträumt, und so wird es ge
