3484 4224
1594 203 2086 301 box 24/4
909 211 988 286 d
287 219 1465 321 19. Der Ruf des Lebens
714 1312 2591 1400 —.—-omAmt niedergeregi, da aus Prödingen seinen!
576 1314 1590 1409 und hinzugefügt, er sei nicht gekommen, um den
1576 1346 3389 1446 Befehlen den Gehorsam versagten. Er erhielt seit vorgeschoben werden. Bis heute mittags
570 1379 1591 1451 Sultan zu entthronen. Nach Durchführung seines
1579 1413 3388 1489 seiner Ernennung hunderte Depeschen, in denen er Armee fünf Tausend Mann. Das
569 1416 1576 1507 Programmes möge die freie Nationalversammlung
1576 1454 3400 1552 in gemeinsten Ausdrücken beschimpft wurde. Das quartier des dritten Armeekorps wu
578 1460 1297 1545 beschließen, was sie für gut halte.
1576 1500 3389 1589 Vilajet Monastir richtete an ihn ein Telegramm, von Hademkoe nach Tschekmedsche verschob
655 1523 1586 1592 Konstantinopel, 23. April. In der heutigen
1577 1547 2577 1608 adressiert „An Reuf Pascha, den reaktionären
575 1558 1572 1646 öffentlichen Nachmittagssitzung der National¬
2553 1572 3392 1655 Passe von Dschendere bei Kiathane an den
1578 1588 2561 1651 Vagabunden“. Auch der Bildizkiosk erhielt seit
1557 1673 2561 1766 verändertem Blick wohl hat Schnitzler die Bilder
2561 1700 3397 1791 eine Nachtwandlerin antwortet sie dem ##
1569 1737 2566 1798 hier betrachtet, deuen er doch nimmer fremd gewor¬
681 1735 1463 1817 „Der Ruf des Lebens“.
2547 1760 3378 1811 Kranken, dem treuen, einfachen Adjunkten,
1569 1776 2554 1842 den sein kann, weil sie ein unveräußerlicher Teil
2551 1808 3393 1866 Oberförster nach der Steiermark soll und
557 1790 1576 1907 Schauspiel in 3 Akten von Arthur Schnitzler.
1566 1825 2562 1891 seines Wesens sind. Ein österreichisches Volksstück
2553 1829 3395 1903 nehmen möchte zum dunkelgrünen See
657 1861 1493 1947 (Zum erstenmal im Neuen deutschen Theater.)
1576 1857 2552 1933 scheinen sie dem Milieu nach, eine Tragödie von
2551 1885 3400 1953 schweigenden Hochwald, dem sorgenden Ar
1569 1920 2566 1982 armen Mädchen, von Ehebruch, Schuld und Unter¬
2551 1932 3365 1993 Tante Toni, die ihr verirrtes Kind,
655 1927 2556 2026 Vor drei Jahren hat Brahm den „Ruf des gang wie die „Liebelei“. Trotzig reitet ein ganzes
2558 1970 3390 2041 Base Katharina sucht. Wild schreit es in
566 1960 1572 2048 Lebens“ gegeben, der bis heute Schnitzlers letztes,
1565 1984 2561 2062 Kavallerieregiment aus einer Wiener Kaserne in den
2545 2020 3388 2077 nach versäumter Seligkeit. Aber dann erf
563 2028 1563 2088 großes Stück ist. Kaum war es aufgeführt, da
1568 2039 3399 2122 sicheren Tod, und die Hufe der Pferde gehen über was sie mit einem Male zur glückfordern
571 2065 1564 2137 schien der Dichter dem Theater ganz entsagen zu
1564 2084 3391 2163 zertretenes Menschenglück. Man hört das Röcheln, reißt, in Verbrechen jagt und Schande. K
570 2095 3404 2210 wollen. Banges Zögern kam über ihn, Schleier die Klagen der Opfer. Aber das alles hat, so laut kommt, heiß von durchkosteter Wonne, Blu
561 2148 2542 2232 der Melancholie umzogen seine Welt, die einst in es ist, keine Beziehung zur Gegenwart. In die ferne,
2547 2186 3400 2262 Haar. die Rosen der Schwindsüchtigen auf de
562 2182 2540 2276 hellem Sonnenlicht dalag, leise zerflossen ihre Ge= jugendliche Zeit der Mitte des vorigen Jahrhunderts
394 2191 543 2286 S
2546 2222 3391 2285 gen. Sie war bei Albrecht, Maxens Freund.
572 2237 1579 2310 stalten, die Nebel der Unwirklichkeit verwischten sie.
1561 2243 2543 2321 sind die Ereignisse verlegt. Sie klingen wie eine
2548 2277 3401 2342 Schwadron der blauen Kürassiere ist noch d
561 2275 1575 2340 Es folgten die „Marionetten“, Einakter, die wohl
1563 2302 2546 2364 Ballade, wie ein Bericht aus vergilbten Papieren,
2543 2313 3392 2380 wird erst morgen reiten. Noch ist Max in
554 2302 2539 2406 nie für die Bühne gedacht waren. Der schmerz= wie alte, schwermütige Musik, zwischen Schlummer
2537 2351 3400 2421 noch atmet er, noch darf Marie ihn umkla
562 2365 2554 2460 zerrissene Monolog des „Puppenspieler“ die grelle und Wachen vernommen. Ein Traum, der ängstigt
2536 2403 3361 2468 Und in wahnwitziger Begier greift sie n
559 2406 1218 2471 romantische Ironie, mit der Sch#
1390 2412 1563 2483 „Großen
1555 2412 2225 2492 und zugleich von der Angst erlöst.
2528 2449 3398 2513 Fläschchen mit dem Schlaftrunk, das ihr d
551 2452 1193 2521 Wurstel“ über die eigenen Dra
1401 2452 1574 2519 , die
1633 2480 3390 2549 Das Kavallerieregiment, das sich dem Tode ge=gereicht hat, vergiftet den Vater, der vor
556 2500 1191 2550 mystische Szene des „Unbekann
1400 2502 1562 2562 litzen¬
1559 2502 3401 2586 weiht hat. sind die blauen Kürassiere. Sie traben Ende sich als Urheber der Flucht bei Linda
560 2535 1191 2591 dem Schwert die Drähte der 2#
1380 2547 1576 2607 Feidets:
1571 2559 3388 2626 1e Straßen. Still huldigt ihnen das Volk Mörder der Kürassiere bekennt und eilt von
561 2581 1231 2648 sie bewiesen, daß der Schöpfer
1337 2575 2544 2671 ##endige Bleich raunt es sich zu, daß keiner von
2537 2612 3404 2686 durch die laue Sommernacht, von dannen in
563 2609 1570 2690 Stunden“ für eine Weile des Spieles müde war
1559 2639 2548 2696 chen Soldaten zurückkommen wird. Vor
2535 2640 2690 2714 Arme.
555 2665 1569 2744 Er verstummte. Er kehrte ins Reich der Erzählung
1545 2673 1673 2738 breiß
1683 2685 2550 2754 hren ward durch ihre Flucht die Schlacht
2609 2677 3395 2764 Die Begegnung wird anders, als Mariens
547 2701 1558 2776 zurück, auf das Gebiet seiner schicksalstiefen Novelle
1553 2727 2546 2788 #dach verloren. Nun haben sie den Schwur
2531 2735 3394 2810 sucht sie träumt. Ein unentrinnbares Ver
552 2765 1566 2803 vom „Sterben". Er schrieb die „Dämmerseelen“
1550 2773 2539 2827 itsammen zu sterben und so um die geschän¬
2532 2783 3402 2857 rafft den hinweg, den sie aus freiem Wille
553 2802 1563 2864 und das große Buch des Leidens, doch auch der Be¬
1638 2801 2532 2877 einen neuen, blutigen Ehrenkranz zu
2529 2827 3399 2887 Sterben entschlossen glaubte. Ein Rächer e
556 2842 1567 2911 ruhigung, der Rechenschaft, seinen Roman „Der Weg
1604 2858 3399 2936 In den Lüften zittert dumpfe Raserei, die in seinem geöffneten, vom Mondschein überg
560 2873 1560 2948 ins Freie". Wieder begann die Sonne zu leuchten.
1546 2900 3401 2984 d#iß, daß nichts mehr zu retten ist. Sie ballt Fenster: der Oberst, mit dessen schöner Frau
548 2915 1558 2993 Und als er die „Komtesse Mizzi“, dem Theater
1547 2941 3403 3018 bis in das Zimmer, in dem Marie Moser beim jäher Leidenschaft des Blutes sündigte. Nu##
541 2962 1568 3025 überantwortete, dieses Iitermezzo eines starken und
1547 2991 3396 3068 greisen, siechen Vater wacht, der ihr junges Leben er, daß er alles verwirkt hat. Den Freun
546 3014 1560 3095 feinen, lächelnden Geistes, da wußte man, daß der
1541 3028 2530 3092 ausfangt wie ein böses Tier. Ihr Herz stürmt den
2533 3042 3399 3110 im lockenden Zauber der nächtlichen Stund
544 3045 1442 3118 Dramatiker Schnitzler nochmals reden würde.
1537 3076 3388 3149 Todge beihten nach. Einem von ihnen ist es ver= nicht fügen mag, wehrt er verzweifelnd ab.
634 3100 3390 3147 So ist der „Ruf des Lebens“ nach Prag ge= fallen, din braunen Max, dem strahlenden Leut=wirft er Irene, des Obersten Gattin, zu
552 3133 3392 3190 langt, in überarbeitetem Wortlaut, zur Wiederauf= nant, mit dem sie eine Winternacht durchtanzt hat. die zu dem Geliebten schleicht, damit er
539 3180 3356 3306 nahme des vorschnell abgebrochenen Verfahrens. Mit! Abwesend lauscht sie hinaus auf die Straße. Wie eidig werde und mit ihr entfliehe. 2
