3436 4384
2859 61 3387 142 ene e
1770 84 2875 169 Das Beispiel Katharinas bringt Maries Entschluß
2938 107 3390 186 Nicht wenig Schuld
1682 124 3387 231 zur Reise. Sie bleibt allein mit dem Vater. Der Vater folges trugen die mang
1688 170 3403 278 erzählt ihr, daß er es war, der vor dreißig Jahren die gen. Am besten spielle Ir
1690 219 3393 319 Flucht der blauen Kürassiere verschuldet hat, weil ihn der Marie Freilich nur st
1686 272 3378 366 plötzlich eine wahnsinnige Angst befiel. Nach dieser Er= ganze schauspielerische K
1679 297 2652 392 zählung verlangt er zu trinken. Marie schüttet
2636 329 3381 402 in sein Hoffmann, die eine
1690 360 3405 469 Glas den ganzen Inhalt eines Fläschchens, das der war, und Emanuel Reich
1689 403 2867 493 Arzt gebracht hat und das ein Gift enthält, von dem
2857 426 3394 499 sprach. Hingegen versagte
1685 452 2852 544 einige Tropfen den Schlaf bringen, das aber tödlich wirkt,
2863 472 3400 546 des Adjunkten. Kurt S#
1675 489 2863 585 wenn man allzu viel davon trinkt. Der Vater leert das
2863 520 3397 596 die beiden jungen Offizie
1677 541 2856 634 Glas und bricht tot zusammen. Marie eilt davon, dem
2853 571 3404 642 nügend, und Basserm
1686 587 2261 668 Ruf des Lebens zu folgen.
2847 609 3354 682 der Rolle des Obersten,
1768 633 2847 729 Der zweite Akt spielt im Zimmer des Offiziers Max
2846 651 3389 737 nicht viel Farbe erhalten
1663 674 2864 774 in der Kaserne der blauen Kürassiere. Der Oberst spricht“
2900 706 2983 799 4
2973 707 3117 820 S
1681 742 2862 807 mit Max durch das Fenster (das Zimmer liegt im
1680 774 2847 869 Erdgeschoß). Das Gespräch bewegt sich zuerst in Andeu¬
1673 806 2861 914 tungen, am Ende aber stellt der Oberst dem jungen
1659 865 2861 974 Offizier eine Gewissensfrage. Er spricht nicht direkt aus,
1669 923 2856 1015 was er meint, doch man begreift, daß der Oberst wissen
1669 972 2860 1069 will, ob zwischen seiner Frau und Max andere als
1661 1014 2856 1114 freundschaftliche Beziehungen bestehen. Max verneint der
1670 1069 2857 1148 Oberst geht. Es folgt ein Gespräch zwischen Max und
1672 1106 2856 1197 Albrecht, dem Geliebten Katharinas, der nicht einzusehen
1660 1151 2858 1232 vermag, weshalb er sterben soll für eine Schuld, die an¬
1660 1213 2850 1305 dere vor dreißig Jahren begangen haben, und allerlei
1666 1252 2842 1320 Gedanken über den Tod äußert. Die beiden Offiziere ver¬
1662 1301 2848 1362 lassen das Zimmer. In diesem Augenblick stürzt Marie
1655 1344 2856 1435 herein und verbirgt sich hinter einem Vorhang. Me kehrt
1665 1401 2849 1469 zurück, begleitet von Irene, der Frau des Obersten. Max
1658 1452 2854 1531 sagt ihr, wie bitter er es bereut, den Obersten belogen zu
1657 1477 2842 1574 haben. Irene sucht seine Bedenken zu zerstreuen und
1659 1533 2841 1618 macht ihm dann den Vorschlag, daß er mit ihr entfliehen
1657 1569 2839 1667 soll. Max soll mit seiner Schwadron ausrücken, soll dann
1653 1630 2845 1713 in Wiener=Neustadt krank werden, soll nach der unga¬
1640 1679 2842 1772 rischen Grenze kommen, wo Irene ihn erwarten wird, und
1640 1709 2840 1808 soll mit ihr ins Ausland gehen. Max weist den Vorschlag
1646 1763 2840 1855 zurück. Da springt plötzlich der Oberst durchs Fenster,
1641 1812 2843 1910 wechselt einige wenige Worte mit den beiden Schuldigen
1651 1868 2835 1950 und schießt seine Frau nieder. Max bittet, ihm auch den
1648 1895 2847 1997 Tod zu geben. Der Oberst schlagt es ihm ab und deutet
1651 1975 2835 2048 an, daß Max bis zum nächsten Morgen selbst sich das
1646 2008 2837 2097 Leben zu nehmen habe; aber er solle es so einrichten,
1634 2045 2667 2140 Haß der Tod Irenes auch als seine Tat erscheine.
1720 2109 2838 2186 Marie hat hinter dem Vorhang der ganzen furcht¬
756 2123 1366 2216 „Der Ruf des Lebens.“
1630 2115 2844 2235 baren Szene beigewohnt. Nun kommt sie hervor. Max
622 2178 1493 2273 Schauspiel von Arthur Schnitzler.
1642 2186 2838 2280 und Marie machen nicht viele Worte. Er stellt ihr an¬
755 2247 1370 2321 (Aufgeführt im Lessing=Theater.)—
1649 2237 2827 2326 heim, fortzugehen. Marie bleibt. Max fragt, ob sie auch
1177 2282 1617 2361 Berlin, 24. Februar.
1642 2300 2815 2377 wisse, daß er den nächsten Morgen nicht erleben dürfe.
1649 2334 2829 2425 Marie sagt, sie wolle trotzdem bleiben. Da schlingt er
559 2317 1644 2414 „Der Ruf des Lebens“, das neue Schauspiel von
1646 2381 2682 2462 seinen Arm um sie und zieht sie mit sich hinaus.
460 2378 1638 2457 Arthur Schnitzler, spielt in Oesterreich um die Mitte des
1719 2429 2836 2499 Die Szene des dritten Aktes ist ein Garten in dem
467 2434 1642 2506 neunzehnten Jahrhunderts. Der erste Akt begibt sich in
1644 2476 2831 2571 niederösterreichischen Dorf, in dem Katharinens Mutter
462 2484 1634 2557 Wien, und zwar in der Wohnung des alten Moser. Der
1642 2527 2827 2614 lebt und der Adjunkt den Forst verwaltet. Seit dem
468 2535 1637 2594 alte Moser, ehemaliger Rittmeister des elften Kürassier¬
1648 2576 2826 2639 zweiten Akt sind einige Wochen verstrichen. Aus einem
467 2575 1636 2634 Regiments, der sogenannten „blauen Kürassiere“ ist schwer
1643 2626 2833 2707 Gespräch zwischen dem Arzt und dem Adjunkten erfahren
462 2631 1652 2694 krank. Seine Krankheit ist tödlich; aber, wie der Arzt
468 2659 1649 2731 sagt, kann sie noch Jahre dauern. Das werden qualvolle
1636 2666 2829 2751 wir, was sich inzwischen begeben hat. Marie lebt jetzt im
468 2724 1644 2797 Jahre sein für Mosers' Tochter Marie, die ihre Jugend in
1630 2703 2823 2791 Dorf bei ihrer Tante, der Mutter Katharinas. Katharina
463 2768 1635 2824 der Krankenstube des Vaters vertrauert, welcher ein böser,
1632 2766 2831 2845 ist spurlos verschwunden. Eine Unterredung zwischen Marie
463 2816 2825 2877 alter Mann ist und eine diabolische Freude darau hat, und dem Arzte klärt Weiteres auf. Marie hat jene Nacht
458 2857 2811 2934 sein Kind eingesperrt zu halten und von allem Leben ab= mit Max verbracht, und in jener Nacht hat sie, wie sie
456 2912 2821 2962 suschließen. Der Forstadjunkt, ein wackerer Mann, bewirbt sagt, das Leben gefunden, das sie rief. Am Morgen
460 2961 2822 3034 uch um Mariens Hand; aber der Vater will die Ehe wollte sie in ihr Haus zurückkehren, um sich als Mör¬
451 2990 2815 3092 sicht erlauben. Der Arzt redet ihr zu, dem Manne, der derin des Vaters dem Gericht zu stellen. Aber der Arzt,
461 3056 1630 3103 sie liebt, die Hand zu reichen, ob der Vater will oder
1628 3047 2827 3134 der edle Freund, hat auf sie die ganze Nacht gewartet,
444 3098 2809 3171 sicht. Marie sagt, daß sie dies nicht tun wird, weil es und ihm ist es zu danken, daß der Tod des Vaters als
451 3143 2807 3222 su spät ist. Warum es zu spät ist, wird nicht recht ver= ein natürlicher ausgegeben werden konnte. Der Adjunkt,
456 3199 2830 3263 sändlich. Es scheint, daß der Arzt Marie früher geliebt der von alledem natürlich nichts weiß, tritt zu den beiden:
466 3239 2813 3314 und daß diese seine Neigung erwioert hat, ohne daß es und teilt die neuesten Nachrichten mit, die er am Morgen
449 3282 2803 3372 emals zu einer Aussprache zwischen beiden gekommen ist. in der Stadt erfahren hat. Vor drei Tagen hat bei Hain¬
534 3326 2826 3428 Während diese Gespräche geführt werden, marschieren dorf eine große Schlacht stattgefunden. Die blauen
447 3350 2811 3477 anablässig unten vor den Fenstern Soldaten vorbei, die Kürassiere haben ihren Schwur gehalten, keiner ist am
443 3418 2817 3516 in den Krieg ziehen. Auch die blauen Kürassiere reiten Leben geblieben. Nur ein junger Offizier is davon ge¬
454 3459 2803 3544 vorüber. Der Arzt erzählt, daß dieses Regiment in den kommen, aber dieser hat sich am Abend nach der Schlacht
453 3507 2818 3610 Tod reitet. Vor dreißig Jahren wurde die Schlacht bei selbst erschossen. Der junge Offizier heißt Albrecht; es ist
448 3561 2818 3662 Lindach durch seine Schuld verloren, weil es in dem also der, den wir als Katharinas Geliebten kennen. Der
454 3612 2804 3701 Augenblick, da es hätte Stand halten müssen, floh und Arzt erwähnt weitere seltsame Gerüchte, die über die
444 3656 2815 3757 durch seine Flucht die übrigen mitriß. Die Offiziere haben blauen Kürassiere im Umlauf sind. Ein anderer junger
452 3703 2802 3759 jetzt vom Kaiser die Gnade erbeten, mit ihrem Blut zu Offizier habe am Abend vor dem Ausmarsch des Regi¬
444 3759 1620 3823 fühnen, was das Regiment vor dreißig Jahren ver¬
1612 3764 2797 3860 ments die Frau des Obersten und dann sich erschossen.
435 3803 1622 3861 schuldet hat; sie haben verlangt, in der Schlacht an den
1617 3815 2800 3909 Man behaupte ferner, der Oberst habe den Todesschwur
439 3844 1621 3930 Platz gestellt zu werden, wo das Verderben sicher ist,
1612 3873 2793 3950 für das Regiment nicht geran, um dessen Fahne zu ent¬
447 3886 2800 3993 und haben einander zugeschworen, daß keiner von ihnen sühnen, sondern eben aus Verzweiflung über die ehe¬
443 3939 1077 4022 ie Heimat wiedersehen wird.
1622 3965 2803 4064 liche Untreue seiner Frau. Während die drei sprechen,
