3436 4352
221 222 2004 329 19. Der Ruf des Lebens box 24/3
2069 1027 2697 1186 „UBSENVEN
1119 1135 1486 1225 Telephon 12.801.
1846 1157 2939 1254 1. österr. behördl. konz. Unternehmen für Zeitungs-Ausschnitte
1978 1223 2816 1309 Wien, I., Concordiaplatz 4.
452 1285 526 1365 —
609 1223 1254 1391 „OBSERVER“
2165 1297 2611 1381 Vertretungen
1832 1331 2929 1441 in Berlin, Budapest, Chicago, Christiania, Genf, Kopen¬
374 1373 1508 1444 l. österr. behördl. konz. Unternehmen für Zeitungs-Ausschnitte
1832 1401 2944 1477 hagen, London, Madrid, Mailand, Minneapolis, New-Vork.
1871 1451 2892 1541 Paris, Rom, San Francisco, Stockholm, St. Petersburg.
518 1439 1375 1519 Wien, I., Concordiaplatz 4.
2170 1485 2593 1546 (Quellenangabe ohne Gewähr).
713 1495 1171 1570 Vertrefungen
1825 1525 2209 1627 Ausschnitt aus:
2331 1530 2952 1683 Der Humorist, 4%
383 1566 1484 1656 lagen, London, Radric, Mlland, Minenpos, Rien- (ort.,
434 1650 1442 1717 Pris, Rom, San Francisco, Stockholm, St. Petersburg.
2179 1611 2372 1724 7 100n
1796 1612 2342 1727 —vom. 200f. un
729 1690 1154 1754 (Quellenangabe ohne Gewähr).
2043 1705 2872 1812 Theater und Kunst.
374 1716 1443 1902 Auschalt aust Wiehien Ganschtfünge
601 1799 890 1900 19017 1909
1885 1810 3115 1893 (Deutsches Volkstheater.) Um Leben und Sterben dreht
385 1831 541 1940 vom:
1764 1884 3111 1955 es sich immer bei Artur Schnitzler. Einmal bejaht er das Leben,
1760 1934 3094 2003 das anderemal schildert er das Sterben. Diesmal betont er das
719 1909 1217 2050 THEATER.
1772 1980 3103 2049 Leben stärker. Darum heißt sein Stück „Der Ruf des Lebens“, und
1768 2016 3094 2104 immer tritt da das Leben in sein Recht, wenn dem Tode das
554 2033 1451 2135 Wir Wiener sind doch bessere
1764 2063 3101 2154 seine geworden. Der alte Rittmeister Moser muß verlöschen, damit
1763 2122 3102 2199 sein Töchterchen eine Nacht mit ihrem geliebten Mar leben kann.
458 2106 1464 2186 Menschen. Arthur Schnitzlers „Ruf
1768 2172 3096 2247 Die Frau Oberst muß sterben, damit Max diese eine Nacht leben
460 2180 1449 2241 des Lebens“, in Berlin abgelehnt, wurde
1755 2226 3103 2305 kann und Katharina lebt, damit sie beruhigt sterben kann. Bei
463 2241 1445 2329 bei uns begeistert aufgenommen. Wir
1767 2277 3094 2346 allen bedeutet Leben nichts anderes, als sich seruell ausleben. Viel
458 2298 1456 2362 ehren den vaterländischen Dichter, auch
1768 2327 3096 2411 neues predigt uns der Dichter nicht. Denn schließlich ist man sich
464 2348 1463 2421 wenn er bedenkliche Fehler macht und
1754 2377 3096 2443 heute — ausgenommen in den Kreisen der Heuchler — schon klar,
449 2413 1464 2498 mit dem Vater- und Gattenmord spielt,
1757 2407 3087 2495 daß es nur einen Trieb im Wesen gibt, den Trieb nach Erhaltung
1756 2465 3097 2547 der Art, also die Sucht, das Leben zu erhalten. Daß dieser Trieb
466 2466 1188 2555 um seine These zu beweisen.
1760 2518 3088 2597 stärker ist als die Scheu vor dem Tode, der überall aus dem
547 2526 1450 2620 Es kommt auch viel bede#tliches
1754 2564 3095 2629 Stücke grinst, ist eigentlich auch nicht neu. Darum ist Schnitzlers
463 2598 1445 2677 Militär auf die Bühne, Krieger, #e ein¬
1758 2619 3097 2689 neuestes Werk gewiß keine Tat. Bliebe noch die Form. Aber auch
467 2658 1463 2731 mal davon gelaufen sind und nun — alle
1753 2664 3099 2743 die ist nicht einwandfrei. Mit den Kunstgriffen der Bühne ist
470 2712 1392 2778 auf dem Felde der Ehre sterben wollen
1743 2721 3084 2777 Schnitzler nie besonders vertraut gewesen. Er denkt immer alles
1740 2748 3086 2841 kräftiger, wirksamer, als er es gestaltet. Der Gedanke ist gewiß
461 2765 1458 2851 hysterische Männer die zu den hyster¬
1747 2823 3082 2885 prächtig, daß ein Mädel von des Vaters Leiche in des Geliebten
465 2819 1463 2920 ischen Mädchen und Frauen des Dramas
1746 2870 3080 2939 Arme eilt, aber wie es hier gemacht ist, wirkt's nicht recht.
460 2896 674 2984 passen.
1742 2911 3083 2984 Ebensowenig, wie Max über die Leiche der Frau Oberst, die seine
554 2938 1460 3015 Es wird viel geliebt und viel getötet,
1742 2962 3070 3035 Geliebte war, mit Marie wegeilt, die seine Geliebte wird. Es
464 2998 1453 3080 das Stück selbst rettet mit Mühe sein
1744 2996 3081 3087 wirkt nicht so grandios, wie es gedacht wird. Philosophie ist nicht
1743 3059 3068 3140 theaterfähig. Schnitzlers „Ruf des Lebens“ ist keine Symphonie
468 3061 1457 3154 Leben, weil Schnitzler in Wien so
1744 3110 3072 3182 mit berauschenden Themen und Harmonien, es ist eine Variation
463 3129 793 3210 geliebt wird.
1743 3160 3075 3220 über allzubekannte Motive. Darum scheint all der Premierenjubel
554 3166 1470 3251 Die Damen Marberg, Müller und
1742 3206 3071 3283 übertrieben. Zu soviel Begeisterung ist kein Grund gegeben. Die
468 3236 1468 3309 Hannemann lebten und liebten mit
1735 3251 3063 3329 Darstellung war so abgerundet und ausgereift, wie es im Volks¬
1741 3301 3069 3379 theater schon zur Selbstverständlichkeit geworden ist. Frl. Hanne¬
461 3305 1459 3370 großer Virtuosität. Herr Kramer war
1744 3360 3068 3422 mann lieh der lebenshungrigen Marie all ihr innerliches Feuer,
466 3352 1462 3426 ein sehr flotter Offizier, Verführer und
1735 3397 3061 3484 Paula Müller der armen Katharine ihre sanfte Lieblichkeit,
465 3414 765 3502 Ehebrecher.
1739 3446 3062 3529 Kathi Thaller der Mutter ihre stille Güte. Eine feine Leistung
564 3450 1458 3540 Die Boulevard-Drama-Szene mit dem
1724 3505 3061 3576 bot Homma als der alte Rittmeister, der nicht sterben will.
463 3538 1458 3597 betrogenen, schußbereiten Oberst hätte
1729 3552 3061 3625 Kutschera, Edthofer, Kramer, Weisse und Klitsch
471 3593 1465 3675 sich der sonst so geschmackvolle Schnitzler
1720 3592 3073 3663 wissen, was sie spielen; bei jedem auf Details eingehen, führte zu
1724 3638 3072 3697 spaltenlangen Kommentaren. Sie sind so vollendet, daß man fast
471 3659 922 3735 ersparen können.
1722 3695 3067 3771 geneigt ist, Mängel zu suchen, ohne sie zu finden. Der Jubel des
1721 3745 2632 3808 Publikums wird da nur um so begreiflicher.
2816 3753 3034 3814 tz—nk.
