3436 4384
231 209 1404 343 19. Der Ruf des Lebens
1454 265 2021 356 box 24/2
900 1244 1249 1319 —sjel
1247 1249 1621 1318 „
154 1297 3090 1390 von Preußen, wie alle deutschen Heile des Heeres, sich weiter bewähren zum Segen des Landes] (Stiftung von 50000 K für eine Milchorefbegungsungemt gur Ser
152 1334 1564 1400 uch auf Ihre Gedanken einwirken und des ruhmreichen und siegreichen Reiches.
1912 1348 2587 1409 kämpfung der Sänglingssterblichkeit).
755 1439 1902 1509 Delikatesse, mit der Risler hier einesteils die Innigkeit der Ton¬
141 1370 491 1521 r-Mrisk.
1916 1451 3088 1502 lichung und Vereinfachung der darstellerischen Mittel galt als
753 1471 1903 1534 sprache traf, andererseits die Polyphonie des duftigen Stimm¬
1907 1490 3068 1541 die vornehmste Forderung. Daneben wandte man sein Augen¬
155 1505 482 1577 Konzertleben.
757 1519 1911 1591 gewebes in ätherischer Klatheit vor uns erstehen ließ. Das
1909 1531 3077 1586 merk auf eine Reform der dekorativen Ausgestaltung. Die
754 1546 1216 1617 Konzert war gut besucht.
158 1552 754 1635 Zeichen des Gesanges, so stand
1914 1567 3083 1635 Entfaltung von Glanz und Prunk haben die großen russischen
825 1582 1910 1649 Ueber den dritten in dieser Woche stattgefundenen Kammer¬
143 1605 749 1657 Beichen der Kammermusik. Das
1924 1613 3071 1676 Theater von jeher geliebt und geübt. Was man in dieser Hin¬
756 1628 1907 1693 musikabend, den zweiten Sonatenabend der Herren Professor
155 1640 747 1699 jährige Serie damit beschließend,
1910 1656 3072 1700 sicht leistete, hat uns vor sechs Jahren die Truppe der Sawina
757 1676 1908 1746 Joachim und Luiter, können wir nicht berichten, da der Presse
150 1669 746 1731 Bert, in welchem die schon in dem
1920 1698 3074 1750 gezeigt, die fast jedes Drama in ein Ausstattungsstück verwan¬
751 1719 1438 1770 keine Einladungen zugegangen waren.
1713 1717 1874 1786 L. W.
139 1709 746 1773 neten Genossenschaft aufgetretene
1913 1727 3064 1796 delte. Aber es fehlte der nuancierende, künstlerische Geschmack,
139 1743 756 1817 im mitwirkte, in dem sie eine An¬
1921 1778 3071 1827 der die Dekoration dem Stil des Dramas und der Stimmung
831 1779 1902 1848 Im Hoftheater wurde am Sonnabend das harmlose,
145 1788 751 1857 rrn Bos ganz köstlich begleitet,
1909 1815 3070 1874 der einzelnen Akte und Szenen anzupassen wußte. Auch auf
135 1826 748 1889 gten Beifall der leider nicht allzu
752 1819 1913 1874 etwas altmodische, aber doch ganz gefällige und vergnügliche
1915 1851 3073 1917 diesem Gebiete hat das Moskauer Theater für Rußland bahn¬
154 1873 754 1928 e Herrn Bos, van Vecu und van
740 1857 1909 1927 Seribesche Lustspiel „Frauenkampf“ (Bearbeitung
1910 1897 3074 1949 brechend und vorbildlich gewirkt. Aus privaten Aufführungen,
153 1906 749 1969 ensche Trios auf dem Programm,
740 1897 1902 1959 von Olfers), das seit mehreren Jahren aus dem Repertoir
1907 1932 3072 1983 die der reiche Industrielle und begeisterte Kunstfreund Sta¬
151 1954 750 2001 B=Dur Op. 97, in denen sie
741 1936 1910 2017 verschwunden war, in neuer Einstudierung zur Aufführung
1906 1969 3075 2037 nislawski für den Kreis seiner Freunde veranstaltete, ist
147 1982 742 2040 #tfalteten, dessen ideale Vorzüge
743 1995 1919 2039 gebracht und vom Publitum, wie nicht anders zu erwarten
1909 2020 3070 2068 das Institut hervorgegangen, das dann im Jahre 1898 an die
142 2031 749 2079 er kritischen Würdigung waren.
748 2027 1913 2085 stand, mit freundlichem Beifall aufgenommen. Das Ensemble
143 2059 756 2120 en die Jnnigkeit des gegenseitigen
1905 2060 3070 2114 Oeffentlichkeit trat. Gleich die ersten Vorstellungen begründe¬
744 2067 1913 2131 ist auf derartige Stücke besonders trefflich eingespielt, und hat auch
142 2085 744 2155 doch stets im Rahmen des Ganzen
1916 2104 3073 2152 ten seinen Ruf als die vornehmste Bühne Rußlands. Durch
747 2109 1908 2175 mit dieser Vorstellung einen erneuten Beweis dafür erbracht.
143 2138 749 2190 enlassen der führenden Melodie¬
1902 2143 3078 2194 die Unterstützungen begüterter Mäcene wurde das Unternehmen
754 2150 1905 2219 Auf den Ton liebenswürdigster Grazie war das Spiel abge¬
146 2170 741 2233 geklärt, wie wir es eben nur von
1916 2183 3071 2237 der geschäftlichen Rücksichten auf den Geschmack des großen
753 2188 1907 2253 stimmt; eing feine Harmonie verband die Leistungen aller
139 2198 745 2264 Hut sind. Schade, daß der Ton
1909 2219 3085 2271 Haufens enthoben und die Ausgestaltung eines Repertoires
749 2214 1914 2271 Darsteller, und in dieser Harmonie, in dieser Stileinheit be¬
153 2238 749 2300 abgeklärter Schönheit hinter dem
1909 2265 3071 2317 ermöglicht, in dem neben Tschechow, Tolstoi, Gorki, Ibsen,
748 2263 1909 2319 stand der Hauptreiz des Abends. Von bedeutenderen Einzel¬
151 2284 753 2334 ich bedeutend zurücksteht, was vor
1921 2303 3086 2376 Macterlinck und Gerhart Hauptmann auch Shalespeare und
742 2302 1911 2369 leistungen ist dagegen nichts zu berichten; es sei denn, daß
143 2329 745 2380 etritt. Allerdings hat Herr van
1911 2346 2470 2405 Sophokles zu Worte kamen.
746 2352 1915 2396 man Herrn Pepplers Baron von Montrichard noch eine
126 2353 743 2420 tand gegenüber Herrn van Lier,
742 2378 1435 2453 besondere lobende Erwähnung zollt.
147 2404 743 2458 allen Lagen wundervoll aus¬
1976 2392 3073 2456 Eine Gastspielreise durch die europäischen Großstädte soll
136 2425 743 2495 Wärme und Innigkeit ausstrahlt.
1916 2415 3074 2485 jetzt das Publikum der westlichen Nachbarländer mit dieser
763 2429 1599 2530 NG ae Berliner Theaterbrief.
143 2466 743 2532 Donnerstag einen Sonaten=Abend,
1912 2463 3077 2524 höchsten Blüte der zeitgenössischen russischen Bühnentunst be¬
139 2504 752 2579 ens, nämlich die in D=Dur Op. 10,
828 2500 1910 2569 Aus Berlin wird uns geschrieben: Dem „Moskauer
1919 2516 3070 2564 kannt machen. Berlin bildete die erste Etappe, und am Frei¬
141 2553 747 2612 Op. 90 und in C=Moll Op. 111
751 2547 1909 2618 Künstlerischen Theater“ ging der Ruf voraus, nicht
1901 2563 3070 2610 tag fand in den Räumen des Berliner Theaters die
149 2586 752 2659 , dessen Hauptbedeutung in der
738 2581 1900 2643 nur die erste, künstlerisch vornehmste Bühne Rußlands, son¬
1912 2594 3081 2656 Eröffnungsvorstellung statt, die den Ruf, der dem Moskauer
132 2618 738 2686 en, duftigen Fiaurenwerks liegt,
741 2635 1902 2691 dern auch ein Reforminstitut zu sein, dessen Ziel und Streben
1910 2640 3072 2688 Theater vorangegangen war, vollauf bestätigte. Die fünf¬
165 2671 746 2730 Die D=Dur Sonate wurde so¬
745 2670 1907 2717 auf die Abstellung alteingewurzelter Mißstände und die Er¬
1909 2676 3067 2731 aktige Tragödie „Zar Feodor Joannowitsch“ vom
132 2687 735 2754 ig im Geiste Beethovens angefaßt.
741 2703 1910 2775 schließung neuer Quellen der theatralischen Kunst gerichtet
1920 2712 3071 2786 Grafen Alexei Tolstoi schildert den Niedergang des letz¬
126 2740 754 2792 lene gestochen, die lebhaft=tempera¬
756 2748 1903 2804 sei. Ein modernes Drama besaßen die Russen seit geraumer
1910 2752 3075 2814 ten Herrschers aus dem Hause Rurik. Der gutmütige, krank¬
138 2774 745 2840 nschönen Kraftäußerungen und zu¬
753 2783 1908 2852 Zeit, eine moderne Schauspielkunst aber mangelte ihnen. Der
1908 2800 3070 2847 haft=schwächliche Monarch überläßt die Regierungsgeschäfte sei¬
127 2817 740 2876 äuches an Unklarheit. Das mit
737 2824 1906 2896 neue Geist, der im Laufe des letzten Jahrzehnts die Schau¬
1907 2840 3072 2888 nem energischen, ehrgeizigen und skrupellosen Schwager Boris
132 2843 749 2912 Mennetts klang z. B. nichts weniger
738 2868 1899 2935 bühnen der westeuropäischen Kulturvölker befruchtet und um¬
1906 2872 3068 2936 Godunow, der in seinen, auf die Wiederherstellung einer straf¬
136 2883 739 2937 fach rythmische Eigenmächtigkeiten
747 2918 1912 2971 gestaltet hat, wurde auch in den Gründern des Moskauer Thea¬
1905 2917 3073 2963 fen, absolutistischen Zentralgewalt gerichteten Bestrebungen
145 2933 740 2993 eab bewegten sich jedoch Rislers
747 2945 1912 3012 iers lebendig. „Weg mit dem alten, gedankenlosen Schlendrian
1910 2963 3072 3025 durch das mehr demokratisch gesinnte Geschlecht der Schujstis
119 2953 748 3029 eigender Linie. War der Vortrag
742 2982 1911 3051 der Tradition, weg mit der Schablone, der flachen Routine und
1909 3001 3060 3051 gehindert wird. Die Kämpfe zwischen dem intriganten Poli¬
123 2999 744 3058 nicht ganz schlackenfrei. so erstand
743 3022 1904 3090 dem kunftwidrigen Virtuosentum!“ lautete die Parole. Es
134 3040 740 3103 ders deren köstlicher E=Dur=Satz,
1909 3047 3070 3099 tiker Godunow und dem ehrlichen, alten Haudegen Iwan
755 3074 1912 3132 galt, die Darstellung der Eigenart des dramatischen Werkes
119 3072 740 3140 Die Krone des Abends aber bildete
1918 3083 3069 3136 Schujski bilden den Inhalt des Dramas. Feodor versucht wie¬
738 3106 1903 3170 anzupassen, den ideellen Gehalt der Dichtung hervorzuheben
120 3112 734 3170 Froßen C=Moll=Sonate. Hier
1904 3113 3076 3165 derholt, die Streitigkeiten beizmegen, beschleunigt aber durch
745 3152 1913 3201 und ihn in diskreten, dem modernen Geschmack entsprechenden,
137 3151 747 3213 gensatz der beiden Sätze geradezu
1905 3160 3070 3218 seine Einmischung nur die Katastrophe. Godunow beseitigt
136 3194 754 3252 seinen machtvoll weiterstrebenden,
740 3179 1905 3249 künstlerischen Formen dem Publikum zum Bewußtsein zu
1908 3198 3081 3265 sowohl seinen Rivalen Schujski, als auch den jungen Zare¬
141 3229 751 3293 und Akkorden habe ich selten so
735 3222 1903 3286 bringen. Eine straffe Führung der Regie, die alle virtuosen¬
1901 3238 3066 3297 witsch Dmitri, den Stiefbruder des kinderlosen Feodor, gewinnt
126 3249 1912 3348 spielen gehört. Köstlich war dann haften Seitensprünge verhinderte und die Aufführung zu
1891 3278 3071 3347 dadurch die unbeschräufte Herrschaft über den willensschwachen
139 3311 1906 3387 sten Satze wahre Triumphe feiernde! einem einheitlichen Kunstwerke gestaltete, sowie die Verinner¬
1897 3321 3066 3395 Fürsten und bahnt sich selber den Weg zum Throne. Mit
