3248 4352
1534 170 1993 257 box 24/4
230 171 1382 256 19. Der Ruf des Lebens
2326 479 3191 546 Der dritte Akt. Wie schon eingangs er¬
1273 500 2240 557 minderwertigen Verlangen des erotischen Weib¬
399 502 848 585 Jus ultimae noctis
2240 524 3199 600 wähnt, bin ich nicht in der Lage, mich der
1280 552 2229 609 chens, als vielmehr wieder nur aus dem an¬
838 578 924 634 *
2245 575 3192 639 fast allseitig erfolgten Akklamation, die diesem
1274 599 2223 663 geborenen Impulse, das Leben angesichts des
385 606 1255 692 Es ist die letzte Nacht vor dem Abmar¬
2249 624 3196 682 Akte zu teil wurde, anzuschließen — bei aller
1276 648 2226 704 ihr unlogisch erscheinenden Autodafé's der
293 683 1257 735 sche der blauen Kürassiere, der um 4 Uhr
2250 667 3199 751 ehrlichen Bewunderung Arthur Schnitzler's,
1275 694 2224 761 blauen Kürassiere zu bejahen. Aber Max, der
293 722 1256 789 morgens erfolgen wird. Max ist in seinem
2236 732 3199 790 der unumwundenen Ausdruck zu geben, mir
1273 748 2225 814 mit seinem Tode den am Obersten verübten
2244 777 3201 832 schon wiederholt vergönnt war. Das — im
295 773 1256 843 Zimmer gerade mit dem Ordnen von Brief¬
1270 807 2222 865 Betrug sühnen will, widersteht der Sirene
2241 818 3202 885 dramatischen Sinne — Wesentliche dieses
294 821 1258 905 schafien beschäftigt, als der Oberst des Regi¬
1275 866 2226 920 Irene und heißt sie fortgehen. In diesem
2241 871 3081 950 Aktes, die Schlußszene, eine letzte Bei¬
302 872 1259 927 mentes an dem offenen Fenster vorüber¬
1282 899 2223 953 Augenblicke klirrt das Fenster, durch das der
2233 913 3190 975 des Lebens über einer Leiche, nimmt sich in
295 936 1262 991 kommt. Der Oberst scheint den Offizier zu
1276 953 2228 1006 Oberst hereinspringt und seine Frau erschießt.
2243 970 3192 1047 diesem Akte aus wie ein winziger Brillanten¬
298 979 1262 1041 lieben. Er läßt sich in ein Gespräch mit ihm
1276 1002 2225 1069 Dann wendet er sich zu Max, erklärt ihn für
2240 1028 3189 1093 splitter in unverhältnismäßig gewichtiger Fas¬
305 1025 1256 1087 ein, das für den Oberst eine selbstquälerische
1274 1054 2217 1122 unwürdig, in den ehrenvollen Tod mit ab¬
2242 1078 3199 1142 sung. Was sich sonst noch in diesem Akte an
293 1082 1262 1140 Lektüre in der Seele des Offizieres sein soll.
1284 1116 2225 1175 rücken zu dürfen, ersucht ihn mit tödlicher
945 1125 1256 1193 (was dem Zu¬
2243 1121 3199 1195 Handlung abschließt, vollzieht sich nicht dra¬
307 1128 893 1198 Der Oberst ahnt nämlich,
1277 1153 2225 1221 Liebenswürdigkeit, den vollzogenen Mord auf
2242 1184 3191 1240 matisch, sondern wird in epischer Form gege¬
307 1178 1260 1244 schauer während dieser Szene vollkommen un¬
1277 1199 2230 1272 sich zu nehmen und verläßt Max. Dieser
2240 1230 3207 1285 ben: es wird dem Zuschauer von einer oder
298 1226 1268 1304 verständlich bleiben muß) — daß er von sei¬
1276 1257 2224 1313 nimmt den Revolver zur Hand, um das über
2233 1272 3204 1338 der anderen handelnden Person erzählt.
299 1270 1258 1341 ner Frau mit Max betrogen wird. Wenn auf
1283 1311 2224 1375 ihn verblümt verhängte Todesurteil an sich
2244 1330 3193 1386 Es wird erzählt, daß Katharina ihren im
302 1335 1266 1392 diese geistvolle Szene sofort die aufklärende
1284 1357 2229 1429 selbst zu vollziehen. In diesem Augenblicke
2238 1378 3204 1449 ersten Akte geäußerten Entschluß, die Mutter
307 1395 1265 1454 Handlung folgen würde, müßte sie von ge¬
1277 1413 2228 1465 tritt Marie totenblaß und ruhig hinter dem
2234 1448 3195 1499 zu verlassen, ausgeführt hat; es wird erzählt,
304 1431 1263 1499 waltiger Nachwirkung sein. Sie wird jedoch
1280 1466 2228 1522 Vorhang hervor. Er stellt es ihr mit einer
2243 1474 3193 1540 daß sich der Offizier Max nach jener Liebes¬
306 1490 1266 1560 von einer Zwischenszene (Max und Albrecht)
1276 1509 2230 1586 Handbewegung anheim, fortzugehen. Sie aber
2242 1531 3196 1598 nacht mit Marie erschossen hat; es wird er¬
307 1530 1263 1591 abgelöst, die keinen Einfluß auf den Gang
1271 1567 2227 1635 bleibt stehen, — bleibt trotz alledem! Da
2241 1575 3203 1640 zählt, daß sich Marie dem Gerichte stellen
303 1579 1270 1657 der Handlung und nur den Zweck hat, Ma¬
1283 1620 2229 1676 nimmt er sie mit einem Arme, und mit dem
2242 1631 3196 1696 wollte und daran von Dr. Schindler verhin¬
308 1639 1263 1703 xens Charakter zu kommentieren und auf
1284 1657 2230 1735 andern den Mantel, der über dem Stuhl
2238 1677 3202 1742 dert wurde; es wird erzählt, wie sich das
312 1678 1268 1768 Mariens Erscheinen vorzubekeiten. Als Marie
1281 1726 2233 1789 hängt, hüllt sich und sie darein, eilt mit ihr
2249 1732 3195 1798 Todesopfer der blauen Kürassiere vollzogen
300 1734 1269 1792 eintritt, ist das Zimmer leer. Da sie nahende
1285 1776 2226 1834 davon. Hinter sich versperrt er die Türe. Die
2241 1776 3202 1844 hat. Dramatisch vollzieht sich nur die Tatsache,
301 1788 1270 1847 Stimmen vernimmt, verbirgt sie sich hinter
1283 1825 2228 1883 Szene ist nun leer; nur die tote Irene liegt
2241 1835 3205 1904 daß Katharina nach Hause zurückkehrt, um zu
306 1837 1268 1917 einem Vorhange. Max und Irene, die Gattin
1291 1870 2221 1936 auf dem Fußboden... Draußen der Ruf
2240 1874 3219 1955 sterben .. Über ihre Leiche beugen sich der
310 1901 1271 1970 des Obersten, treten ein. Irene versucht, Max
1289 1938 2615 2008 einer Patrouille . .. Ferne Trompetenstöße. Arzt und Marie:
301 1945 1275 2004 zur Desertion zu bewegen, zur unbehinderten
2326 1961 3213 2058 Marie (zu ihm aufblickend): Sie sind guf.
302 1991 1315 2058 Vereinigung mit ihr — nicht so sehr aus dem
2121 2254 3099 2320 rig. Ein larmoyanter Klageton, ein dumpfes
2130 2313 3097 2384 Litaneienpathos ging immerzu über die
2114 2339 3100 2421 Bühne, — diese drei todgeweihten Offiziere
2123 2420 3083 2476 glichen den Träumern, die ihrem eigenen Be¬
2121 2456 3086 2526 gräbnisse zusehen. Sie waren noch nicht tot,
2122 2510 3090 2580 aber ihrem erst kommenden Tode gingen sie
2125 2549 3094 2640 schon wie pompes funebres voraus . .. Man
2118 2617 3085 2679 atmete erlöst auf, als Frl. Albano auftrat,
2123 2671 3082 2722 um die Tragik im Gewande der Wahrheit ein¬
2122 2703 3084 2778 treten zu lassen. Über die Irene des Frl.
2113 2762 3087 2843 Werner breite ich galant den Schleier christ¬
2124 2806 2536 2889 licher Nächstenliebe.
2197 2851 3089 2918 Im übrigen schien es, als hätte dieses
2117 2911 3084 2972 alte Haus seine sämtlichen Kobolde ausge¬
2118 2966 3092 3028 spien, die da legionenweise auf der Bühne
2121 3021 3082 3093 und in den Schlupfwinkeln hinter den Gold¬
2116 3070 3081 3139 zieraten aus Papiermaché nisten müssen. Es
2117 3114 3084 3184 wir eine Komödie der Irrungen. Da gab es
2114 3169 3083 3247 Wasserkaraffen, die nicht da waren, verschlos¬
2117 3205 3096 3290 sene Türen, die von selber aufgingen, die be¬
2119 3275 3073 3334 kannte Pistole, die, alter, ehrwürdiger Tradi¬
2116 3328 3084 3388 tion gemäß, prinzipiell nur hinter der Szene
2113 3375 3080 3437 losgeht, eine tiefe, „mannigfaltige“ Stille, die
2106 3419 3072 3483 ein entsetzlicher Lärm war, — kurzum: es
2109 3470 3076 3546 spukte, es gruselte einem . . . Und über alles
2113 3525 3085 3601 ergoß ein ultramarinblauer Mond gespenstisch
2111 3581 3070 3645 und geisterhaft seine Strahlen, während ir¬
2105 3624 3069 3697 gendwo am Himmel ein grasgrünes Nord¬
2101 3676 3072 3737 pol Phänomen weltuntergangs=unheimlich er¬
2102 3728 2278 3794 strahlte
2397 3729 3071 3794 Und ein ausverkauftes Haus
2101 3781 3080 3846 bangte unausgesetzt: „O, wär' erst alles vor¬
2103 3821 2250 3898 bei!“
2493 3867 3033 3943 Emanuel Ulrich.
