<?xml version="1.0" encoding="UTF-8" standalone="yes"?>
<PcGts xmlns="http://schema.primaresearch.org/PAGE/gts/pagecontent/2013-07-15" xmlns:xsi="http://www.w3.org/2001/XMLSchema-instance" xsi:schemaLocation="http://schema.primaresearch.org/PAGE/gts/pagecontent/2013-07-15 http://schema.primaresearch.org/PAGE/gts/pagecontent/2013-07-15/pagecontent.xsd">
    <Metadata>
        <Creator>prov=University of Rostock/Institute of Mathematics/CITlab/Gundram Leifert/gundram.leifert@uni-rostock.de:name=ONB_Newseye_GT_M1+(htr_id=10810)::::v=2.4.2
prov=University of Rostock/Institute of Mathematics/CITlab/Tobias Gruening/tobias.gruening@uni-rostock.de:name=de.uros.citlab.module.baseline2polygon.B2PSeamMultiOriented:v=2.4.2
prov=University of Rostock/Institute of Mathematics/CITlab/Tobias Gruening/tobias.gruening@uni-rostock.de:name=/mnt/transkribus/LA/DEA/URO/LA_news_onb_att.pb:de.uros.citlab.segmentation.CITlab_LA_ML:v=2.4.2
Transkribus</Creator>
        <Created>2019-10-07T11:20:36.930+02:00</Created>
        <LastChange>2019-10-08T08:38:13.295+02:00</LastChange>
        <TranskribusMetadata docId="223969" pageId="9497645" pageNr="283" tsid="16507826" status="IN_PROGRESS" userId="40391" imgUrl="https://files.transkribus.eu/Get?id=AILTRNXWOJHELCAFDGRMDGCA&amp;fileType=view" xmlUrl="https://files.transkribus.eu/Get?id=RUKXUOABYEGTNVGENODCZMYL" imageId="6187872"/>
    </Metadata>
    <Page imageFilename="223969_0283.jpeg" imageWidth="3392" imageHeight="4352">
        <ReadingOrder>
            <OrderedGroup id="ro_1711451331466" caption="Regions reading order">
                <RegionRefIndexed index="0" regionRef="r1"/>
            </OrderedGroup>
        </ReadingOrder>
        <TextRegion orientation="0.0" id="r1" custom="readingOrder {index:0;}">
            <Coords points="266,298 266,3337 3344,3337 3344,298"/>
            <TextLine id="r1l1" custom="readingOrder {index:0;}">
                <Coords points="1558,342 1725,354 1775,376 1789,362 1829,373 1887,352 2032,342 2032,295 1982,273 1953,284 1895,265 1848,279 1765,268 1649,296 1595,274 1559,292"/>
                <Baseline points="1575,336 1600,337 1626,337 1652,339 1678,339 1703,340 1729,341 1755,341 1781,342 1806,342 1832,342 1858,342 1884,342 1909,341 1935,341 1961,340 1987,339 2013,337"/>
                <TextEquiv>
                    <Unicode>box 24/3</Unicode>
                </TextEquiv>
            </TextLine>
            <TextLine id="r1l2" custom="readingOrder {index:1;}">
                <Coords points="248,347 1396,377 1420,273 1062,300 791,260 650,295 249,253"/>
                <Baseline points="266,320 322,327 379,334 436,338 493,342 549,345 606,347 663,348 720,349 776,349 833,349 890,349 947,348 1003,347 1060,347 1117,346 1174,346 1230,346 1287,347 1344,349 1401,351"/>
                <TextEquiv>
                    <Unicode>19. Der Ruf des Lebens</Unicode>
                </TextEquiv>
            </TextLine>
            <TextLine id="r1l3" custom="readingOrder {index:2;}">
                <Coords points="431,1747 691,1762 843,1753 864,1750 865,1696 808,1677 735,1697 689,1671 598,1696 540,1669 468,1697 432,1693"/>
                <Baseline points="449,1745 475,1742 501,1741 528,1740 554,1740 581,1740 607,1741 633,1741 660,1742 686,1743 713,1744 739,1744 765,1745 792,1746 818,1746 845,1745"/>
                <TextEquiv>
                    <Unicode>zusammenzustellen.</Unicode>
                </TextEquiv>
            </TextLine>
            <TextLine id="r1l4" custom="readingOrder {index:3;}">
                <Coords points="1528,1764 1589,1763 1650,1776 1676,1766 1683,1773 1763,1772 1765,1696 1715,1695 1700,1705 1671,1689 1632,1688 1602,1702 1581,1686 1552,1696 1530,1692"/>
                <Baseline points="1548,1755 1576,1755 1604,1756 1632,1758 1660,1758 1688,1759 1716,1760 1744,1761"/>
                <TextEquiv>
                    <Unicode></Unicode>
                </TextEquiv>
            </TextLine>
            <TextLine id="r1l5" custom="readingOrder {index:4;}">
                <Coords points="419,1900 510,1858 598,1858 610,1841 653,1833 621,1648 596,1656 561,1641 536,1648 520,1640 474,1652 458,1640 377,1661"/>
                <Baseline points="429,1862 454,1859 480,1854 506,1848 532,1842 557,1837 583,1833 609,1831 635,1832"/>
                <TextEquiv>
                    <Unicode>7</Unicode>
                </TextEquiv>
            </TextLine>
            <TextLine id="r1l6" custom="readingOrder {index:5;}">
                <Coords points="1511,1859 3357,1886 3332,1828 1512,1815"/>
                <Baseline points="1530,1858 1620,1859 1710,1859 1801,1860 1891,1860 1982,1861 2072,1862 2163,1863 2253,1864 2344,1865 2434,1866 2524,1867 2615,1869 2705,1870 2796,1871 2886,1873 2977,1875 3067,1876 3158,1878 3248,1880 3339,1882"/>
                <TextEquiv>
                    <Unicode>stellen, von dem kein Mann lebendig zurückkehren wird. Bühne, nicht hinter den Kulissen, und</Unicode>
                </TextEquiv>
            </TextLine>
            <TextLine id="r1l7" custom="readingOrder {index:6;}">
                <Coords points="616,1879 1399,1907 1512,1890 1513,1807 1386,1813 1339,1849 1108,1799 989,1830 917,1803 757,1827 711,1797 617,1821"/>
                <Baseline points="633,1872 678,1872 723,1871 768,1872 813,1873 859,1874 904,1875 949,1876 994,1878 1039,1879 1085,1881 1130,1882 1175,1883 1220,1883 1265,1883 1311,1883 1356,1882 1401,1880 1446,1877 1492,1873"/>
                <TextEquiv>
                    <Unicode>Wiener Erstaufführungen. „7</Unicode>
                </TextEquiv>
            </TextLine>
            <TextLine id="r1l8" custom="readingOrder {index:7;}">
                <Coords points="1522,1912 2598,1928 2599,1870 1523,1861"/>
                <Baseline points="1541,1905 1593,1906 1645,1906 1697,1907 1749,1908 1801,1909 1853,1909 1905,1910 1957,1911 2009,1912 2061,1913 2113,1913 2165,1914 2217,1915 2269,1916 2321,1916 2373,1917 2425,1918 2477,1919 2529,1919 2581,1920"/>
                <TextEquiv>
                    <Unicode>Das ganze Regiment ist bereits abgerückt bis auf den</Unicode>
                </TextEquiv>
            </TextLine>
            <TextLine id="r1l9" custom="readingOrder {index:8;}">
                <Coords points="2589,1915 2755,1934 2791,1913 2841,1939 3152,1921 3354,1959 3355,1894 3312,1885 2590,1876"/>
                <Baseline points="2606,1919 2642,1920 2678,1921 2715,1922 2751,1923 2788,1924 2824,1925 2861,1926 2897,1927 2934,1928 2970,1928 3006,1929 3043,1930 3079,1931 3116,1932 3152,1933 3189,1933 3225,1934 3262,1935 3298,1936 3335,1936"/>
                <TextEquiv>
                    <Unicode>Personen reden, nicht was sie sich h</Unicode>
                </TextEquiv>
            </TextLine>
            <TextLine id="r1l10" custom="readingOrder {index:9;}">
                <Coords points="436,1930 1465,1948 1516,1942 1517,1905 668,1891 556,1852 437,1883"/>
                <Baseline points="454,1926 506,1926 558,1925 610,1925 662,1926 715,1926 767,1928 819,1929 871,1930 923,1931 976,1933 1028,1934 1080,1935 1132,1937 1184,1938 1237,1939 1289,1939 1341,1940 1393,1939 1445,1939 1498,1938"/>
                <TextEquiv>
                    <Unicode>„Der Ruf des Lebens,“ Schauspiel in drei Auf¬</Unicode>
                </TextEquiv>
            </TextLine>
            <TextLine id="r1l11" custom="readingOrder {index:10;}">
                <Coords points="1514,1967 2605,1990 2584,1910 1515,1902"/>
                <Baseline points="1531,1951 1583,1953 1636,1955 1689,1957 1742,1958 1795,1960 1848,1961 1900,1961 1953,1962 2006,1963 2059,1963 2112,1963 2165,1964 2218,1964 2270,1964 2323,1964 2376,1964 2429,1964 2482,1964 2535,1965 2588,1965"/>
                <TextEquiv>
                    <Unicode>Oberst und eine einzige Schwadron. Bei dieser aber steht</Unicode>
                </TextEquiv>
            </TextLine>
            <TextLine id="r1l12" custom="readingOrder {index:11;}">
                <Coords points="434,1967 1514,1995 1515,1937 435,1927"/>
                <Baseline points="454,1969 506,1968 558,1967 610,1966 662,1966 714,1966 766,1967 818,1967 870,1968 922,1969 975,1970 1027,1971 1079,1972 1131,1973 1183,1974 1235,1975 1287,1976 1339,1976 1391,1977 1443,1977 1496,1977"/>
                <TextEquiv>
                    <Unicode>zügen von Artur Schn##ler (Deutsches Volkstheater).</Unicode>
                </TextEquiv>
            </TextLine>
            <TextLine id="r1l13" custom="readingOrder {index:12;}">
                <Coords points="2593,1978 3315,1990 3348,1984 3349,1941 2594,1923"/>
                <Baseline points="2611,1966 2647,1967 2683,1968 2719,1969 2755,1970 2791,1971 2827,1972 2863,1973 2899,1973 2935,1975 2971,1976 3007,1977 3043,1977 3079,1978 3115,1979 3151,1980 3187,1980 3223,1981 3259,1981 3295,1981 3331,1981"/>
                <TextEquiv>
                    <Unicode>denken. Und in diesem Sinne ist „Der</Unicode>
                </TextEquiv>
            </TextLine>
            <TextLine id="r1l14" custom="readingOrder {index:13;}">
                <Coords points="1523,2006 2600,2033 2601,1961 1524,1956"/>
                <Baseline points="1542,1997 1594,1998 1646,1999 1698,2000 1750,2002 1802,2003 1854,2004 1906,2005 1958,2006 2010,2007 2062,2008 2114,2010 2166,2010 2218,2011 2270,2011 2322,2012 2374,2012 2426,2012 2478,2011 2530,2011 2583,2010"/>
                <TextEquiv>
                    <Unicode>der Leutnant Max, den Marie vor einem halben Jahre</Unicode>
                </TextEquiv>
            </TextLine>
            <TextLine id="r1l15" custom="readingOrder {index:14;}">
                <Coords points="523,2027 686,2001 1520,2028 1521,1973 524,1973"/>
                <Baseline points="540,2006 588,2006 636,2007 684,2007 732,2008 780,2008 828,2009 876,2010 924,2011 972,2012 1021,2013 1069,2013 1117,2014 1165,2015 1213,2016 1261,2017 1309,2017 1357,2017 1405,2018 1453,2018 1502,2018"/>
                <TextEquiv>
                    <Unicode>„Baron Liederlich,“ Komödie in drei Akten</Unicode>
                </TextEquiv>
            </TextLine>
            <TextLine id="r1l16" custom="readingOrder {index:15;}">
                <Coords points="2585,2023 3087,2039 3225,2012 3282,2039 3337,2025 3338,1982 2586,1984"/>
                <Baseline points="2604,2014 2639,2015 2675,2016 2710,2017 2746,2018 2782,2019 2817,2020 2853,2020 2889,2021 2924,2022 2960,2023 2996,2023 3031,2024 3067,2024 3103,2024 3138,2025 3174,2025 3210,2025 3245,2026 3281,2026 3317,2026"/>
                <TextEquiv>
                    <Unicode>ein ungemein roh gezimmertes und</Unicode>
                </TextEquiv>
            </TextLine>
            <TextLine id="r1l17" custom="readingOrder {index:16;}">
                <Coords points="431,2072 905,2043 1464,2086 1526,2055 1526,2015 432,2011"/>
                <Baseline points="449,2044 501,2044 554,2044 607,2044 660,2045 713,2045 766,2046 818,2047 871,2047 924,2048 977,2049 1030,2050 1083,2050 1136,2051 1188,2052 1241,2053 1294,2054 1347,2055 1400,2055 1453,2056 1506,2057"/>
                <TextEquiv>
                    <Unicode>von Heinrich Schrottenbach (Theater in der</Unicode>
                </TextEquiv>
            </TextLine>
            <TextLine id="r1l18" custom="readingOrder {index:17;}">
                <Coords points="1525,2055 2591,2073 2591,2030 2555,2019 1526,2008"/>
                <Baseline points="1543,2050 1594,2050 1646,2050 1697,2050 1749,2050 1800,2051 1852,2052 1903,2053 1955,2053 2006,2055 2058,2055 2110,2056 2161,2057 2213,2058 2264,2059 2316,2060 2367,2060 2419,2061 2470,2061 2522,2061 2574,2061"/>
                <TextEquiv>
                    <Unicode>auf einem Balle kennen gelernt und dem sich</Unicode>
                </TextEquiv>
            </TextLine>
            <TextLine id="r1l19" custom="readingOrder {index:18;}">
                <Coords points="2594,2064 2941,2098 3151,2074 3266,2105 3338,2096 3340,2024 3300,2044 3231,2021 2595,2025"/>
                <Baseline points="2611,2063 2646,2063 2682,2062 2717,2062 2753,2063 2788,2063 2824,2063 2859,2064 2895,2065 2930,2065 2966,2066 3001,2067 3037,2068 3072,2069 3108,2070 3143,2071 3179,2073 3214,2074 3250,2075 3285,2077 3321,2078"/>
                <TextEquiv>
                    <Unicode>Stück, mehr kraftmeierisch als kräftig, s</Unicode>
                </TextEquiv>
            </TextLine>
            <TextLine id="r1l20" custom="readingOrder {index:19;}">
                <Coords points="841,2090 964,2103 1120,2088 1120,2059 1080,2062 1066,2051 1041,2058 990,2046 954,2053 900,2044 875,2058 842,2058"/>
                <Baseline points="861,2088 887,2089 914,2091 941,2091 968,2091 994,2091 1021,2091 1048,2092 1075,2093 1102,2095"/>
                <TextEquiv>
                    <Unicode>Jösefstadt.)</Unicode>
                </TextEquiv>
            </TextLine>
            <TextLine id="r1l21" custom="readingOrder {index:20;}">
                <Coords points="1525,2102 2031,2123 2140,2091 2183,2121 2440,2102 2602,2133 2603,2057 1526,2055"/>
                <Baseline points="1543,2098 1595,2098 1647,2098 1699,2098 1751,2099 1803,2099 1855,2100 1907,2101 1959,2102 2011,2103 2063,2104 2115,2105 2167,2106 2219,2107 2271,2107 2323,2108 2375,2108 2427,2108 2479,2107 2531,2106 2584,2105"/>
                <TextEquiv>
                    <Unicode>völlig hinzugeben, sie soeben ihren Vater getötet</Unicode>
                </TextEquiv>
            </TextLine>
            <TextLine id="r1l22" custom="readingOrder {index:21;}">
                <Coords points="2595,2132 2631,2140 2664,2122 2693,2134 2718,2116 2747,2128 2758,2121 2798,2128 2863,2115 2863,2083 2834,2082 2806,2067 2723,2077 2676,2068 2632,2075 2596,2063"/>
                <Baseline points="2613,2110 2638,2108 2664,2108 2690,2108 2716,2108 2742,2109 2768,2111 2794,2111 2820,2112 2846,2111"/>
                <TextEquiv>
                    <Unicode>philosophisch.</Unicode>
                </TextEquiv>
            </TextLine>
            <TextLine id="r1l23" custom="readingOrder {index:22;}">
                <Coords points="534,2141 1220,2160 1409,2123 1528,2151 1500,2092 1327,2071 932,2101 648,2063 535,2090"/>
                <Baseline points="554,2127 601,2129 649,2130 697,2132 744,2133 792,2134 840,2135 887,2136 935,2137 983,2138 1031,2139 1078,2139 1126,2140 1174,2141 1221,2141 1269,2142 1317,2142 1364,2143 1412,2143 1460,2144 1508,2145"/>
                <TextEquiv>
                    <Unicode>Der Untertitel „Schauspiel“, nicht „Komödie“ be¬</Unicode>
                </TextEquiv>
            </TextLine>
            <TextLine id="r1l24" custom="readingOrder {index:23;}">
                <Coords points="1517,2154 2590,2156 2590,2105 1517,2107"/>
                <Baseline points="1534,2147 1585,2148 1637,2149 1689,2150 1741,2151 1793,2151 1845,2152 1897,2152 1949,2153 2001,2153 2053,2153 2104,2153 2156,2153 2208,2153 2260,2153 2312,2153 2364,2153 2416,2154 2468,2154 2520,2154 2572,2154"/>
                <TextEquiv>
                    <Unicode>hat. Derselbe Max hat ein ehebrecherisches Verhältnis</Unicode>
                </TextEquiv>
            </TextLine>
            <TextLine id="r1l25" custom="readingOrder {index:24;}">
                <Coords points="2680,2168 3041,2180 3082,2160 3110,2179 3323,2184 3352,2174 3354,2131 3296,2104 3245,2128 3123,2099 3039,2123 2964,2095 2682,2117"/>
                <Baseline points="2700,2156 2731,2158 2763,2160 2794,2161 2826,2163 2858,2164 2889,2165 2921,2166 2953,2166 2984,2167 3016,2168 3048,2168 3079,2169 3111,2169 3143,2170 3174,2170 3206,2171 3238,2172 3269,2173 3301,2174 3333,2176"/>
                <TextEquiv>
                    <Unicode>Kein Schöpfer steht seinem Gesch</Unicode>
                </TextEquiv>
            </TextLine>
            <TextLine id="r1l26" custom="readingOrder {index:25;}">
                <Coords points="436,2187 1523,2215 1524,2154 436,2122"/>
                <Baseline points="455,2180 507,2181 560,2182 612,2182 665,2183 717,2184 770,2185 822,2186 875,2186 927,2187 980,2187 1033,2188 1085,2189 1138,2189 1190,2190 1243,2190 1295,2191 1348,2191 1400,2192 1453,2193 1506,2193"/>
                <TextEquiv>
                    <Unicode>reitete gewiß auch jene, die weder das 1906 er¬</Unicode>
                </TextEquiv>
            </TextLine>
            <TextLine id="r1l27" custom="readingOrder {index:26;}">
                <Coords points="1516,2199 2441,2223 2596,2203 2597,2153 1517,2156"/>
                <Baseline points="1535,2194 1587,2195 1639,2196 1691,2196 1743,2197 1796,2198 1848,2198 1900,2199 1952,2200 2004,2200 2057,2201 2109,2202 2161,2203 2213,2203 2265,2204 2318,2205 2370,2206 2422,2206 2474,2207 2526,2208 2579,2208"/>
                <TextEquiv>
                    <Unicode>mit der Frau seines Obersten, die ihn bewegen will, mit</Unicode>
                </TextEquiv>
            </TextLine>
            <TextLine id="r1l28" custom="readingOrder {index:27;}">
                <Coords points="2593,2213 3348,2227 3348,2176 3142,2183 3081,2160 3038,2185 2792,2184 2699,2153 2594,2162"/>
                <Baseline points="2610,2210 2647,2209 2685,2209 2723,2209 2761,2209 2799,2209 2837,2210 2874,2211 2912,2211 2950,2212 2988,2213 3026,2214 3064,2216 3101,2216 3139,2217 3177,2218 3215,2219 3253,2219 3291,2220 3329,2220"/>
                <TextEquiv>
                    <Unicode>gegenüber, und es wäre daher auch von</Unicode>
                </TextEquiv>
            </TextLine>
            <TextLine id="r1l29" custom="readingOrder {index:28;}">
                <Coords points="443,2235 967,2224 1273,2261 1523,2232 1523,2192 443,2188"/>
                <Baseline points="461,2229 513,2229 565,2229 617,2229 669,2229 721,2230 773,2231 826,2231 878,2232 930,2233 982,2234 1034,2235 1086,2236 1138,2237 1191,2238 1243,2239 1295,2239 1347,2240 1399,2240 1451,2240 1504,2240"/>
                <TextEquiv>
                    <Unicode>schienene Buch, noch die Berichte über die Berliner</Unicode>
                </TextEquiv>
            </TextLine>
            <TextLine id="r1l30" custom="readingOrder {index:29;}">
                <Coords points="1516,2246 2589,2267 2590,2202 1517,2199"/>
                <Baseline points="1534,2240 1585,2241 1637,2242 1689,2243 1741,2244 1793,2244 1845,2246 1897,2246 1949,2247 2001,2248 2053,2249 2104,2250 2156,2250 2208,2251 2260,2252 2312,2252 2364,2252 2416,2253 2468,2253 2520,2253 2572,2253"/>
                <TextEquiv>
                    <Unicode>ihr ins Leben zu fliehen, anstatt mit den Kameraden in den</Unicode>
                </TextEquiv>
            </TextLine>
            <TextLine id="r1l31" custom="readingOrder {index:30;}">
                <Coords points="2592,2266 3358,2288 3352,2212 3229,2231 2593,2215"/>
                <Baseline points="2609,2254 2645,2254 2682,2255 2718,2257 2755,2257 2791,2259 2828,2260 2864,2261 2901,2262 2937,2263 2974,2264 3010,2266 3047,2266 3083,2267 3120,2268 3156,2269 3193,2269 3229,2270 3266,2270 3302,2270 3339,2269"/>
                <TextEquiv>
                    <Unicode>verlangt, daß er nach der sonnabendlich</Unicode>
                </TextEquiv>
            </TextLine>
            <TextLine id="r1l32" custom="readingOrder {index:31;}">
                <Coords points="445,2282 1522,2291 1522,2233 1276,2259 446,2235"/>
                <Baseline points="463,2278 517,2278 572,2279 627,2279 681,2280 736,2280 791,2281 845,2282 900,2283 955,2284 1009,2285 1064,2286 1119,2287 1173,2288 1228,2288 1283,2289 1337,2289 1392,2288 1447,2288 1502,2287"/>
                <TextEquiv>
                    <Unicode>Uraufführung im Gevächtnis hatten, auf Arges und</Unicode>
                </TextEquiv>
            </TextLine>
            <TextLine id="r1l33" custom="readingOrder {index:32;}">
                <Coords points="1514,2301 2533,2314 2594,2293 2595,2246 1514,2247"/>
                <Baseline points="1531,2293 1583,2293 1635,2292 1687,2293 1739,2293 1792,2293 1844,2294 1896,2294 1948,2295 2000,2296 2053,2297 2105,2297 2157,2298 2209,2299 2261,2299 2314,2300 2366,2300 2418,2300 2470,2300 2522,2300 2575,2299"/>
                <TextEquiv>
                    <Unicode>Tod zu reiten. Marie kommt eben zurecht, diese nieder¬</Unicode>
                </TextEquiv>
            </TextLine>
            <TextLine id="r1l34" custom="readingOrder {index:33;}">
                <Coords points="2591,2310 2815,2307 2912,2334 3068,2308 3093,2327 3342,2324 3336,2273 2592,2263"/>
                <Baseline points="2609,2303 2644,2303 2680,2304 2716,2304 2752,2305 2788,2306 2823,2306 2859,2307 2895,2308 2931,2309 2967,2310 3002,2310 3038,2311 3074,2312 3110,2312 3146,2313 3181,2313 3217,2314 3253,2314 3289,2315 3325,2315"/>
                <TextEquiv>
                    <Unicode>aufführung den „Ruf des Lebens“ für</Unicode>
                </TextEquiv>
            </TextLine>
            <TextLine id="r1l35" custom="readingOrder {index:34;}">
                <Coords points="436,2320 630,2355 746,2327 1512,2331 1512,2295 436,2277"/>
                <Baseline points="454,2325 508,2325 563,2326 618,2326 672,2327 727,2327 782,2327 836,2328 891,2328 946,2329 1000,2329 1055,2330 1110,2330 1164,2331 1219,2332 1274,2332 1328,2333 1383,2334 1438,2335 1493,2336"/>
                <TextEquiv>
                    <Unicode>Trauriges vor. Eine solche Anhäufung aufregendster Ge¬</Unicode>
                </TextEquiv>
            </TextLine>
            <TextLine id="r1l36" custom="readingOrder {index:35;}">
                <Coords points="1513,2356 2542,2366 2589,2355 2590,2297 1513,2298"/>
                <Baseline points="1532,2339 1583,2339 1635,2340 1687,2340 1739,2341 1791,2341 1843,2342 1895,2343 1947,2344 1999,2344 2051,2345 2102,2346 2154,2347 2206,2347 2258,2348 2310,2348 2362,2348 2414,2348 2466,2347 2518,2347 2570,2345"/>
                <TextEquiv>
                    <Unicode>schmetternde Unterredung vom Schlafalkoven des Kasernen¬</Unicode>
                </TextEquiv>
            </TextLine>
            <TextLine id="r1l37" custom="readingOrder {index:36;}">
                <Coords points="2593,2358 3348,2375 3349,2325 3226,2308 3067,2309 3045,2330 2594,2311"/>
                <Baseline points="2611,2352 2648,2352 2686,2352 2724,2352 2762,2353 2800,2354 2838,2354 2875,2355 2913,2356 2951,2357 2989,2358 3027,2358 3065,2359 3102,2360 3140,2361 3178,2362 3216,2362 3254,2363 3292,2363 3330,2363"/>
                <TextEquiv>
                    <Unicode>periment erkläre. Daß aber der Beisa</Unicode>
                </TextEquiv>
            </TextLine>
            <TextLine id="r1l38" custom="readingOrder {index:37;}">
                <Coords points="437,2383 1521,2397 1521,2332 437,2326"/>
                <Baseline points="457,2375 509,2376 561,2376 613,2377 666,2377 718,2378 770,2378 822,2378 875,2379 927,2379 979,2379 1031,2379 1084,2380 1136,2380 1188,2380 1240,2380 1293,2381 1345,2381 1397,2381 1449,2382 1502,2383"/>
                <TextEquiv>
                    <Unicode>schehnisse hatte aber doch wohl niemand von ihnen er¬</Unicode>
                </TextEquiv>
            </TextLine>
            <TextLine id="r1l39" custom="readingOrder {index:38;}">
                <Coords points="1510,2398 2587,2408 2566,2350 1511,2344"/>
                <Baseline points="1530,2390 1581,2389 1633,2389 1685,2389 1737,2389 1789,2389 1841,2389 1893,2390 1945,2390 1997,2391 2049,2391 2100,2392 2152,2392 2204,2393 2256,2394 2308,2395 2360,2395 2412,2396 2464,2396 2516,2397 2568,2397"/>
                <TextEquiv>
                    <Unicode>zimmers aus entsetzt mitanzuhören. Allein auch der be¬</Unicode>
                </TextEquiv>
            </TextLine>
            <TextLine id="r1l40" custom="readingOrder {index:39;}">
                <Coords points="2589,2416 3105,2431 3200,2411 3355,2432 3356,2378 2590,2354"/>
                <Baseline points="2609,2402 2645,2402 2681,2402 2717,2402 2754,2402 2790,2403 2826,2403 2863,2404 2899,2404 2935,2405 2972,2406 3008,2407 3044,2408 3080,2409 3117,2410 3153,2411 3189,2412 3226,2413 3262,2414 3298,2416 3335,2417"/>
                <TextEquiv>
                    <Unicode>dem ersten Akte vergeblich, nach dem zu</Unicode>
                </TextEquiv>
            </TextLine>
            <TextLine id="r1l41" custom="readingOrder {index:40;}">
                <Coords points="438,2422 1518,2449 1519,2391 1490,2387 439,2382"/>
                <Baseline points="457,2424 509,2423 561,2423 613,2423 666,2424 718,2424 770,2425 822,2425 875,2426 927,2426 979,2427 1031,2428 1084,2428 1136,2429 1188,2430 1240,2431 1293,2432 1345,2432 1397,2433 1449,2433 1502,2433"/>
                <TextEquiv>
                    <Unicode>wartet. Als erster Aktschluß Vatermord, als zweiter</Unicode>
                </TextEquiv>
            </TextLine>
            <TextLine id="r1l42" custom="readingOrder {index:41;}">
                <Coords points="1513,2442 2550,2462 2587,2408 1514,2377"/>
                <Baseline points="1530,2435 1581,2436 1633,2438 1685,2439 1737,2440 1789,2441 1841,2441 1893,2442 1945,2443 1997,2443 2049,2444 2100,2444 2152,2444 2204,2445 2256,2445 2308,2446 2360,2446 2412,2447 2464,2448 2516,2449 2568,2450"/>
                <TextEquiv>
                    <Unicode>trogene Gatte hört sie, springt durchs Fenster herein,</Unicode>
                </TextEquiv>
            </TextLine>
            <TextLine id="r1l43" custom="readingOrder {index:42;}">
                <Coords points="2589,2450 2791,2471 2896,2448 3202,2485 3340,2465 3341,2418 2589,2399"/>
                <Baseline points="2607,2450 2642,2450 2678,2450 2714,2451 2750,2452 2786,2452 2821,2453 2857,2454 2893,2454 2929,2455 2965,2456 3000,2457 3036,2458 3072,2458 3108,2459 3144,2459 3179,2459 3215,2459 3251,2459 3287,2459 3323,2458"/>
                <TextEquiv>
                    <Unicode>vor die Rampe rief, der zielbewußte</Unicode>
                </TextEquiv>
            </TextLine>
            <TextLine id="r1l44" custom="readingOrder {index:43;}">
                <Coords points="439,2466 1523,2501 1502,2425 440,2433"/>
                <Baseline points="458,2468 510,2469 562,2470 614,2470 667,2471 719,2471 771,2472 824,2472 876,2472 928,2473 981,2473 1033,2474 1085,2474 1137,2475 1190,2475 1242,2476 1294,2478 1347,2479 1399,2480 1451,2482 1504,2484"/>
                <TextEquiv>
                    <Unicode>Gattenmord, als dritter Tod an Lungenschwindsucht: das</Unicode>
                </TextEquiv>
            </TextLine>
            <TextLine id="r1l45" custom="readingOrder {index:44;}">
                <Coords points="1509,2486 2586,2502 2586,2463 2427,2446 1510,2439"/>
                <Baseline points="1528,2484 1580,2484 1632,2485 1684,2485 1736,2486 1788,2487 1840,2487 1892,2488 1944,2488 1996,2489 2048,2490 2100,2490 2152,2491 2204,2492 2256,2492 2308,2493 2360,2494 2412,2494 2464,2495 2516,2495 2568,2496"/>
                <TextEquiv>
                    <Unicode>schießt seine Frau über den Haufen und ersucht den Herrn</Unicode>
                </TextEquiv>
            </TextLine>
            <TextLine id="r1l46" custom="readingOrder {index:45;}">
                <Coords points="2581,2507 3351,2519 3352,2450 2582,2453"/>
                <Baseline points="2599,2499 2635,2498 2672,2498 2709,2498 2745,2498 2782,2498 2819,2499 2855,2500 2892,2500 2929,2502 2966,2503 3002,2503 3039,2505 3076,2506 3112,2507 3149,2507 3186,2508 3222,2509 3259,2509 3296,2509 3333,2509"/>
                <TextEquiv>
                    <Unicode>wollender Voreingenommenheit, unbedi</Unicode>
                </TextEquiv>
            </TextLine>
            <TextLine id="r1l47" custom="readingOrder {index:46;}">
                <Coords points="437,2533 1484,2540 1514,2483 438,2479"/>
                <Baseline points="454,2519 506,2518 558,2518 610,2517 662,2517 714,2517 766,2518 818,2518 870,2519 922,2520 974,2521 1026,2523 1078,2524 1130,2525 1182,2526 1234,2528 1286,2529 1338,2530 1390,2532 1442,2533 1494,2533"/>
                <TextEquiv>
                    <Unicode>sind so die stärksten, aber beiweitem noch nicht alle starken</Unicode>
                </TextEquiv>
            </TextLine>
            <TextLine id="r1l48" custom="readingOrder {index:47;}">
                <Coords points="1509,2530 2589,2560 2589,2509 2517,2501 1509,2498"/>
                <Baseline points="1526,2530 1578,2531 1630,2533 1682,2534 1734,2536 1787,2536 1839,2537 1891,2538 1943,2538 1995,2538 2048,2539 2100,2539 2152,2539 2204,2540 2256,2540 2309,2540 2361,2541 2413,2541 2465,2542 2517,2543 2570,2544"/>
                <TextEquiv>
                    <Unicode>Leutnant höhnisch, diesen Mord auf sich zu nehmen. Max</Unicode>
                </TextEquiv>
            </TextLine>
            <TextLine id="r1l49" custom="readingOrder {index:48;}">
                <Coords points="2579,2552 3356,2560 3356,2520 3281,2512 2580,2508"/>
                <Baseline points="2596,2545 2633,2545 2670,2546 2707,2546 2744,2547 2781,2547 2818,2548 2855,2548 2892,2549 2929,2550 2967,2550 3004,2551 3041,2552 3078,2552 3115,2553 3152,2554 3189,2554 3226,2555 3263,2555 3300,2555 3338,2555"/>
                <TextEquiv>
                    <Unicode>begeisterung war, wird er selbst kaum leug</Unicode>
                </TextEquiv>
            </TextLine>
            <TextLine id="r1l50" custom="readingOrder {index:49;}">
                <Coords points="436,2575 1505,2605 1506,2540 437,2532"/>
                <Baseline points="453,2567 504,2566 556,2566 607,2566 659,2567 711,2567 762,2568 814,2569 866,2570 917,2571 969,2572 1021,2573 1072,2574 1124,2575 1176,2575 1227,2576 1279,2577 1331,2577 1382,2578 1434,2578 1486,2578"/>
                <TextEquiv>
                    <Unicode>dramatischen Effekte des Schnitzlerschen Stückes, das</Unicode>
                </TextEquiv>
            </TextLine>
            <TextLine id="r1l51" custom="readingOrder {index:50;}">
                <Coords points="1509,2589 2582,2602 2582,2559 2463,2547 1509,2531"/>
                <Baseline points="1526,2583 1577,2584 1629,2584 1681,2584 1733,2585 1785,2585 1837,2585 1889,2586 1941,2586 1993,2587 2045,2587 2096,2588 2148,2588 2200,2589 2252,2589 2304,2590 2356,2590 2408,2591 2460,2591 2512,2592 2564,2592"/>
                <TextEquiv>
                    <Unicode>begeht Selbstmord. Und Marie? Sie, die den „Ruf des</Unicode>
                </TextEquiv>
            </TextLine>
            <TextLine id="r1l52" custom="readingOrder {index:51;}">
                <Coords points="2583,2601 2937,2603 3027,2630 3089,2605 3316,2620 3356,2606 3357,2555 2584,2551"/>
                <Baseline points="2602,2595 2638,2595 2675,2595 2712,2595 2749,2596 2786,2596 2822,2597 2859,2598 2896,2598 2933,2599 2970,2600 3006,2600 3043,2601 3080,2602 3117,2602 3154,2603 3190,2603 3227,2604 3264,2604 3301,2604 3338,2604"/>
                <TextEquiv>
                    <Unicode>daß seinem Werke nicht zu einem dauern</Unicode>
                </TextEquiv>
            </TextLine>
            <TextLine id="r1l53" custom="readingOrder {index:52;}">
                <Coords points="433,2632 1178,2629 1178,2590 1030,2574 434,2582"/>
                <Baseline points="450,2615 485,2615 521,2615 556,2615 592,2615 627,2615 663,2615 698,2615 734,2615 769,2615 805,2615 840,2615 876,2616 911,2616 947,2616 982,2617 1018,2617 1053,2618 1089,2618 1124,2619 1160,2619"/>
                <TextEquiv>
                    <Unicode>„Der Ruf des Lebens“ heißt ...</Unicode>
                </TextEquiv>
            </TextLine>
            <TextLine id="r1l54" custom="readingOrder {index:53;}">
                <Coords points="1516,2636 2581,2653 2581,2592 1516,2589"/>
                <Baseline points="1535,2632 1586,2632 1637,2632 1689,2633 1740,2633 1791,2633 1843,2633 1894,2634 1945,2634 1997,2634 2048,2634 2099,2634 2151,2635 2202,2635 2253,2635 2305,2636 2356,2636 2407,2637 2459,2638 2510,2638 2562,2639"/>
                <TextEquiv>
                    <Unicode>Lebens“ zu spät vernommen, ihren Vater umsonst geopfert</Unicode>
                </TextEquiv>
            </TextLine>
            <TextLine id="r1l55" custom="readingOrder {index:54;}">
                <Coords points="2587,2658 3328,2666 3353,2663 3354,2609 2588,2600"/>
                <Baseline points="2604,2643 2640,2643 2677,2644 2713,2644 2750,2645 2786,2645 2823,2646 2859,2647 2896,2648 2932,2649 2969,2650 3005,2651 3042,2652 3078,2652 3115,2653 3151,2653 3188,2653 3224,2653 3261,2653 3297,2652 3334,2651"/>
                <TextEquiv>
                    <Unicode>zu verhelfen ist, wenn ihm die Darstel</Unicode>
                </TextEquiv>
            </TextLine>
            <TextLine id="r1l56" custom="readingOrder {index:55;}">
                <Coords points="532,2675 1511,2687 1512,2632 533,2617"/>
                <Baseline points="550,2661 597,2662 644,2663 691,2664 738,2665 786,2665 833,2666 880,2666 927,2667 974,2667 1022,2668 1069,2669 1116,2669 1163,2670 1210,2671 1258,2672 1305,2673 1352,2674 1399,2675 1446,2676 1494,2678"/>
                <TextEquiv>
                    <Unicode>Den tödlichen Schlaftrunk, den ein doppelt mitleidiger</Unicode>
                </TextEquiv>
            </TextLine>
            <TextLine id="r1l57" custom="readingOrder {index:56;}">
                <Coords points="1510,2688 2583,2698 2583,2647 2432,2631 2258,2658 1511,2633"/>
                <Baseline points="1530,2678 1581,2678 1633,2679 1685,2680 1736,2680 1788,2681 1840,2681 1891,2681 1943,2682 1995,2682 2047,2682 2098,2683 2150,2683 2202,2684 2253,2684 2305,2685 2357,2685 2408,2686 2460,2687 2512,2688 2564,2689"/>
                <TextEquiv>
                    <Unicode>hat, sehen wir „auf dem Lande“ wieder, wo sie mit dem</Unicode>
                </TextEquiv>
            </TextLine>
            <TextLine id="r1l58" custom="readingOrder {index:57;}">
                <Coords points="2584,2700 3281,2713 3349,2707 3350,2664 2584,2657"/>
                <Baseline points="2602,2687 2638,2688 2675,2690 2711,2691 2748,2692 2784,2693 2821,2694 2857,2695 2894,2695 2930,2696 2967,2697 3004,2697 3040,2698 3077,2698 3113,2699 3150,2699 3186,2700 3223,2700 3259,2701 3296,2701 3333,2702"/>
                <TextEquiv>
                    <Unicode>theaters nicht dazu verhilft. Denn sie er</Unicode>
                </TextEquiv>
            </TextLine>
            <TextLine id="r1l59" custom="readingOrder {index:58;}">
                <Coords points="437,2713 1503,2737 1504,2676 691,2681 438,2637"/>
                <Baseline points="457,2708 508,2709 559,2709 611,2710 662,2711 713,2711 765,2712 816,2713 867,2714 919,2715 970,2716 1021,2716 1073,2717 1124,2718 1175,2719 1227,2720 1278,2721 1329,2722 1381,2722 1432,2723 1484,2724"/>
                <TextEquiv>
                    <Unicode>Arzt gemischt, reicht Marie Moserihrem greisen, kranken Vater,</Unicode>
                </TextEquiv>
            </TextLine>
            <TextLine id="r1l60" custom="readingOrder {index:59;}">
                <Coords points="1515,2737 2581,2760 2582,2699 2477,2690 1516,2687"/>
                <Baseline points="1532,2726 1583,2727 1635,2727 1686,2727 1738,2728 1790,2728 1841,2728 1893,2729 1944,2729 1996,2729 2048,2730 2099,2731 2151,2731 2202,2732 2254,2733 2306,2733 2357,2734 2409,2735 2460,2736 2512,2738 2564,2739"/>
                <TextEquiv>
                    <Unicode>gefälligen Arzte, einem abgewiesenen Freier, ihrer Tante</Unicode>
                </TextEquiv>
            </TextLine>
            <TextLine id="r1l61" custom="readingOrder {index:60;}">
                <Coords points="2582,2744 3344,2759 3345,2708 3284,2700 2926,2718 2583,2694"/>
                <Baseline points="2600,2737 2636,2738 2672,2739 2709,2740 2745,2740 2781,2742 2818,2743 2854,2743 2890,2744 2927,2745 2963,2746 2999,2746 3036,2747 3072,2748 3108,2748 3145,2749 3181,2749 3217,2750 3254,2750 3290,2750 3327,2750"/>
                <TextEquiv>
                    <Unicode>Menschenmögliche, Höchste von präzise</Unicode>
                </TextEquiv>
            </TextLine>
            <TextLine id="r1l62" custom="readingOrder {index:61;}">
                <Coords points="432,2775 1400,2792 1512,2776 1513,2722 433,2710"/>
                <Baseline points="451,2759 503,2758 555,2758 607,2758 659,2759 711,2759 763,2760 816,2761 868,2761 920,2763 972,2764 1024,2765 1076,2766 1128,2768 1181,2769 1233,2770 1285,2771 1337,2772 1389,2772 1441,2773 1494,2773"/>
                <TextEquiv>
                    <Unicode>weil sie dessen Tyrannei und Kerkermeisterschaft nicht länger</Unicode>
                </TextEquiv>
            </TextLine>
            <TextLine id="r1l63" custom="readingOrder {index:62;}">
                <Coords points="1507,2768 2576,2808 2577,2739 1508,2721"/>
                <Baseline points="1524,2773 1575,2774 1627,2775 1679,2775 1731,2776 1783,2776 1834,2777 1886,2777 1938,2778 1990,2778 2042,2779 2093,2779 2145,2780 2197,2780 2249,2781 2301,2781 2352,2782 2404,2782 2456,2783 2508,2784 2560,2785"/>
                <TextEquiv>
                    <Unicode>und deren an allzu großer Lebenslust zugrundegehender</Unicode>
                </TextEquiv>
            </TextLine>
            <TextLine id="r1l64" custom="readingOrder {index:63;}">
                <Coords points="2582,2794 3345,2808 3345,2754 2583,2747"/>
                <Baseline points="2600,2787 2636,2788 2672,2789 2709,2790 2745,2791 2782,2792 2818,2793 2854,2794 2891,2794 2927,2795 2964,2795 3000,2795 3036,2796 3073,2796 3109,2796 3146,2796 3182,2797 3218,2797 3255,2797 3291,2797 3328,2797"/>
                <TextEquiv>
                    <Unicode>plastischer Abstimmung des Wortes un</Unicode>
                </TextEquiv>
            </TextLine>
            <TextLine id="r1l65" custom="readingOrder {index:64;}">
                <Coords points="436,2812 1505,2834 1484,2780 436,2758"/>
                <Baseline points="452,2809 503,2809 555,2809 607,2809 659,2809 711,2810 762,2810 814,2811 866,2811 918,2812 970,2813 1021,2813 1073,2814 1125,2815 1177,2816 1229,2816 1280,2817 1332,2817 1384,2818 1436,2818 1488,2818"/>
                <TextEquiv>
                    <Unicode>ertragen kann, weil er sie hindert, ihrem heimlich Ge¬</Unicode>
                </TextEquiv>
            </TextLine>
            <TextLine id="r1l66" custom="readingOrder {index:65;}">
                <Coords points="1494,2848 1664,2822 2354,2839 2355,2785 2305,2780 1849,2790 1496,2757"/>
                <Baseline points="1512,2817 1553,2817 1594,2817 1635,2817 1677,2818 1718,2818 1759,2819 1800,2820 1842,2821 1883,2822 1924,2823 1965,2825 2007,2826 2048,2827 2089,2828 2130,2828 2172,2829 2213,2829 2254,2830 2295,2829 2337,2829"/>
                <TextEquiv>
                    <Unicode> Tochter erbauliche weltweise Gespräche führt.</Unicode>
                </TextEquiv>
            </TextLine>
            <TextLine id="r1l67" custom="readingOrder {index:66;}">
                <Coords points="2586,2842 3355,2855 3356,2782 3059,2809 2586,2802"/>
                <Baseline points="2604,2837 2640,2838 2677,2838 2714,2839 2750,2840 2787,2840 2824,2841 2860,2842 2897,2842 2934,2843 2971,2843 3007,2844 3044,2844 3081,2844 3117,2844 3154,2844 3191,2844 3227,2843 3264,2842 3301,2841 3338,2839"/>
                <TextEquiv>
                    <Unicode>Homma, Kutschera, Edthof</Unicode>
                </TextEquiv>
            </TextLine>
            <TextLine id="r1l68" custom="readingOrder {index:67;}">
                <Coords points="429,2856 1502,2884 1524,2802 1466,2830 429,2813"/>
                <Baseline points="448,2857 500,2857 553,2857 606,2858 659,2858 712,2858 764,2859 817,2859 870,2860 923,2860 976,2861 1028,2862 1081,2862 1134,2863 1187,2864 1240,2865 1292,2866 1345,2867 1398,2868 1451,2870 1504,2871"/>
                <TextEquiv>
                    <Unicode>liebten in die Arme zu eilen, und — weil er ihr eine</Unicode>
                </TextEquiv>
            </TextLine>
            <TextLine id="r1l69" custom="readingOrder {index:68;}">
                <Coords points="1600,2878 2589,2900 2590,2857 2475,2819 1600,2835"/>
                <Baseline points="1618,2868 1665,2869 1713,2869 1760,2870 1808,2871 1856,2872 1903,2872 1951,2873 1998,2874 2046,2875 2094,2876 2141,2877 2189,2878 2236,2879 2284,2880 2332,2881 2379,2882 2427,2883 2474,2884 2522,2885 2570,2885"/>
                <TextEquiv>
                    <Unicode>Diese Geschichte spielt in Oesterreich, in Wien und</Unicode>
                </TextEquiv>
            </TextLine>
            <TextLine id="r1l70" custom="readingOrder {index:69;}">
                <Coords points="2579,2889 3129,2888 3352,2918 3353,2849 2580,2838"/>
                <Baseline points="2598,2882 2634,2882 2671,2883 2708,2884 2745,2885 2782,2886 2818,2887 2855,2888 2892,2889 2929,2890 2966,2891 3002,2892 3039,2892 3076,2893 3113,2894 3150,2894 3186,2894 3223,2894 3260,2894 3297,2894 3334,2893"/>
                <TextEquiv>
                    <Unicode>Kramer und Klitsch umschifften</Unicode>
                </TextEquiv>
            </TextLine>
            <TextLine id="r1l71" custom="readingOrder {index:70;}">
                <Coords points="431,2918 1396,2909 1511,2943 1512,2881 1404,2869 432,2860"/>
                <Baseline points="449,2905 501,2906 553,2906 605,2906 658,2906 710,2906 762,2906 814,2907 867,2907 919,2907 971,2908 1023,2909 1076,2909 1128,2910 1180,2911 1232,2912 1285,2914 1337,2915 1389,2917 1441,2919 1494,2921"/>
                <TextEquiv>
                    <Unicode>alte, schwere Schuld gesteht. Als Rittmeister bei den</Unicode>
                </TextEquiv>
            </TextLine>
            <TextLine id="r1l72" custom="readingOrder {index:71;}">
                <Coords points="1505,2917 2585,2952 2586,2883 1813,2888 1506,2855"/>
                <Baseline points="1522,2921 1574,2921 1626,2920 1679,2920 1731,2920 1783,2921 1836,2921 1888,2921 1940,2922 1993,2922 2045,2923 2097,2924 2150,2925 2202,2925 2254,2926 2307,2928 2359,2929 2411,2930 2464,2931 2516,2932 2569,2933"/>
                <TextEquiv>
                    <Unicode>nahe bei Wien, aber freilich — in der Mitte des vorigen</Unicode>
                </TextEquiv>
            </TextLine>
            <TextLine id="r1l73" custom="readingOrder {index:72;}">
                <Coords points="2581,2949 3271,2940 3361,2970 3362,2895 2581,2888"/>
                <Baseline points="2600,2933 2637,2933 2674,2934 2711,2934 2748,2935 2785,2936 2822,2936 2859,2937 2896,2937 2933,2938 2971,2939 3008,2940 3045,2940 3082,2941 3119,2941 3156,2941 3193,2942 3230,2942 3267,2941 3304,2941 3342,2940"/>
                <TextEquiv>
                    <Unicode>gefährlichen Klippen ihrer Rollen mit ein</Unicode>
                </TextEquiv>
            </TextLine>
            <TextLine id="r1l74" custom="readingOrder {index:73;}">
                <Coords points="437,2971 1502,2981 1503,2934 437,2914"/>
                <Baseline points="455,2957 506,2955 557,2954 609,2954 660,2954 712,2953 763,2954 815,2954 866,2954 918,2955 969,2956 1020,2957 1072,2958 1123,2959 1175,2960 1226,2961 1278,2962 1329,2964 1381,2964 1432,2965 1484,2966"/>
                <TextEquiv>
                    <Unicode>„blauen Kürassieren“ nämlich hat er vor dreißig Jahren,</Unicode>
                </TextEquiv>
            </TextLine>
            <TextLine id="r1l75" custom="readingOrder {index:74;}">
                <Coords points="1501,2972 2520,2995 2574,2988 2575,2945 1502,2915"/>
                <Baseline points="1520,2970 1571,2970 1623,2969 1675,2969 1727,2969 1778,2969 1830,2969 1882,2969 1934,2970 1985,2970 2037,2970 2089,2971 2141,2972 2192,2973 2244,2974 2296,2975 2348,2976 2399,2977 2451,2979 2503,2980 2555,2982"/>
                <TextEquiv>
                    <Unicode>Jahrhunderts. Daß sie „in der Gegenwart“ einfach unmög¬</Unicode>
                </TextEquiv>
            </TextLine>
            <TextLine id="r1l76" custom="readingOrder {index:75;}">
                <Coords points="2579,2996 3345,3002 3346,2948 2580,2941"/>
                <Baseline points="2596,2981 2632,2980 2669,2980 2705,2980 2742,2980 2779,2980 2815,2981 2852,2982 2888,2983 2925,2984 2962,2985 2998,2986 3035,2987 3071,2988 3108,2989 3145,2990 3181,2990 3218,2990 3254,2990 3291,2990 3328,2989"/>
                <TextEquiv>
                    <Unicode>nur ein angestrengtes, unermüdetes Müh</Unicode>
                </TextEquiv>
            </TextLine>
            <TextLine id="r1l77" custom="readingOrder {index:76;}">
                <Coords points="439,3009 1505,3036 1506,2963 440,2958"/>
                <Baseline points="457,3003 508,3002 560,3001 611,3001 663,3001 714,3002 766,3002 817,3003 869,3004 920,3005 972,3007 1024,3008 1075,3009 1127,3010 1178,3011 1230,3012 1281,3012 1333,3013 1384,3013 1436,3013 1488,3013"/>
                <TextEquiv>
                    <Unicode>in einer Schlacht als erster zur Flucht sich wendend, den</Unicode>
                </TextEquiv>
            </TextLine>
            <TextLine id="r1l78" custom="readingOrder {index:77;}">
                <Coords points="1509,3017 2585,3045 2586,2987 1509,2978"/>
                <Baseline points="1527,3016 1581,3016 1636,3016 1691,3016 1745,3016 1800,3016 1855,3016 1909,3017 1964,3017 2019,3018 2073,3019 2128,3020 2183,3021 2237,3022 2292,3023 2347,3024 2401,3025 2456,3026 2511,3027 2566,3027"/>
                <TextEquiv>
                    <Unicode>lich wäre, hat sich offenbar Artur Schnitzler selber gesagt.</Unicode>
                </TextEquiv>
            </TextLine>
            <TextLine id="r1l79" custom="readingOrder {index:78;}">
                <Coords points="2577,3024 3350,3046 3350,2984 3144,3003 2577,2981"/>
                <Baseline points="2596,3027 2632,3028 2669,3029 2706,3030 2743,3030 2779,3031 2816,3032 2853,3033 2890,3033 2926,3034 2963,3035 3000,3035 3037,3036 3073,3036 3110,3037 3147,3037 3184,3037 3220,3037 3257,3037 3294,3037 3331,3036"/>
                <TextEquiv>
                    <Unicode>wegten sich auf der schmalen Grenzlinig</Unicode>
                </TextEquiv>
            </TextLine>
            <TextLine id="r1l80" custom="readingOrder {index:79;}">
                <Coords points="433,3061 1311,3078 1513,3065 1514,3036 434,3000"/>
                <Baseline points="451,3050 503,3051 555,3051 607,3051 660,3052 712,3052 764,3052 816,3053 869,3053 921,3053 973,3054 1025,3055 1078,3055 1130,3056 1182,3057 1234,3057 1287,3058 1339,3059 1391,3060 1443,3061 1496,3062"/>
                <TextEquiv>
                    <Unicode>unglücklichen Ausgang des Gefechtes besiegelt und zugleich</Unicode>
                </TextEquiv>
            </TextLine>
            <TextLine id="r1l81" custom="readingOrder {index:80;}">
                <Coords points="1509,3071 2582,3084 2575,3026 1509,3017"/>
                <Baseline points="1528,3063 1579,3063 1631,3063 1683,3063 1735,3063 1787,3064 1839,3065 1890,3065 1942,3066 1994,3067 2046,3068 2098,3069 2150,3069 2202,3070 2253,3071 2305,3072 2357,3072 2409,3072 2461,3073 2513,3073 2565,3073"/>
                <TextEquiv>
                    <Unicode>Ihr Inhalt ist zwar mit unserer Skizzierung nicht er¬</Unicode>
                </TextEquiv>
            </TextLine>
            <TextLine id="r1l82" custom="readingOrder {index:81;}">
                <Coords points="2579,3083 3356,3095 3357,3037 3082,3057 2992,3034 2580,3029"/>
                <Baseline points="2599,3076 2635,3076 2672,3077 2709,3077 2746,3078 2783,3078 2820,3079 2857,3080 2894,3081 2931,3082 2968,3082 3004,3083 3041,3084 3078,3085 3115,3086 3152,3087 3189,3087 3226,3088 3263,3088 3300,3089 3337,3089"/>
                <TextEquiv>
                    <Unicode>habenem und Lächerlichem aufrecht ungez</Unicode>
                </TextEquiv>
            </TextLine>
            <TextLine id="r1l83" custom="readingOrder {index:82;}">
                <Coords points="437,3107 1430,3108 1484,3137 1513,3134 1514,3065 437,3056"/>
                <Baseline points="454,3099 506,3100 558,3100 610,3100 662,3100 714,3100 766,3100 818,3100 870,3100 922,3100 974,3100 1026,3100 1078,3101 1130,3101 1182,3102 1234,3103 1286,3104 1338,3105 1390,3107 1442,3109 1494,3111"/>
                <TextEquiv>
                    <Unicode>sein Regiment mit dauernder Schmach bedeckt. Nun ist</Unicode>
                </TextEquiv>
            </TextLine>
            <TextLine id="r1l84" custom="readingOrder {index:83;}">
                <Coords points="1517,3116 2586,3128 2586,3081 2539,3077 1517,3069"/>
                <Baseline points="1535,3112 1586,3112 1638,3112 1690,3113 1741,3113 1793,3114 1845,3114 1896,3115 1948,3116 2000,3117 2052,3117 2103,3118 2155,3119 2207,3119 2258,3119 2310,3120 2362,3120 2413,3119 2465,3119 2517,3118 2569,3117"/>
                <TextEquiv>
                    <Unicode>schöpft. Da gibt es Züge und Einzelheiten und Ver¬</Unicode>
                </TextEquiv>
            </TextLine>
            <TextLine id="r1l85" custom="readingOrder {index:84;}">
                <Coords points="2573,3125 2836,3148 3353,3140 3347,3082 2574,3082"/>
                <Baseline points="2590,3124 2627,3124 2664,3123 2701,3124 2738,3124 2776,3125 2813,3125 2850,3126 2887,3127 2924,3128 2962,3129 2999,3130 3036,3131 3073,3132 3110,3133 3148,3134 3185,3134 3222,3135 3259,3135 3296,3135 3334,3134"/>
                <TextEquiv>
                    <Unicode>breiter Ebene. Käthe Hannemann war</Unicode>
                </TextEquiv>
            </TextLine>
            <TextLine id="r1l86" custom="readingOrder {index:85;}">
                <Coords points="434,3148 1504,3163 1504,3124 1428,3108 435,3101"/>
                <Baseline points="451,3149 502,3148 554,3147 606,3146 658,3145 710,3145 761,3146 813,3146 865,3147 917,3147 969,3148 1020,3149 1072,3150 1124,3151 1176,3153 1228,3153 1279,3154 1331,3155 1383,3156 1435,3156 1487,3156"/>
                <TextEquiv>
                    <Unicode>wiederum Krieg. Nun wollen die „Blauen“ auf An¬</Unicode>
                </TextEquiv>
            </TextLine>
            <TextLine id="r1l87" custom="readingOrder {index:86;}">
                <Coords points="1513,3164 2521,3186 2571,3175 2572,3132 1514,3117"/>
                <Baseline points="1532,3154 1583,3156 1634,3157 1685,3159 1736,3160 1787,3160 1838,3161 1889,3162 1940,3162 1991,3163 2042,3163 2093,3164 2144,3164 2195,3165 2246,3165 2297,3166 2348,3167 2399,3168 2450,3169 2501,3170 2552,3172"/>
                <TextEquiv>
                    <Unicode>brämungen, die den Titel des Stückes näher erklären,</Unicode>
                </TextEquiv>
            </TextLine>
            <TextLine id="r1l88" custom="readingOrder {index:87;}">
                <Coords points="2580,3180 3357,3193 3354,3138 2581,3133"/>
                <Baseline points="2597,3174 2634,3173 2671,3173 2708,3173 2745,3173 2782,3174 2819,3174 2856,3175 2893,3175 2930,3177 2967,3177 3004,3178 3041,3179 3078,3180 3115,3181 3152,3181 3189,3182 3226,3182 3263,3182 3300,3182 3338,3181"/>
                <TextEquiv>
                    <Unicode>glaubwürdig im Verhalten sowohl als</Unicode>
                </TextEquiv>
            </TextLine>
            <TextLine id="r1l89" custom="readingOrder {index:88;}">
                <Coords points="434,3193 1135,3219 1515,3192 1515,3163 1292,3142 435,3150"/>
                <Baseline points="451,3193 503,3192 555,3192 607,3192 660,3192 712,3192 764,3192 816,3193 869,3193 921,3194 973,3194 1025,3195 1078,3196 1130,3197 1182,3199 1234,3200 1287,3202 1339,3203 1391,3205 1443,3207 1496,3209"/>
                <TextEquiv>
                    <Unicode>regung ihres Obersten, der die halb vergessene und halb</Unicode>
                </TextEquiv>
            </TextLine>
            <TextLine id="r1l90" custom="readingOrder {index:89;}">
                <Coords points="1506,3213 2550,3234 2576,3177 1507,3162"/>
                <Baseline points="1526,3206 1577,3207 1629,3207 1680,3208 1732,3208 1784,3209 1835,3209 1887,3210 1938,3211 1990,3211 2042,3212 2093,3212 2145,3213 2196,3213 2248,3214 2300,3214 2351,3215 2403,3215 2454,3216 2506,3216 2558,3216"/>
                <TextEquiv>
                    <Unicode>seinen Sinn verdeutlichen, die tieferen Absichten des</Unicode>
                </TextEquiv>
            </TextLine>
            <TextLine id="r1l91" custom="readingOrder {index:90;}">
                <Coords points="2586,3228 3150,3226 3363,3254 3364,3193 3327,3189 2587,3181"/>
                <Baseline points="2606,3221 2642,3220 2679,3220 2716,3220 2753,3220 2790,3220 2827,3220 2864,3221 2901,3222 2938,3223 2975,3224 3011,3225 3048,3226 3085,3226 3122,3227 3159,3228 3196,3228 3233,3229 3270,3229 3307,3229 3344,3228"/>
                <TextEquiv>
                    <Unicode>lassen ihrer Leidenschaft, Paula Müller</Unicode>
                </TextEquiv>
            </TextLine>
            <TextLine id="r1l92" custom="readingOrder {index:91;}">
                <Coords points="426,3241 1499,3268 1500,3213 427,3191"/>
                <Baseline points="443,3239 494,3239 546,3240 598,3241 650,3241 702,3242 754,3243 806,3243 858,3244 910,3245 962,3245 1013,3246 1065,3247 1117,3248 1169,3249 1221,3250 1273,3252 1325,3253 1377,3255 1429,3257 1481,3259"/>
                <TextEquiv>
                    <Unicode>bezweifelte Geschichte wieder ans Licht gezogen hat, den</Unicode>
                </TextEquiv>
            </TextLine>
            <TextLine id="r1l93" custom="readingOrder {index:92;}">
                <Coords points="1500,3257 2515,3282 2584,3258 2563,3214 1501,3213"/>
                <Baseline points="1519,3258 1571,3258 1623,3258 1676,3258 1728,3258 1780,3258 1833,3259 1885,3259 1937,3260 1990,3261 2042,3262 2094,3262 2147,3263 2199,3264 2251,3264 2304,3265 2356,3266 2408,3266 2461,3267 2513,3267 2566,3267"/>
                <TextEquiv>
                    <Unicode>Dichters erkennbar machen sollen. Aber maßgebend für</Unicode>
                </TextEquiv>
            </TextLine>
            <TextLine id="r1l94" custom="readingOrder {index:93;}">
                <Coords points="2588,3278 2794,3298 2849,3270 2957,3271 3177,3299 3325,3283 3326,3236 2589,3227"/>
                <Baseline points="2605,3268 2640,3269 2675,3270 2710,3271 2745,3271 2781,3272 2816,3273 2851,3274 2886,3274 2921,3275 2957,3275 2992,3276 3027,3276 3062,3276 3097,3277 3133,3277 3168,3277 3203,3276 3238,3276 3273,3276 3309,3276"/>
                <TextEquiv>
                    <Unicode>Schwindschen oder Waldmüllerschen G</Unicode>
                </TextEquiv>
            </TextLine>
            <TextLine id="r1l95" custom="readingOrder {index:94;}">
                <Coords points="427,3289 3237,3359 3353,3288 427,3242"/>
                <Baseline points="446,3291 590,3294 734,3296 879,3299 1023,3301 1168,3304 1312,3306 1457,3308 1601,3310 1746,3312 1890,3314 2034,3315 2179,3317 2323,3318 2468,3320 2612,3321 2757,3322 2901,3323 3046,3324 3190,3325 3335,3326"/>
                <TextEquiv>
                    <Unicode>Makel tilgen, indem sie sich auf einen verlorenen Posten den Wert eines Theaterstückes sind die Vorgänge auf der geschnitten, verschmähte es, aus S</Unicode>
                </TextEquiv>
            </TextLine>
            <TextEquiv>
                <Unicode>box 24/3
19. Der Ruf des Lebens
zusammenzustellen.

7
stellen, von dem kein Mann lebendig zurückkehren wird. Bühne, nicht hinter den Kulissen, und
Wiener Erstaufführungen. „7
Das ganze Regiment ist bereits abgerückt bis auf den
Personen reden, nicht was sie sich h
„Der Ruf des Lebens,“ Schauspiel in drei Auf¬
Oberst und eine einzige Schwadron. Bei dieser aber steht
zügen von Artur Schn##ler (Deutsches Volkstheater).
denken. Und in diesem Sinne ist „Der
der Leutnant Max, den Marie vor einem halben Jahre
„Baron Liederlich,“ Komödie in drei Akten
ein ungemein roh gezimmertes und
von Heinrich Schrottenbach (Theater in der
auf einem Balle kennen gelernt und dem sich
Stück, mehr kraftmeierisch als kräftig, s
Jösefstadt.)
völlig hinzugeben, sie soeben ihren Vater getötet
philosophisch.
Der Untertitel „Schauspiel“, nicht „Komödie“ be¬
hat. Derselbe Max hat ein ehebrecherisches Verhältnis
Kein Schöpfer steht seinem Gesch
reitete gewiß auch jene, die weder das 1906 er¬
mit der Frau seines Obersten, die ihn bewegen will, mit
gegenüber, und es wäre daher auch von
schienene Buch, noch die Berichte über die Berliner
ihr ins Leben zu fliehen, anstatt mit den Kameraden in den
verlangt, daß er nach der sonnabendlich
Uraufführung im Gevächtnis hatten, auf Arges und
Tod zu reiten. Marie kommt eben zurecht, diese nieder¬
aufführung den „Ruf des Lebens“ für
Trauriges vor. Eine solche Anhäufung aufregendster Ge¬
schmetternde Unterredung vom Schlafalkoven des Kasernen¬
periment erkläre. Daß aber der Beisa
schehnisse hatte aber doch wohl niemand von ihnen er¬
zimmers aus entsetzt mitanzuhören. Allein auch der be¬
dem ersten Akte vergeblich, nach dem zu
wartet. Als erster Aktschluß Vatermord, als zweiter
trogene Gatte hört sie, springt durchs Fenster herein,
vor die Rampe rief, der zielbewußte
Gattenmord, als dritter Tod an Lungenschwindsucht: das
schießt seine Frau über den Haufen und ersucht den Herrn
wollender Voreingenommenheit, unbedi
sind so die stärksten, aber beiweitem noch nicht alle starken
Leutnant höhnisch, diesen Mord auf sich zu nehmen. Max
begeisterung war, wird er selbst kaum leug
dramatischen Effekte des Schnitzlerschen Stückes, das
begeht Selbstmord. Und Marie? Sie, die den „Ruf des
daß seinem Werke nicht zu einem dauern
„Der Ruf des Lebens“ heißt ...
Lebens“ zu spät vernommen, ihren Vater umsonst geopfert
zu verhelfen ist, wenn ihm die Darstel
Den tödlichen Schlaftrunk, den ein doppelt mitleidiger
hat, sehen wir „auf dem Lande“ wieder, wo sie mit dem
theaters nicht dazu verhilft. Denn sie er
Arzt gemischt, reicht Marie Moserihrem greisen, kranken Vater,
gefälligen Arzte, einem abgewiesenen Freier, ihrer Tante
Menschenmögliche, Höchste von präzise
weil sie dessen Tyrannei und Kerkermeisterschaft nicht länger
und deren an allzu großer Lebenslust zugrundegehender
plastischer Abstimmung des Wortes un
ertragen kann, weil er sie hindert, ihrem heimlich Ge¬
 Tochter erbauliche weltweise Gespräche führt.
Homma, Kutschera, Edthof
liebten in die Arme zu eilen, und — weil er ihr eine
Diese Geschichte spielt in Oesterreich, in Wien und
Kramer und Klitsch umschifften
alte, schwere Schuld gesteht. Als Rittmeister bei den
nahe bei Wien, aber freilich — in der Mitte des vorigen
gefährlichen Klippen ihrer Rollen mit ein
„blauen Kürassieren“ nämlich hat er vor dreißig Jahren,
Jahrhunderts. Daß sie „in der Gegenwart“ einfach unmög¬
nur ein angestrengtes, unermüdetes Müh
in einer Schlacht als erster zur Flucht sich wendend, den
lich wäre, hat sich offenbar Artur Schnitzler selber gesagt.
wegten sich auf der schmalen Grenzlinig
unglücklichen Ausgang des Gefechtes besiegelt und zugleich
Ihr Inhalt ist zwar mit unserer Skizzierung nicht er¬
habenem und Lächerlichem aufrecht ungez
sein Regiment mit dauernder Schmach bedeckt. Nun ist
schöpft. Da gibt es Züge und Einzelheiten und Ver¬
breiter Ebene. Käthe Hannemann war
wiederum Krieg. Nun wollen die „Blauen“ auf An¬
brämungen, die den Titel des Stückes näher erklären,
glaubwürdig im Verhalten sowohl als
regung ihres Obersten, der die halb vergessene und halb
seinen Sinn verdeutlichen, die tieferen Absichten des
lassen ihrer Leidenschaft, Paula Müller
bezweifelte Geschichte wieder ans Licht gezogen hat, den
Dichters erkennbar machen sollen. Aber maßgebend für
Schwindschen oder Waldmüllerschen G
Makel tilgen, indem sie sich auf einen verlorenen Posten den Wert eines Theaterstückes sind die Vorgänge auf der geschnitten, verschmähte es, aus S</Unicode>
            </TextEquiv>
        </TextRegion>
    </Page>
</PcGts>
