3484 4224
273 221 1419 322 19. Der Ruf des Lebens
1184 848 1588 942 Telepho“ 12 801.
1172 967 1399 1051 D
706 1005 1298 1114 „UBSEHTEN
474 1080 1570 1159 I österr. behördl. konz. Unternehmen für Zeitungs-Ausschnitte
619 1146 1463 1255 Wien, I., Concordiaplatz 4.
807 1222 1240 1294 Vertretungen
475 1262 1581 1342 in Berlin, Budapest, Chicago, Christiania, Genf, Kopen¬
493 1336 1568 1379 nagen, London, Madrid, Mailand, Minneapolis, New-Vork,
524 1378 1526 1438 Paris, Rom, San Francisco, Stockholm, St. Petersburg.
817 1408 1239 1475 (Quellenangabe ohne Gewähr).
479 1463 758 1551 Ausschnitt
784 1470 1515 1617 Eües Wiener Tagblan
490 1547 1268 1643 aam-12 HETEHRER 1000 —
549 1639 1508 1752 Theater, Kunst und Ziteratur.
608 1715 1540 1799 Deutsches Volkstheater. Zum erstenmal: „Der
521 1772 1535 1840 Ruf des Leben 3“Schauspiel in drei Aufzügen von
519 1815 1535 1906 Artur Schitlerk. Dieses Schauspiel, dem sich so
521 1874 1535 1928 spät eine Wiener Bühne öffnete, ist im Deutschen Volls¬
528 1923 1537 1983 theater mit starkem äußeren Erfolge in Szene gegangen.
513 1955 1531 2039 Der Hinweis auf die äußeren Merkmale des Erfolges —
512 1999 1544 2078 viele Hervorrufe des Dichters und der Darsteller — enthält
518 2056 1532 2126 nicht die übliche Einschränkung. Der innere, der literarische
509 2085 1536 2168 Wert einer Schnitzlerschen Arbeit ist doch unbestritten.
507 2148 1530 2206 Fraglich war nur, wie das Publikum sich zu einem ge¬
510 2177 1549 2275 zagten Problem und zu der Auswicklung dieses Themas
513 2227 1539 2305 verhalten werde. Geht das Publikum auch auf seltsam ver¬
514 2292 1540 2352 schlungenen Wegen mit Artur Schnitzler, so hat es sich
518 2343 1540 2405 selbst keinen geringeren Erfolg bereitet als dem Dichter,
510 2369 1538 2441 den wir achten und lieben. Man fügt sich freudig in diese
506 2432 1542 2493 Harmonie. Man sucht, nicht ohne Mühe, den tieferen Sinn
507 2477 1528 2530 des Stückes, der nicht allein in dem Schicksale des
505 2511 1535 2582 Mädchens zu ruhen scheint, das den Vater ermordet, um
507 2562 1531 2631 dem Rufe einer lang ersehnten Liebesstunde zu folgen. Ich
498 2598 1536 2679 glaube, der Dichter wollte zeigen, wie jede seiner Gestalten
509 2660 1535 2730 einen andern Ruf des Lebens, den Ruf eines andern Lebens
502 2695 1528 2775 zu hören vermeint. In der einen bricht der Nuf so betäubend
510 2747 1533 2820 hervor, daß sie selbst eine Mörderin zu werden vermag;
506 2787 1533 2864 die andere lockt der Ruf leicht und rasch in das Liebesleben
516 2833 1537 2909 der Straße; ein junger Offizier in einer todgeweihten
501 2860 1523 2953 Kriegerschar, die sich zum unentrinnbaren Unteigang ver¬
485 2927 1530 3001 eidet, öffnet sein Inneres, in dem die Lust zum
490 2978 1522 3051 Leben trotz des Schwures noch mächtig aufschreit;
506 3013 1533 3085 sein Kamerad will den Ruf des' Lebens nicht
506 3060 1538 3114 hiren, der ihm aus den Lockungen einer sündhaft
509 3114 1537 3189 gkliebten Frau entgegenschleicht; einen sterbenden Alten
494 3147 1536 3230 Packt der Ruf des Lebens im Angesichte des jämmerlichen
498 3216 1536 3280 Todes so fest, daß er niederträchtig grausam
498 3258 1537 3328 gegen die Guten wird; in einem jungen Soldaten
496 3291 1527 3371 niedersten Ranges erstickt die Disziplin den Ruf
494 3328 1521 3416 des Lebens; ein junger Förster hört den Ruf
502 3380 1523 3454 im Berufe und in dem stillen Weben der #atur;
494 3439 1516 3509 der Arzt des Stückes versteht den Ruf des Lebens wieder
488 3486 1523 3555 nach seiner Weise. ... Das Deutsche Volkstheater zog
484 3525 1522 3585 tüchtige und seine besten Kräfte in den Kreis des
487 3565 1523 3649 Schnitzlerschen Schauspiels, die Damen Hannemann,
487 3630 1523 3686 Müller, Marberg und Thaller, die Herren Homma,
485 3671 1510 3724 Kutschera, Edthofer, Kramer, Weisse,
493 3715 1518 3785 Klitsch und Fürth. Die Natur des Stückes, das sich
494 3767 1519 3823 nicht auf einer geraden dramatischen Linie fortbewegt,
484 3796 1527 3865 brachte es mit sich, daß in der Darstellung vielsach Be¬
487 3839 1514 3920 fangenheit, ein Schwanken des Stils, ein unsicheres
497 3887 1522 3946 Tasten merkbar wurde. Den vorwiegenden Tugenden der
497 3931 1515 4002 Aufführung soll wie dem Schauspiel selbst noch eine ein¬
487 3974 1235 4058 schrnde Betrachtung gewidmet werden.
1270 3991 1509 4066 Rob. H.
1572 203 2049 287 box 24/3
2761 536 3128 626 Telephon 12.801.
2262 632 2868 803 „OBSERVER‘
2049 755 3124 844 österr. behördl. konz. Unternehmen für Zeitungs-Ausschnitte
2182 823 3013 922 Wien, I., Concordiaplatz 4.
2390 902 2811 973 Vertretungen
2053 953 3132 1045 in Berlin, Budapest, Chicago, Christiania, Genf, Kopen¬
2063 992 3134 1088 hagen, London, Madrid, Mailand, Minneapolis, New-Vork,
2099 1031 3114 1115 Paris, Rom, San Francisco, Stockholm, St. Petersburg.
2400 1081 2810 1141 (Quellenangsbo ohne Gewähr).
2059 1148 2437 1226 Ausschnitt aus:
2444 1137 3081 1259 BOHEMIA, PRAG
2242 1219 2593 1345 1201 1909
2054 1252 2231 1322 vom:
2092 1346 2937 1480 Theater und Musik.
2250 1464 2768 1556 Wiener Premieren.
2236 1526 2759 1620 Den Ruf des Lebens.
2082 1602 2999 1670 Wien, I1. Dez (Privat). Im deutschen Volks¬
2008 1659 2995 1725 theater erzielte Schnitzlers „Ruf des Le¬
2010 1699 2983 1759 deus“ nach der in Prag bereits gespielten umge¬
2000 1737 2994 1811 arbeiteten Fassung einen starken Erfolg, besonders
1996 1791 2979 1842 nach den ersten beiden üsten. Der Autor #d
2001 1815 2998 1901 Hauptdarstelle Homma, Kramer, Weisse und Han¬
2013 1880 2989 1926 nemann wurden oft und oft gerufen. Das Stück ist
2006 1907 3034 1982 bekanntlich bereits in der vorigen Saifan in Mras¬
2012 1958 2992 2012 mil großem Respekt aufgenommen worden, ohne
2010 1973 3025 2068 saber eine bedentendere Anzahl von Wiederholungen
1998 2043 2257 2107 teu erzielen.
2684 2535 3074 2637 Telephon 12.801.
2709 2648 2847 2743 P
2120 2722 2164 2775 PNA
2179 2707 2810 2786 „ODOEIWEN
1958 2752 3061 2848 l. österr. behördl. konz. Unternehmen für Zeitungs-Ausschnitte
2100 2824 2942 2924 Wien, I., Concordiaplatz 4.
2292 2902 2729 2979 Vertretungen
1965 2950 3049 3017 in Berlin, Budapest, Chicago, Christiania, Genf, Kopen¬
1978 3015 3063 3065 hagen, London, Madrid, Mailand, Minneapolis, New-Vork.
2009 3048 3024 3110 Paris, Rom, San Francisco, Stockholm, St. Petersburg.
2302 3090 2733 3150 (Quellenangabe ohne Gewähr).
1959 3127 3183 3244 Ausschnitt aus: Reichenberger deutsche Volkssei
2489 3208 3108 3323 Reichenberg, Böhmen
2352 3222 2444 3305 02
1953 3245 2386 3354 vom 19111
2021 3391 3077 3464 — Wiener Erstaufführungen. Im Deut¬
1935 3438 3083 3527 schen Volkstheater wurde am Sonnabend zum ersten
1938 3487 3086 3561 Male in Wien Schnitzlers Der Ruf des Le¬
1937 3526 3086 3600 bens“ in einer neuen=Belrbeilung mit starkem Er¬
1942 3564 3080 3638 folge in den ersten beiden Akten aufgeführt. Der
1944 3616 3079 3698 letzte poetisch schönste, dramatisch schwachste Akt fiel
1944 3677 3081 3727 ab. Die Daxstellung war teilweise schwächer als die
1933 3700 3095 3784 des Berliner Lessingtheaters, aber im ganzen achtungs¬
1923 3764 2244 3843 wert#
