3436 4352
246 166 1409 275 19. Der Ruf des Lebens
1570 182 2007 273 box 24/2
1032 1139 1111 1198 250
1519 1147 1828 1219 Die Schaubühne
1026 1284 2309 1375 blank und funkelnagelneu. Auf diesen Stühlen hatte nie einer
1028 1354 2310 1422 gesessen, dieses Holzgitter hatte nie eine Hand berührt, und eine
1030 1397 2306 1471 Leutnantsstube mag auf dem Monde so aussehen, aber nicht in
1023 1454 2321 1537 Wien. Brahm bleibe Brahm. Ihn kleidet die neue Mode nicht.
1468 1589 1865 1695 Wevrients
1112 1676 2201 1802 Geschichte der Schauspielkunst.
1083 1782 2308 1850 Es ist noch immer das standard-work, diese erste umfassende
1017 1833 2293 1910 Darstellung der deutschen Schauspielkunst. Trotz den Einwänden der ge¬
1016 1891 2303 1957 lehrten Kritik, trotz den Fortschritten der Forschung. Noch immer der beste
1008 1947 2307 2009 Führer auf den verschlungenen Wegen, die das deutsche Theater nehmen
1019 1983 2296 2051 mußte. Denn dieses Buch ist das lebendige Bekenntnis einer tüchtigen
1017 2020 2294 2108 Persönlichkeit und einer hohen Gesinnung. Keine lediglich beschauliche,
1002 2090 2300 2151 innerlich gleichgültige Geschichtsschreibung, große Liebe zur Kunst und
1007 2140 2292 2193 soziales Standesgefühl haben es diktiert. Devrient will wirken, er will
1014 2187 2296 2242 Forderungen erfüllt sehen. Nicht immer ganz glückliche Forderungen.
1006 2226 2296 2291 Der Geist der Zeit — der erste Band erschien in den Stürmen des
1002 2285 2293 2344 Jahres 1848 — ist uns ja ein wenig fremd geworden, so sympathisch
1012 2331 2293 2403 seine Jugendlichkeit berührt. Devrients etwas lehrhaft=rationalistische Be¬
1011 2378 2290 2439 geisterung mutet schon altväterisch an, und seinen unbegrenzten Glauben
1010 2434 2279 2490 an den Staat können wir kaum teilen. Er erwartet sehr viel von staat¬
1009 2478 2285 2556 lichen Theaterakademien, er träumt noch immer den Traum vom deutschen
995 2526 2293 2595 Nationaltheater und fordert vom Leviathan Staat, daß er das zarte
999 2582 2301 2648 Seelchen betreue. Er gelangt freilich zu dieser Forderung auf dem Wege,
997 2628 2293 2700 einer trefflichen Kritik der wirtschaftlichen und künstlerischen Entwicklung
994 2690 2286 2751 des Theaters im neunzehnten Jahrhundert, im System der freien
1005 2718 2285 2787 Konkurrenz. Hier und auch an andern Orten ist seiner großen wissen¬
999 2780 2285 2846 schaftlichen Begabung instinktiv gelungen, was unsre Zeit erst bewußt
1003 2825 2287 2900 anstrebt: die Geschichte des Theaters in die allgemeinen sozialen und
1005 2873 2288 2944 wirtschaftlichen Zusammenhänge zu verweben. Und überhaupt kann, wer
1004 2919 2278 2991 über die Worte hinaus, kritisch und weiterdenkend, zu lesen weiß, mannig¬
1002 2960 2288 3027 faches herausholen. Er wird manche Ahnung bestätigt finden über die
1000 3025 2279 3090 Gebundenheit auch des Theaters und seiner Abwandlungen an die
997 3078 2273 3138 Wandlungen der Kultur, er wird angeregt werden zu manchen Vor¬
1001 3123 2286 3162 stellungen von einer reinen Formen= und Stilgeschichte des Theaters und
993 3172 2288 3238 der Schauspielkunst: Ziele der Geschichtsschreibung, die klar vor den
990 3215 2177 3284 Augen der Gegenwart stehen und noch immer nicht erreicht sind.
1086 3264 2280 3339 Die mit vielen Noten versehene neue Ausgabe des lange vergriffenen
998 3324 2282 3390 Werkes — von Hans Devrient besorgt und im Verlag von Otto Elsner
994 3370 2244 3438 erschienen — ist aufs wärmste zu begrüßen. Dr. Emil Geyer.
