3484 4256
1484 279 2022 368 box 24/3
236 286 1407 390 19. Der Ruf des Lebens
2659 707 2854 804 Nr. 14
1400 720 1999 820 Sonntagsblatt des „Bund“
617 740 743 835 112
1743 812 2905 913 Sinne gefolgt war, auch sie allerdings eine „vor den
582 842 1731 933 den Mord an der Frau des Oberst auf sich zu nehmen,
1740 883 2912 962 Spiegel des Todes gestellte Gestalt“. Denn sie weiß, daß
573 914 1300 970 Marie geht dem Leben entgegen.“
1749 913 2903 994 sie gleich ihren Geschwistern frühzeitig an Schwindsucht
619 931 1730 1001 Heilborn knüpft an diese treffliche Wiedergabe der
1744 962 2905 1031 sterben muß. Dies Bewußtsein der Todesnähe hat sie
587 993 1733 1046 Handlung mehrere Bedenken. Das eine, auf den ersten
1744 1009 2901 1074 nicht bloß dem einen Geliebten, sondern nachher der vul¬
581 1032 1743 1092 Akt sich beziehende, wie denn Marie dazu komme, die
1754 1054 2903 1126 gären Liederlichkeit in die Arme getrieben. Im dritten
586 1075 1727 1140 verhängnisvolle Tat an dem alten Manne zu begehen,
1752 1099 2901 1170 Akt kehrt sie zu ihrer Mutler zurück, um nach dem kurzen
577 1107 1743 1172 können wir nicht teilen. Heilborn selbst gibt zu, Marie
1752 1134 2908 1206 Taumel ihrer Ausschweifungen in deren Armen zu ster¬
583 1163 1745 1213 hasse ihren sie peinigenden Gefängniswärter, der sich ihr
1755 1186 2911 1242 ben. Aber nicht als eine bereuende erscheint sie; sie hat
590 1210 1731 1271 im entscheidenden Augenblick noch besonders verächtlich
1755 1217 2919 1294 ihren Willen. gehabt, sie hat sich, bevor sie in die Nacht
588 1255 1744 1307 macht; auch hat ihr der Arzt die Tat nahegelegt. Und
1760 1271 2906 1344 versinkt, am Kelch des Lebens satt getrunken. Neben ihr,
588 1293 1732 1351 noch andere Motive, die zur Entscheidung drängen und
1760 1318 2916 1379 wie gesagt, tritt Marie sehr zurück. Der Arzt, der um
591 1346 1747 1388 keine Überlegung zulassen, spielen mit. Wenn Heilborn
1752 1355 2906 1418 ihre Tat am Vater weiß, ist ihr Freund geworden und
578 1387 1744 1433 meint, dies Verbrechen werfe keine Schatten voraus und
1749 1402 2908 1459 prophezeiht ihr, die Zeit werde ihr nach all dem Furcht¬
588 1419 1737 1471 der Dichter hätte zuerst einen schweren, wechselvollen,
1756 1449 2918 1511 baren, das sie getan und erlebt hat, noch Heilung brin¬
591 1469 1732 1517 inneren Kampf Maries schildern sollen, bevor er sie zur
1761 1488 2912 1552 gen, und sie selbst scheint dies nach und nach zu glauben.
579 1504 1743 1559 Mörderin werden ließ, so haben wir im Gegenteil den
1753 1533 2927 1598 Aber wir glauben es nicht und würden dem Dichter
590 1549 1744 1612 Eindruck, indem Schnitzler Marie gar nicht zur Besin¬
1760 1581 2919 1638 Dank wissen, wenn er auch an sie, nachdem sie zu sehr
589 1592 1743 1662 nung kommen läßt und diesem Akt den unaufhaltsamen
1768 1617 2932 1695 dem „Ruf des Lebens“ gefolgt war, den Ruf des Todes
591 1642 1739 1696 Zug eines dem Katarakt zudrängenden Stromes gab,
1751 1674 2226 1751 hätte ergehen lassen.
589 1682 1753 1751 habe er die Tat genügend motiviert und vor allem eine
593 1741 1754 1786 unwiderstehlich fortreißende dramatische Handlung ge¬
1813 1704 2927 1790 Marokko. Reiseschilderungen von Dr. Siegfried
586 1764 1750 1821 schaffen. Auch im wirklichen Leben spielt bei Verbrechen
1768 1787 2924 1839 Genthe. Mit 18 Ansichten nach Aufnahmen des Ver¬
591 1818 1742 1874 das Drängende der Umstände oft die entscheidende Rolle.
1759 1816 2910 1895 fassers. Herausgegeben von Dr. G. Wegener (Berlin,
585 1852 1744 1904 Und was Marie im stärksten Affekt begeht, hat sie als
1764 1870 2552 1921 Allg. Verein für Deutsche Literatur.)
587 1889 1746 1962 Gedankensünde schon hundertmal begangen. Diese Tat
1820 1901 2931 1967 Mit einer gewissen Rührung nehmen wir dies Buch
587 1942 1741 2009 war innerlich als Vorstellung schon oft von ihr erlebt
1762 1947 2921 2011 in die Hand; es hat seinem Verfasser das Leben gekostet.
590 1987 1662 2044 worden, was sie ja auch ausspricht, war somit reif.
1767 1994 2921 2050 Auf seiner Reise in Marokko ist Genthe bekanntlich im
656 2007 1747 2086 Dagegen hat Heilborn mit dem auf den zweiten Akt sich
1759 2036 2925 2091 März 1904 von Straßenräubern ermordet und in einen
598 2072 1745 2125 beziehenden kritischen Einwand recht, wenn er nämlich
1770 2085 2924 2143 Fluß geworfen worden: ein schwerer, fast unersetzlicher
587 2108 1751 2189 fragt: „Wie kann der junge Offizier es über sich gewin¬
1760 2114 2929 2185 Verlust für die „Köln. Zeitung“, in deren Auftrag Dr.
601 2156 1750 2226 nen, sich den Tod der Frau, die um seinetwillen erschos¬
1772 2160 2930 2222 Genthe diese Marokkofahrt unternommen. Seine Reise¬
604 2198 1753 2257 sen wurde, so ganz aus dem Sinn zu schlagen, daß er
1766 2208 2930 2283 schilderungen waren stets wahre Prachtsstücke in den
600 2244 1746 2322 fähig ist, neue Liebe mit einer anderen auszugenießen?“
1773 2249 2931 2310 Spalten der „Kölnerin“, gleich ausgezeichnet durch die
660 2275 1748 2347 Dies ist um so mehr ein Fehler, als der junge Offi¬
1764 2294 2930 2361 Fülle des Gegenständlichen, die Gewissenhaftigkeit der
604 2327 1356 2394 zier sonst nicht unedel gezeichnet ist.
1770 2341 2927 2394 Bearbeitung und die glänzende Darstellung. Speziell die
631 2358 1747 2427 Die volle Schöpferkraft Schnitzlers in all ihrer Frische
1772 2382 2939 2439 hier in einem schönen Band gesammelten Aufsätze über
593 2408 1755 2476 findet der berliner Kritiker dagegen in der Gestalt des
1767 2421 2936 2477 Marokko gehören nach dem Urteil des bekannten Mar¬
599 2464 830 2533 Obersten:
1767 2462 2936 2535 burger Geographen Prof. Theobald Fischer, zum weit¬
671 2488 1744 2559 „Er gehört zu jenen Menschen, die der Wiener Dich¬
1770 2517 2936 2566 aus besten, was je über das interessante Scherifenreich
596 2537 1755 2601 ter liebt, den großen Egoisten, die zugleich große Lebens¬
1776 2564 2934 2616 geschrieben worden ist. Man muß daher dem Allg. Ver¬
599 2591 1760 2652 künstler sind. Doch sind dem Typus diesmal ganz neue,
1774 2591 2925 2658 ein für Deutsche Literatur aufrichtig dankbar sein, daß er
595 2631 1752 2684 individuelle Züge abgewonnen. Dieser Oberst spielt mit
1775 2645 2933 2700 neben Genthes „Korea“ nun auch sein „Marokko“ einem
597 2679 1761 2730 den Menschen. Er hat das Liebesgehäkel des kleinen
1773 2681 2937 2740 weitern Leserkreise dauernd und bequem zugänglich ge¬
605 2719 1758 2777 Leutnants mit seiner kleinen Frau lange Zeit ruhig,
2712 2731 2871 2790 G. L.
1785 2729 2026 2805 macht hat.
601 2762 1760 2816 wissend mit angesehen. Kühl, überlegt stellt er den jun¬
1836 2789 2934 2855 Führer zur Kunst. Im Verlag Paul Neff (Max
601 2802 1755 2865 gen Mann, fordert Rechenschaft und läßt sich, scheint es,
1785 2833 2934 2897 Schreiber) in Eßlingen periodisch erscheinende reich illu¬
606 2848 1765 2919 das Opfer aus seinen Händen entschlüpsen. Im rechten
1779 2877 2935 2943 strierte Bändchen von 4—6 Bogenà 1 Mark. Keine Ver¬
609 2888 1763 2942 Augenblick ist er wie der Tiger mit einem Sprung bei
1777 2919 2933 2982 mehrung der üblichen kunsthistorischen Monographien,
611 2930 1770 2995 seiner Beute. Die kleine Frau, sein eigenes Weib, wird
1782 2967 2938 3021 sondern allgemein verständliche Abhandlungen erster Au¬
612 2979 1761 3044 mit einem Epigramm abgetan. Der junge Mann darf
1785 3001 2934 3065 toren über sämtliche Gebiete der bildenden Kunst und
610 3022 1771 3076 weiteratmen, den Mord auf sich zu nehmen. „Es wäre
1788 3051 2950 3111 der Kunsttheorie. Zweck der Bändchen ist, zur Kunst¬
601 3069 1765 3128 menschlicher gewesen, es in einem abzutun,“ sagt der
1778 3091 2947 3160 betrachtung, zum Kunstgenuß und zum Kunstverständ¬
614 3102 1768 3182 Jüngling. „Menschlicher — ja. Aber das lag nicht in
1781 3145 2937 3195 nis zu führen. Erschienen sind bis jetzt: Volbehr, Th.,
616 3157 980 3224 meiner Absicht.“
1788 3179 2934 3246 Gibt es Kunstgesetze? Mayer, E. v., Die Seele Tizians.
686 3175 1762 3261 Diesem großen, kalten und egoistischen Lebenskünstler
1796 3227 2947 3301 Semper, H., Das Fortleben der Antike in der Kunst des
616 3240 1765 3294 aber ist sein Leben dennoch unter den Fingern entglitten.
1790 3281 2086 3336 Abendlandes.
614 3287 1762 3344 Sein Beruf hat ihm gelogen. Um Kriegsdienste zu tun,
1828 3314 2938 3374 In Vorbereitung befinden sich: Woermann, K., Die
610 3330 1776 3392 war er bei der Armee eingetreten, aber es wurde und
1786 3351 2942 3411 italienische Bildnismalerei der Renaissance. Berlepsch¬
615 3371 1769 3438 es blieb Friede. Wie ein Advokat, der nur mit gemalten
1789 3402 2943 3461 Valendas, H. v., Das künstlerische Element in unseren
610 3413 1775 3484 Verbrechern zu tun hätte, kommt er sich vor. Nun ihm
1792 3442 2943 3499 Wohnungen. Bürkel, L. v., Führer durch italienische
615 3452 1769 3532 endlich die Gelegenheit wird, sein Handwerk zu üben,
1785 3489 2936 3544 Galerien. Forrer, R., Alte Bauernkunst. Gaulke, J., Das
623 3499 1777 3554 am lebenden Material, soll sie ihm nicht wieder unge¬
1791 3532 2945 3597 Religionsproblem in der Kunst. Gerstfeldt, O. v., Hoch¬
613 3544 1770 3603 nossen fliehen. Denn es kommt vor, daß Regimenter
1790 3592 2939 3639 zeitsfeste der Renaissance. Kirchberger, Th., Die Anfänge
626 3590 1769 3655 nicht ein einziges Mal im Feuer stehen. Davor bewahrt
1787 3620 2941 3676 der Kunst und der Schrift. Lothar, R., Die Karikatur.
619 3625 1778 3695 zu sein, einen guten Abgang zu gewinnen und gleich¬
1792 3668 2582 3726 Uhde=Bernays, H., Anselm Feuerbach.
627 3671 1779 3735 zeitig dem albernen Betrugsspiel seiner dummen Frau
1846 3692 2944 3765 Von den drei ersten Bändchen, die uns inhaltlich
618 3714 1772 3773 enthoben zu werden, erfindet er die Fabel, daß es not¬
1787 3761 2940 3804 und illustrativ einen sehr guten Eindruck machten, dürfte
622 3752 1771 3830 wendig sei, die vor dreißig Jahren der Fahne angetane
1794 3789 2947 3848 vielleicht H. Sempers Abhandlung über das Fortleben
633 3807 1499 3868 Schmach mit dem Tode aller zu sühnen.“
1798 3837 2944 3888 der Antike in der Kunst des Abendlandes durch den
687 3826 1775 3909 Der dritte Akt ist der schwächste, was schon daraus
1796 3874 2947 3934 kunsthistorisch=ästhetischen: Nachweis das interessanteste
619 3890 1775 3941 hervorgeht, daß hier eine Paralkelfigur zu Marie das
1797 3933 2950 3994 sein. Aber jedes der drei hat seine eigenen Vorzüge und
623 3930 1779 3992 Hauptinteresse der Leser oder Zuschauer gewinnt, eine
626 3964 2671 4060 Freundin, die gleichfalls dem wilden Lebensdrang ihrer I verdient die Beachtung der Kunstliebhaber.
1412 4041 2162 4107 Druck und Verlag von H. Jent in Bern.
