3484 4224
1534 163 2076 283 box 24/3
306 169 1465 281 19 Der Ruf des Lebens
1633 1136 2802 1206 sundheit erschütterte Frau unwillkürlich einen Schrei aus¬
455 1146 1625 1209 noch, das Ergebnis aber war einstimmig Nein. So ist
1631 1199 1815 1265 stoßen?
442 1192 1617 1261 denn das die große romantische Zumutung des Dichters,
451 1246 1631 1316 mit der der Zuschauer sich abfinden muß. Macht er dieses
1707 1223 2798 1309 Der dritte Akt ist eine Nachschrift. Max hat sich er¬
450 1300 1630 1363 Zugeständnis, so hat er einen tragischen Genuß, wie er
1633 1299 2796 1374 schossen, Marie nicht den Mut gefunden, ins Wasser zu
448 1344 1620 1409 heute selten vorkommt. Dann aber darf er sich nicht wei¬
1628 1345 2789 1405 gehen. Aus der gerichtlichen Ungelegenheit wegen des
456 1392 1619 1455 gern, auf der schiefen Bahn der Zugeständnisse noch weiter
1628 1393 2801 1457 Vaters Tod hat der Arzt sie herausgelogen. Eine Freun¬
450 1442 1618 1504 zu gehen, er muß der Dichtung nicht auf das Einmaleins
1632 1443 2801 1508 din, die auf weniger wählerische Art auch dem Ruf des
447 1498 1630 1554 schauen. Im Hinblick auf das Publikum ist schließlich jede
1640 1492 2799 1557 Lebens gefolgt ist, stirbt. Ach, das Leben, das ruft,
449 1543 1618 1606 originelle Tragödie eine Belastungsprobe. Auch „Prinz
1640 1541 2799 1597 denn es ist seine Natur, zu rufen. Und der Mensch hat
448 1600 1618 1655 Friedrich von Homburg“, und „Wilhelm Tell“, und die
1634 1599 2799 1660 das Organ mitbekommen, diesen Ruf zu hören. Das
453 1642 1622 1705 höchsten Dramen Shakespeares. Das Publikum muß intel¬
1630 1642 2801 1699 große Muß, das größte, dem sich in der gesamten Lebe¬
446 1687 1622 1752 ligent mitarbeiten und gerade das sehen, was es sehen soll.
1635 1681 2804 1749 welt nichts entziehen kann. Ob der einzelne dabei das
532 1742 1619 1807 Der Oberst hat natürlich auch seine Psychologie. Er
1642 1739 2791 1806 „Glück“ findet? Gleichviel, da er muß. Marie erinnert
452 1780 1619 1858 hat es wohl gemerkt, daß Leutnant Max ihm die Frau
1641 1786 2802 1851 sich nicht mehr, ob sie es gefunden. Sie weiß nur noch,
453 1836 1627 1896 verführt hat. Das war das Ventil, als Marie dem Ruf
1643 1831 2796 1900 daß sie in einer kurzen Spanne Zeit alle Seligkeit und
1640 1882 2801 1955 Höllenqual erlebt hat, die in ihrer menschlichen Bestim¬
456 1888 1626 1944 des Lebens nicht folgte. Der Oberst ist ein Weltmann von
1630 1933 2797 2004 mung Platz hatte. Wer ist berechtigt, über sie zu richten?
445 1935 1620 1990 hohem Niveau. Seine Frau sagt: ein Poseur. Ist es kein
1640 1983 2799 2049 Ist es nicht unbegreiflich, daß sie noch immer den Ruf
468 1990 1629 2049 „Witz“ von ihm, sein Unglück als Gatte im Blute von
1641 2024 2796 2093 des Lebens hört? „Wenn du's vermagst empor zum Him¬
461 2033 1621 2099 tausend jungen Männern ertränken zu wollen? Im zweiten
1642 2090 2793 2140 mel zu schaun, gleich anderen, ohne daß er sich dir ver¬
455 2084 1626 2147 Akt hat der Oberst mit Max eine Aussprache, die sich in
1639 2124 2800 2201 finstert — wenn du den Duft der Wiesen und Wälder
458 2132 1621 2196 lauter Verschwiegenheiten bewegt. Was könnte beredsamer
1643 2176 2806 2240 eintrinkst und er fault dir nicht auf den Lippen — wenn
448 2170 1633 2243 sein? Dazu das Kasernen=Milieu... und der Abmarsch
1643 2213 2808 2284 du dich in den Frieden von Himmel und Erde stiehlst,
453 2230 1627 2292 morgen früh. Diese Leben gehören sich ja gar nicht mehr
1641 2274 2805 2340 die dich nicht mehr haben wollen — wenn du es wagst
459 2281 1628 2346 an. Und dann überrascht der Oberst seine Frau bei Max.
1642 2317 2801 2386 weiter zu leben, gleich Menschen, die ohne Schuld sich
452 2333 1629 2399 Er springt zum Fenster herein, als sie Max auffordert,
1636 2369 2805 2436 wissen — was war denn dies alles?! — Was bist du
457 2381 1629 2435 mit ihr zu fliehen. Der Ruf des Lebens, in allen erdenk¬
1634 2425 2801 2487 für ein Wesen, das aus einem solchen Schicksal wieder
456 2433 1635 2490 lichen Tonarten. Die Frau sagt dem Gatten ihre ganze
2647 2475 2699 2534 —
2692 2469 2817 2532 Und
1637 2470 2606 2526 emportaucht wie aus einem wilden Traum?
461 2472 1625 2542 Mißachtung ins Gesicht. „Nun ja! Was starrst Du mich
1635 2512 2808 2579 wacht — und lebt? sich sehnt zu leben —?“ So staunt
1016 2524 1625 2592 „Bist Du's?“ entgegnet der
456 2529 915 2596 so an? Ich bin es!“
1638 2566 2803 2628 Marie über sich selbst. Die das alles getan, ... ver¬
457 2567 1632 2638 Oberst; „Du warst es, Irene.“ Und erschießt sie. Und
1636 2614 2809 2680 brochen. Der Arzt glaubt unverbrüchlich an die lebendige
447 2628 1628 2686 geht. Was bleibt Max übrig als der Revolver? Der Schein
1635 2667 2802 2717 Kraft des Lebens. „Und wer weiß, ob Ihnen nicht spä¬
456 2684 1632 2736 des Doppelselbstmordes, was auch die Idee des Obersten
1637 2713 2796 2776 ter — viel später einmal aus einem Tag wie der heutige
454 2732 1627 2784 ist. Da tritt Marie hinter dem Vorhang hervor. Sie hat
1648 2765 2807 2827 der Ruf des Lebens viel reiner und tiefer in der Seele
462 2776 1631 2838 alles mitangesehen. Sie „ist gekommen“. Noch einmal hört
1634 2805 2804 2882 klingen wird, als an jenem anderen, an dem Sie Dinge
457 2824 1636 2881 er den Ruf des Lebens, wirft den Mantel um sich und
1645 2865 2812 2926 erlebt haben, die so furchtbare und glühende Namen tra¬
462 2877 1629 2934 sie und stürzt mit ihr davon. Auf haardünner Schneide
1641 2915 2213 2989 gen wie Mord und Liebe.“
451 2931 1628 2985 bewegen sich diese Szenen über die Bühne. Die aufregend¬
1723 2961 2825 3028 So der Arzt, von seiner hohen Warte herab. Er rät
453 2971 1635 3034 sten Dinge im Banne einer stählernen Selbstbeherrschung.
1647 3018 2822 3090 ihr, in den Krieg zu ziehen, als barmherzige Schwester,
461 3038 1640 3084 Zu stählern sogar; wenigstens was Marie als Zeugin
448 3065 2055 3141 solcher Greuel betrifft. Wann denn soll eine in ihrer Ge= wie so viele andere.
2880 1134 3388 1205 „Sie sind gut,“ sagt Ma
2885 1183 3389 1261 „Gut? Ich? Jal. So w
2807 1230 3401 1301 Und wie diese Entschwunden
2807 1293 3388 1361 Worte! —— Ihnen scheint
2817 1330 3378 1401 und denen (weist auf die
2810 1384 3384 1458 laufen). Der da nicht mehr.
2816 1433 3318 1509 Erden, das sicher wäre.“
2892 1483 3386 1559 So der Arzt. Kein Pr
2805 1527 3388 1609 des Lebens. Des ewig rufen
2803 1594 3386 1669 zu folgen über die Kraft ge
2890 1638 3390 1720 Nun, in Berlin hat die
2802 1684 3396 1768 vermocht, obgleich Basserman
2817 1741 3396 1823 den Max spielte. Die Berlin
2815 1798 3380 1864 aus und waren ohnehin
2804 1823 3398 1918 Köpenick auch gegen normi
2811 1892 3396 1963 worden. In Wien genoß h
2816 1946 3388 2015 mit Vorsicht, ließ sich aber
2815 1990 3403 2064 nahm dann auch den dritter
2809 2042 3393 2112 Erfolg, halb wider Erwarte
2813 2092 3388 2161 diesen beiden Akten unter
2813 2138 3393 2213 Die Aufführung entsprach de
2819 2187 3401 2260 heiten. Den Ruf des Leh
2817 2236 3390 2308 selten aus. Es ist alles S
2826 2282 3398 2369 Herr Weisse, selbst spielt
2823 2339 3379 2411 nicht unheimlich genug zu
2810 2369 3400 2459 ihrer Kälte war richtig. W
2809 2439 3391 2509 wurzer! Herr Kramer
2817 2481 3390 2557 Homma kein übler alter
2820 2532 3378 2603 Eifer an den Tag, aber
2808 2579 3396 2655 Affekt eine krächzende Stimn
2818 2633 3403 2691 machte, und Frl. Müll
2808 2678 3380 2760 zwitschernde Weise, die w
2814 2724 3391 2802 Bloß Frl. Marberg als
2827 2779 3391 2840 Leben. Es heißt übrigens,
2826 2827 3368 2906 Stück wieder aufnehmen
2823 2882 3395 2967 räsonnieren und applaudier
2819 2934 3006 3024 gezeigt.
