3484 4352
353 194 1497 313 19. Der Ruf des Lebens
924 682 1244 763 EBAPR 1979
564 777 1293 932 Rontogs-Biel (ubl. Hiath nien
562 924 686 987 20 7
556 973 1564 1120 Theäter und Kunst.
563 1075 1676 1171 (Deutsches Volkstheater.) Schnitzlers „Der Ruf der
450 1127 1673 1217 Lebens“ neuinszeniert Ueber das Stua selbst muß heute nicht
444 1163 1670 1256 mehr gesprochen werden: Eros=Thanatos, gerade an diesem
451 1215 1668 1286 Dichter wie Karyatiden als Pfeiler vor sein dramatisches Ge¬
438 1257 1663 1330 bäude gestellt, find hier wieder mit allen feelenkundlichen Fein¬
432 1305 1675 1392 heiten als Geschwister beleuchtet. Interessant war diesmal bloß
436 1356 1682 1426 die neue Besetzung und die —tieß leider manchen Wunsch un¬
450 1391 1670 1474 erfüllt. Frl. Denexa in der Rolle, die einst die Wagner gespielt,
443 1429 1668 1513 ist — man verzeihe die Derbheit: eine „fade Raunzen“, wo blieb
439 1467 1672 1561 der innere Zwang zu ihrem Tun, das Erdgeist=triebhafte? Herr
441 1578 1666 1702 Götz gab das Klischee des feigen Egoisten, aber nicht mehr, die
437 1656 1647 1744 anderen waren — Erika Wagner und Danegger ausgenommen
434 1702 1641 1797 — kaum mehr als guten Willens. Dr. Bernhard Reich aber —
420 1730 1665 1857 was nächstens noch zu begründen sein wird ist als Regisseur
421 1787 1022 1873 kein Gewinn für diese Bühne.
1126 2215 1373 2302 28 4OD 107
717 2247 1554 2423 Woner Mörtage Jontmat, Wien
580 2452 1635 2575 Theater, Kunst und Literatur.
583 2517 1709 2670 (Deutsches Volksthester.) Schni#leRuf des Le¬
481 2558 1693 2688 bens“ ist durch das lange Ablagern nicht transitiver geworden.
475 2610 1684 2729 Die Handlung steckt in den Tiesen der zügellosen Leidenschaf¬
472 2655 1689 2765 tei, welche angeblich den Ruf des Lebens bedeuten sollen, im
477 2692 1683 2823 Grunde aber doch nur menschliche Verwirrungen sind und nicht
465 2754 1671 2851 als These gelten können. Dazu arbeitet das Stück mit allzu
469 2779 1673 2874 grellen Wirkungen, die man seither an Schnitzler nicht mehr
470 2834 1682 2926 gewöhnt ist, man hat das Gefühl, als ob es gar kein Schnitzler!
471 2854 1666 2968 wäre und freut sich, daß der Dichter inzwischen mäßiger ge¬
467 2902 1678 3007 worden ... Die Aufführung wird den Vorzügen des Stückes
470 2929 1668 3047 nur teilweise gerecht. Frl. Denera, in der zweifellos uner¬
458 2982 1667 3085 füllte Hoffnungen schlummern, hat zu wenig Weichheit für den
453 3021 1658 3125 leidenschaftlichen Genußcharakter der Marie, die sympathische
449 3050 1662 3172 junge Tame muß viel Schule abstreifen, um sicherer zu wer¬
453 3108 1654 3210 den. Herr Onno ist als lebenskurzer Stürmer ganz in
454 3131 1662 3258 seinem Element. Da, wo er nicht zu tragen braucht, ist er
460 3183 1662 3298 immer gut. Fr. Wagner gab die Oberstin warm und lei¬
446 3224 1654 3322 denschaftlich edel, Herr Werner Kahle den Obersten gar
439 3258 1653 3367 zu „hundeschnäuzig“ kält. Die Herren Götz, Täubler und
438 3297 1654 3396 Dannegger, die Damen Thaller und Rosenquist
429 3343 1660 3473 waren ganz am Platz. Das Publikum jubelte, wie es immer
440 3379 1180 3465 jubelt, wenn es nicht skandaliert ...
1649 195 2119 289 box 24/5
2800 263 3249 356 Hemeide Eitung
2275 293 2784 410 28 APAID 14919
2796 355 2992 422 Wien.
3023 389 3158 487 0
2330 440 3213 525 „Der Ruf des Lebens“ von
2578 507 2924 605 Schnitler
2321 574 3195 660 Im Deutschen Volkstheater neuinszeniert¬
2385 630 3204 702 Schnitzpers „Ruf des Lebens“
2291 656 3204 764 schauspiellrischneu hergerichtet (Regie D Reich).
2299 746 3219 802 D#e Aufführlng seinerzeit hatte auch land¬
2308 783 3221 849 schaftliche und Dialektreize, die am Samstag
2293 841 3212 910 nur geistige Stimmung. Was wahrscheinlich
2301 883 3227 948 von des Schauspielern herkommt, die bei
2296 924 3224 985 Pernast spirituelleres Theater gewohnt, als"
2361 975 3208 1048 infder früheren Generation üblich. Herr
2293 1006 3206 1098 GGö8 leiht den tyrannischen durch Kriegs¬
2294 1077 3212 1142 erinherungen gewürzten Lamentationen des
2287 1128 3209 1196 alten Vater=Majors seine nie versagende
2292 1164 3220 1237 Menschenstimme und Fräulein Deneras
2296 1223 3210 1292 für Ottegebe Hilfsdienst stets parates Mädchen¬
2301 1273 3223 1347 tum eignet sich auch für Schnitzlersche Ver¬
2287 1323 3225 1387 liebtheiten. Fräulein Rosenquist gibt
2296 1365 3232 1451 den Sterbephantasien der Schwindsüchtigen
2293 1409 3220 1480 zärtlich=rührende Moderfarbe und Fräulein
2296 1460 3216 1540 Wagner spielt die Frau des Obersten mit
2299 1508 3215 1585 einer Tamen=Leibenschaftlichkeit, die Feuer,
2289 1572 3217 1626 aber geringe Flamme lat. In der Figur ist
2295 1597 3219 1683 auch etwas wie: kühl bis ans Decoleré. Herrn
2300 1663 3206 1710 Werner Kahles seriöst, keinen Spaß ver¬
2299 1705 3208 1776 stehende Männlichkeit bot für die unmomentische.
2296 1770 3219 1823 vom Glanz der Oberstuniform verdüsterte
2291 1819 3208 1870 Lebensau fassung die geeignete Unter=Null¬
2300 1865 3214 1927 Temperatur. Herr Onno ist der in den
2294 1901 3211 1972 sicheren Tod galoppierende Verführer=Offizier.
2296 1948 3210 2027 Ohne die übliche Don Juan=Gloriole aus
2294 2006 3208 2064 Seidenpapier weiß er den Glauben um sich
2287 2047 3215 2125 zu breiten, daß er trotz vielen Herzen die ihm
2287 2089 3203 2169 zu Füßen solch eines Heldenspasses fähig ist.
2293 2148 3230 2234 Sind doch seine Theatermenschen dem Toy
2292 2200 3215 2256 immer einen Zoll näher als irdischen, Unzer¬
2786 2245 3182 2316 ee
2307 2238 2562 2320 haltungen.—
2898 2388 2992 2465 1378
2503 2424 2946 2536 Aittagspost Wien
2206 2603 3062 2705 Deutsches Volkstheater.
2142 2690 3229 2760 „Der Ruf des Lebens.“ Drei Akte von
2067 2728 3215 2810 Artur Schnitzler. Neuinszeniert von Dr. Bernharb
2064 2790 3224 2853 Reich. — Ich weiß, ich weiß, es stimmt so manches nicht
2061 2825 3225 2906 in diesem schwächeren der Schnitzlerischen Werke. Es
2062 2874 3227 2950 werden Erwartungen erregt, die nicht erfüllt werden, es
2072 2934 3225 3004 treten Ereignisse ein, die wir nicht erwartet haben. Die
2073 2967 3229 3056 Kansalität des Geschehens ist durchlöchert, wir hören
2067 3032 3215 3101 eine Ballade von Tod und Leben, wir sehen einen Mücken¬
2077 3070 3228 3161 tanz ums tödliche Licht, aber da ist ein erster Akt, den
2070 3126 3222 3194 man nicht vergißt, da sind im zweiten Akt ein paar
2077 3165 3229 3246 Szenen, die am tiefsten rühren, da sind im dritten Akt
2069 3214 3234 3297 ein paar Worte aus einem schmerzlichen Begreisen, alles
2074 3259 3229 3353 Meni#liche gütig emporgeholt — der Abend ist nicht
2076 3316 3236 3389 ver trotz aller Mängel des Werkes. Die Männer
2083 3353 3238 3447 des Stückes allen voran Herr Götz, als der Sterbende
2078 3405 3238 3507 mit dem Lebenshunger und dem krassen Egoismus des
2085 3466 3231 3539 Kranken, entwickelten eine Fülle von Charakteristik.
2088 3518 3220 3582 Herr Onno menschlicher als jemals und deshalb ergrei¬
2079 3556 3236 3654 fender als sonst, trefflich die Herren Rehberger, Werner¬
2089 3607 3242 3686 Kahle und Täubler, etwas schwächer die Frauen, am
2084 3653 3234 3731 besten Frau Erika Wagner. Es fehlte nicht an Beifall.
2084 3704 3240 3784 Wienerisch wirkte dieses Stück nicht, konnte auch nicht so
2090 3749 3264 3835 wirken, das macht schon vor allem die sublimierte.—
2091 3799 3236 3885 Schnitzlerische Sprache unmöglich, die auf Stilwirkun¬
2097 3853 3231 3935 gen ausgehend, die Geschehnisse mit Bewußtsein in eine
2098 3897 3268 3984 höhere Tonlage transponiert. Damit hatte „sich auch,
3034 3948 3221 4009 F. D.
2084 3960 2631 4053 der Regisseur abzufinden.
