3484 4352
1599 310 2049 400 box 24/1
1042 329 1084 396 S
1117 329 1172 395 L
298 345 1451 440 19. Der   e
1285 561 1414 618 10
1237 652 2189 715 zählen und Zeitungen vorlesen. Von draußen
1240 711 2196 758 hört sie den Ruf des Lebens. Ein etwas
1231 740 2190 809 langstieliger Forstadjunkt wirbt um ihre Hand; aber
1248 783 2194 840 der ist nicht ganz der richtige, erstens, weil er eben
1238 817 2191 878 langstielig ist und dann, weil eine Försterin
1239 864 2185 922 im Gebirge doch nicht ganz das Leben ist,
1649 898 2184 962 eine Sechsundzwanzigjährige
1239 907 1569 963 nach dem sich
1239 936 2197 1004 sehnt. Lockender ist schon das Abenteuer mit einem
1237 978 2199 1027 Dragoneroffizier, mit dem man einmal die Nacht durch¬
1247 1031 2196 1079 tanzt hat. Aber dieser Dragoneroffizier zieht gerade in den
1254 1051 2199 1121 Krieg — wir sind in Oesterreich, ungefähr in der Zeit
1252 1103 2194 1151 von Solferino oder auch von Königgrätz — und alle
1246 1129 2200 1193 Welt weiß, daß dieses Dragonerregiment beschlossen
1248 1175 2196 1230 hat, bis auf den letzten Mann zu sterben, um eine
1240 1212 2198 1270 alte Schmach wieder gut zu machen. Nächsten Morgen
2096 1252 2200 1300 Der
1250 1258 2063 1308 rücken sie aus und kommen nicht wieder.
1821 1265 2206 1344 je und hält die
1257 1294 1821 1356 Alte poltert schlimmer als
2102 1326 2192 1375 Da
1249 1332 2071 1390 Tochter mit tyrannischer Hand fest.
2113 1367 2202 1415 die
1258 1359 2115 1421 schüttet sie die hundert Dosen Chloral,
1261 1409 2205 1460 ihr eben der Arzt mit bedeutungsvollem Blicke gab,
1252 1448 2205 1501 dem Kranken in das Glas, er trinkt, schreit auf und
1253 1484 2198 1547 bricht zusammen. Und dem noch Lebenden reißt sie
1252 1531 2224 1587 den Schlüssel aus der Hand und stürmt hinaus, dem
1252 1569 1706 1649 Ruf des Lebens folgend.
1307 1586 2198 1658 Dem Herrn Dragoneroffizier aber kommt sie zu sehr
1251 1645 2210 1715 ungelegener Stunde. Er hat ein Verhältnis mit der
1264 1684 2202 1745 Frau seines Obersten und die lebensdurstige Marie muß
1251 1719 2212 1777 aus ihrem Versteck einem sehr patyetischen Stelldichein
1267 1763 2201 1822 zusehen, muß zusehen, wie der betrogene Gatte durch das
1267 1802 2200 1865 Fenster einsteigt und die Ungetreue niederknallt. Erst nach
1264 1847 2210 1895 Erledigung dieser Episode kann die Lebensdurstige ihrem
1268 1881 2209 1944 Offizier zu kurzem Glück in die Arme sinken. „Lebens¬
1268 1919 2205 1982 durstig“ ist übrigens ein sehr poctisches Wort für dieses
1263 1972 1853 2024 brutale Begehren und Geschehen.
1314 1989 2212 2059 Im letzten Akte resignitt man sich. Der Papa ist
1263 2035 2209 2106 tot, die Frau Oberst ist tot, der Herr Oberst ist iot,
1268 2089 2217 2139 der Dragoneroffizier hat sich erschossen, alle Dragoner
1269 2109 2219 2177 sind im Felde gefallen und tot, manfetot. Kein
1274 2151 2211 2210 Wunder, daß die lebensdurstige Marie aussieht wie
1275 2191 2219 2263 eine geknickte Blume. Für Damen ihrer Geistes¬
1268 2228 2210 2299 richtung ist eine Welt ohne Dragoneroffiziere
1904 2273 2222 2326 so lauscht sie
1266 2283 1900 2353 aber nichts mehr wert, und
1273 2319 2222 2367 ergriffen den wohlgesetzten Worten des ehrenwerten
1279 2351 2210 2418 Chlotal=Hausarztes, der ihr ein philosophisches Ge¬
1269 2401 2212 2470 nießen nicht des wilden tragischen Lebens, aber der in
1277 2432 2087 2491 ruhigem Glanz dahinfließenden Alltage predigt.
1320 2463 2217 2530 Daß in diesem Stück manches von der geschickten
1272 2509 2222 2572 Hand eines wirklichen Dramatikers arrangiert ist, soll
1282 2547 2228 2615 nicht geleugnet werden. So ist der erste Akt ein
1282 2582 2229 2652 packendes kleines Drama für sich, reich an
1286 2626 2220 2697 Fortschritt, Bewegung und kräftigen Kontrasten.
1281 2675 2213 2726 Nachher aber überwuchert eine schwülstige Banalität.
1280 2711 2227 2775 Die Geschichte mit dem totgeweihten Regiment
1288 2746 2221 2807 ist etwas einfältig und wird ohne Größe entwickelt,
1277 2787 2227 2851 und durchaus abgegriffene Mittelware ist die Ehe¬
1277 2834 2115 2893 bruchsepisode und der schlappe, kraftlose Schluß.
1328 2877 2219 2923 Die gezierte, affektierte Sprache, eine Kasseehaus¬
1282 2900 2229 2964 Literatensprache, die mit dem Leben nichts zu tun
1279 2946 2005 3009 hat, verdient eine besonders scharfe Rüge.
1329 2984 2223 3055 Die Darstellung war mittelmäßig. Irene Triesch
1286 3026 2228 3088 freilich kann niemals mittelmäßig sein, sie war auch
1291 3065 2232 3129 diesmal immer interessant, am interessantesten aller¬
1277 3106 2228 3161 dings, wenn sie schwieg. Aber Herr Marr als kranker
1288 3152 2224 3203 Vater, Emannel Reicher als giftmischender Arzt,
1291 3184 2234 3248 Bassermann als Oberst und die andern alle, sie
1289 3224 2229 3286 spielten ein Spiel, das den Traditionen dieses
2146 3262 2229 3307 der
1282 3272 2139 3323 Ensembles nicht gerecht wurde. Rittner,
1933 3301 2232 3357 spielte, hatte
1284 3312 1930 3377 den langstieligen Forstadjunkten
2148 3343 2227 3390 zu
1491 3335 2140 3406 mit seiner Partie unzufrieden
1293 3350 1493 3410 Grund,
1285 3377 2230 3443 sein. Das gab ihm aber nicht das Recht, seine
1290 3429 2242 3486 Rolle einfach zu markieren. Der Sache, zu der man
1295 3460 2228 3539 gehört, hat man treu zu bleiben bis zum letzen Tag.
2056 3501 2210 3565 V. A.
1391 3553 2240 3641 Zur Feier ihres 50jährigen Bestehens Nran¬
1285 3620 2235 3676 staltete die „Akademische Liedertafel" (Dir.
1289 3663 2233 3717 Adolf Schulze) am Donnerstag abend im Saale der
1302 3699 2245 3757 Singakademie ein Fest=Konzert, das sich eines zahlreichen
1297 3747 2233 3801 Besuches erfreute und in seinem Verlauf sehr an¬
1289 3779 2240 3851 regend gestaltete. Dem schwungvoll vorgetragenen
1289 3827 2239 3876 Vereinsspruche (komp. von dem A. H. d. A. L. T.
1301 3854 2236 3917 Prof. Dr. Fr. Volbach) ließ die Sängerschar zunächst
1292 3896 2235 3961 Max Stanges Jubiläumsgesang „Jauchzet ihr Himmel,
1289 3938 2231 4002 janchzel“ und weiterhin Fr. Volbachs stimmungsvolle
1288 3984 2238 4039 Cher-Ballade „Der Troubadour“ für Chor, Bariton¬
1288 4010 2243 4069 solo und Orchester foigen, deren Wiedergabe, was
1292 4056 2246 4116 klangliche Sauberkeit und rhythmische Präzision an¬
1294 4088 2241 4152 belangt, durchweg als wohlgelungen gerühmt werden
1294 4130 2239 4193 kann. Auch in bezug auf Phrasierung und Sprach¬
1302 4169 2236 4229 behandlung ist dem Chor das Beste nachzusagen. Als
1303 4208 2237 4268 Mitwirkende waren an der Aufführung erfolgreich be¬
