3436 4352
851 205 1739 245 immer hervorragend waren. Die Autoren, die
847 243 1733 291 man aufgeführt hat, sind natürlich anderer Ansicht.
836 273 1741 321 Ich für meinen Teil gestehe, daß ich in dieser ver¬
843 316 1733 362 schrienen Saison manch großen Genuß erlebt
840 349 1731 404 habe, und daß es nicht zuletzt die deutschen Dichter
833 401 1737 450 waren, die mir diese Freuden verschafften. Mein
850 431 1739 479 Geist bereicherte sich an dem, was sie sähufen. Ich
837 464 1743 518 bewunderte den Mut, mit dem sich die Dichter
834 516 1735 553 der Provinz von Berlin lossagten und freimachten.
849 550 1738 602 Denn das ist der gemeinsame Zug. der alle diese
850 582 1746 639 zeilgenössischen Antoren, die so starke Tempera¬
838 624 1743 669 mentsunterschiede au weisen, vereinigt: sie haben
850 655 1742 719 aus ihrem Hirn die Hauptstadt Preußens aus¬
847 702 1747 748 geschaltet. Unsere, die dramatischen Sitten Frank¬
852 738 1745 786 reichs beherrschi Paris. Berlin nimmt in den Ge¬
845 781 1745 839 danken der deutschen Schriftsteller nur einen
847 818 1255 870 sekundären Rang ein.
913 843 1741 899 Die Theater, deren Eigentümer der Kaiser und
848 889 1732 942 König ist, haben unter der Leitung des hoch¬
846 942 1741 984 intelligenten Intendanten von Hülsen keine be¬
854 966 1738 1026 sonders fruchtbare Tätigkeit entwickelt. Nach einer
852 1007 1739 1053 langen Zeit des Umbaus und der künstlerischen
854 1054 1743 1106 Ruhe spielte das Königliche Schauspiel ein reizen¬
840 1090 1741 1135 des Stück von Oskar Blumenthal: „Der Schwur
842 1124 1759 1185 der Treue“. Ich weiß, daß man Herrn Blumen¬
838 1162 1742 1211 thal vorwirft, kein Genie zu sein. Er irrt nicht
843 1200 1747 1252 Symbolen nach, er verschmäht das Helldunkel und
852 1238 1749 1278 beleuchtet, da er sein Handwerk von Grund auf
848 1276 1749 1330 versteht, seine Stücke mit einer Klarheit, die fast
854 1314 1749 1352 französisch anmutet. Im Opernhaus brachte es
859 1351 1753 1405 Stenhammers „Fest auf Solhang“ dank dem ge¬
854 1388 1753 1438 ringen Interesse nur auf vier Wiederholungen.
845 1435 1753 1480 Dagegen erweckte „Der lange Keil“ des Herrn
859 1464 1747 1515 von Woilowski=Biedau den Zorn der Berliner
856 1509 1753 1556 Kritik. Man muß allerdings zugeben, daß diese
854 1543 1745 1593 Oper nur geschrieben worden ist, um einem wahr¬
847 1580 1755 1647 haften Riesen Gelegenheit zu geben, auf der
860 1626 1750 1670 Bühne des Königlichen Opernhauses zu erscheinen.
848 1670 1759 1710 Im übrigen blieb die Oper Wagner ireu. Außer¬
855 1694 1764 1749 dem studierte sie Aubers „Schwarzen Domino“
862 1739 1759 1792 neu ein und statteie dieses Werk mit einem großen
860 1778 1748 1824 Luxus neu aus. Je mehr wir Franzosen uns von
854 1813 1753 1861 diesem Autor entfernen, desto eiftiger suchen die
859 1859 1760 1903 Deutschen eine gewisse Koketterie darin, unsern
863 1894 1753 1951 alten Komponisten für sich in Anspiuch zu nehmen,
864 1928 1660 1991 ihn mit aller erdenklichen Liebe zu pflegen.
908 1962 1759 2016 Das Hauptinteresse wendete sich dem Lessing¬
864 2008 1759 2067 Theater und dem Deutschen Theater zu. In jenem
854 2060 1765 2103 wurde ein neues Stück von Hermann Sudermann
860 2086 1764 2134 gespielt: „Stein unter Steinen“. Auf ein etwas
855 2121 1760 2166 hanales und auch ein wenig verbrauchtes Grund¬
862 2172 1764 2215 gewebe hat Sudermann einige ergreifende Cpi¬
857 2200 1767 2252 soden gesetzt. In ein kräftig realistisches Milien
866 2242 1767 2289 verwob er eine flitterhafte Romantik. Das Stück
868 2285 1763 2327 ist im wesentlichen ein Melodram, das mit allerlei
868 2319 1766 2368 richtigen Beobachtungen verarbeitet ist. Sein litee
859 2359 1769 2417 rarischer Wert beruht eher in der lebens¬
870 2402 1774 2457 vollen Milieuschilderung als in dem Sujet. Der
866 2438 1762 2491 Dialog Sudermanns hat nichts von seiner
872 2469 1769 2521 charatteristischen Schärfe verloren. Wir erwarten
863 2515 1767 2565 mit Spannung sein neues Werk. „Der Ruf des
872 2564 1775 2607 Lebens“ hat uns einen schrecklichen Schnitzler ent¬
864 2597 1771 2646 hüllt. Immerhin hat dieses Stück im Verein mit
864 2631 1767 2693 der anbetungswürdigen und mysteriösen „Pippa“
870 2670 1765 2714 Gerhart Hauptmanns den Spielplan des Lessing¬
878 2714 1777 2761 Theaters gefüllt. Regie und Inszenierung sind an
875 2753 1771 2801 dieser Stelle einst und streng und würdig einer
871 2789 1774 2843 ruhmreichen Vergangenheit. Niemals stört an
867 2826 1775 2876 dieser Bühne eine Geschmacklosigkeit, nie eine
864 2865 1771 2920 Improvisation. Alles ist feinste Kunst, die hier
865 2906 1772 2958 gepflegt wird, und eine Reihe der prächtigsten
875 2946 1772 2992 Schauspieler hat sich hier vereinigt, um Meister¬
871 2983 1216 3041 werke zu schaffen.
938 3005 1773 3080 Im Gegensatz zu dieser bei aller Feinheit
882 3063 1766 3114 immer etwas tleinlichen Kunst Brahms steht Max
868 3115 1768 3161 Reinhardt, der Neues schafft. In seiner Inszenie¬
874 3144 1772 3189 rung des „Sommernachtstraums“ velebte dieser
878 3179 1779 3224 kühne Regisseur, der die Ballettröckchen der Eifen
877 3225 1776 3284 haßt, den Zauberwald mit ganz bizarren, fast un¬
883 3256 1785 3310 förmlichen Fabelgestalten. Ein für meinen Ge¬
869 3286 1776 3365 schmack allzu behaarter Puck, ein Gassenjunge der
882 3339 1778 3382 einsamen Wälder erfüllte die warme Sommernacht
876 3382 1779 3431 mit seinem unbändigen Gelächter. Ich kann den
881 3416 1777 3476 Heroismus von Gertrud Eysoldt nicht genug be¬
885 3446 1773 3496 wundern, die sich zu dieser fast lächerlichen Ver¬
880 3494 1781 3547 kleidung hergegeben hat. Fräulein Eysoldt ###mt
1697 3531 1768 3574 8
872 3536 1696 3578 in Berlin den Rang der Réjane oder der 9#
886 3566 1779 3619 ein, aber keine ließe sich in ein solches Gewund
884 3610 1749 3661 stecken: Fräulein Eysoldt hat sich darein gefügt.
950 3642 1783 3694 Max Reinhardt ist ein Poet, der seine Visionen
886 3694 1781 3751 auf der Bühne zu verwirklichen sucht. Ein orien¬
886 3733 1776 3780 talischer Poet..... Er kennt nicht den Reiz der
876 3758 1775 3811 reinen Linie, der schlanken Form. Er überhäuft
877 3809 1781 3852 die Meisterwerke der Dichtkunst mit Ornamenten,
890 3840 1784 3896 er erregt und erschöpft den Zuschauer, um ihn zu
887 3873 1781 3940 blenden. Und doch muß mun seinen seinen Instinkt,
883 3919 1772 3966 seinen guten Willen anerkennen ... solange er sich
891 3957 1773 4010 nicht damit abgibt, Shakespenie verschönern zu
892 3999 1106 4054 wollen..
948 4017 1777 4080 Am Kleinen Theater wurde Frank Wedekind
895 4068 1785 4153 gespielt. Gerhart Hauptmann ist ein naives Genie.
1756 168 2620 221 meeertah rrc m enhre
1760 219 2647 262 eintraf wurde er von einem Kriminalbeamten
1755 259 2651 299 verhaftet. Am Vormittag des gleichen Tages war
1751 295 2643 339 der Doppelmord an dem Reichardtichen Ehepaar
1759 337 2647 385 verübt worden, und man brachte die Verbatung
1755 373 2643 419 des Matrosen mit der Mordaffatre in Verbindung.
1765 415 2656 453 Durch die Nachforichungen der Kriminalpolizei
1759 442 2649 485 wurde jedoch festgestellt, daß der Matrose als
1768 484 2652 527 Täter nicht in Betracht kam. A. wurde nach Kux¬
1760 525 2662 568 haven zurücktransportiert und durch das Marine¬
1771 566 2649 605 gericht das Verfahren wegen unerlaubter Ent¬
1772 598 2665 644 fernung gegen ihn eingeleitet. Der Angellagte
1767 642 2658 680 hatte sich aber in dem Glauben befunden, daß er
1765 672 2659 714 sich des schweren Verbrechens der Fahnenflucht
1771 715 2653 760 schuldig gemacht habe, und um einer
1771 753 2667 799 solchen Bestrafung vorzubeugen, griff er zu einem
1763 794 2657 832 verhängnisvollen Mittel. Dem untersuchung¬
1776 821 2655 882 führengen Gerichtsherin gegenüber gab er an,
1757 858 2662 908 wan solle seine Braut vernehmen, denn sie werde
1770 898 2667 956 zu seinem Gunsten aussagen. Inzwischen richtete
1771 938 2661 996 er an sie einen eingeschriebenen Eilbrief,
1773 979 2659 1026 in dem er der Empfängerin ihre Aussagen vor
1775 1019 2662 1065 dem Richter vollständig vorschrieb. Da sich das
1767 1049 2666 1098 Mädchen damals wegen eines Diebstahls in dem
1765 1091 2677 1141 Frauengefängnis in der Barnimstraße besand,
1768 1136 2675 1184 wurde der Brief beschlagnahmt. Die Aussagen.
1768 1170 2669 1211 welche der Angeklagte dem Mädchen vorgeschrieben
1780 1205 2672 1254 hatte, waren in vielen Punkten wissentlich falsche.
1778 1245 2670 1297 Daß die Braut bei ihrer Vernehmung vereidigt
1765 1287 2671 1330 werden würde, war dem Matrosen, noch bevor er
1773 1321 2673 1363 den Brief geschrieben, vorgehalten worden. Nach
1775 1367 2676 1408 längerer Beweisaufnahme verurteilte das Kriegs¬
1769 1402 2677 1444 gericht den Angeklagten wegen versuchter Ver¬
1768 1429 2674 1491 leitung zum Meineid und unerlaubter Entfernung
1783 1460 2687 1524 zu einer Gesamistrafe von einem Jahr drei
1767 1507 2678 1557 Tagen Zuchthaus und Ausstoßung aus dem
1780 1556 1922 1610 Heere.
1831 1576 2677 1635 §t. Die Angelegenheit des fürstlich Wrede¬
1777 1628 2682 1680 schen Dieners Glase wird am 12. d. M. vor
1782 1664 2676 1709 dem Reichsgericht zur Verhandlung kommen.
1788 1709 2679 1752 Glase, der am 6. Juli wegen des an den Fürsten
1782 1745 2678 1789 Wrede gerichteten Erpressungsbriefes zu nenn Mo¬
1780 1780 2686 1832 naten Gesängnis verurteilt worden ist, hat Revision
1784 1822 2679 1878 eingelegt. Das Reichsgericht wird u. a. auch die
1781 1859 2689 1912 Frage zu pillen haben, ob das spanische Recht,
1779 1895 2681 1958 welches doch in Frage komme, da der Brief nach
1782 1938 2680 1989 Madrid gerichtet sei, das Delikt einer versuchten
1774 1978 2291 2046 Erpressung überhaupt kenne.
1936 2085 2525 2197 Sport und Jagd.
1846 2174 2696 2253 *t Voraussichtliche Sieger für die Trab¬
1797 2237 2449 2292 rennen zu Westend, 5. September
2243 2262 2685 2327 Baldrian-Nansen
1783 2278 2171 2332 Inländer=Hand cap:
2229 2312 2626 2369 Tomate— Jetzt
1785 2316 2109 2370 Halenseer Preis:
2244 2342 2688 2410 Fafner—Goldiegen
1779 2355 2076 2409 Jugend=Preis:
2245 2391 2689 2454 Rigoletto—Prince
1784 2393 2236 2460 Preis von Pichelsberge:
2292 2432 2505 2483 Axtell
2243 2458 2690 2522 Harriet 8 — Brahma¬
1787 2456 2120 2524 September=Preis:
2243 2509 2679 2572 Gest. Sigridshof—
1777 2509 2216 2586 Zweispänner=Handicap:
2308 2545 2680 2601 Gesp. Beermann
2238 2566 2626 2641 Nimrod— Gest.
1783 2581 2107 2656 Trost=Handicap:
2300 2625 2640 2685 Klein Helle.
1845 2662 2686 2717 #t Rennen zu Compisgne, 4. September.
1783 2709 2680 2751 I. Graziella (E. Pratr) 1. Paros (Ch. Childs) 2.
1792 2750 2688 2788 Galanterie (Bartbolomew) 3. Tot.: 1297:10. Pl.;
1786 2781 2693 2822 236, 51, 35: 10. Ferner liefen: Clair d'Amour, Le Bout
1787 2810 2684 2855 Bois, Tull Car, Gitano, Aya, Passionée, Rejane, Patte
1793 2850 2688 2890 de Chat, Stiene, Villa Franca, Rose de Neige, Dalmy,
1793 2879 2695 2933 Delai, Winetta, Femina, Reverence, Ingenue, Thema¬
1787 2914 2643 2955 lia, Pinlade, Photia, Grande Ourse. Guinguelte
1785 2954 2686 2995 II. Moustique (H. Balsan) 1. Kedes (Baron Foy) 2.
1797 2987 2684 3025 Hexameron (St. Sanveur) 3. Tot.: 16:10. Pl.: 11,
1791 3010 2698 3061 11, 15:10. Ferner liefen: Auscitain, Fleurus, Tali,
1791 3047 2689 3103 St. Bielade, Defense, La Mu##te, Minelte. — III. Tag¬
2263 3077 2685 3127 Six Mai (M. Henry) 2.
1791 3084 2253 3123 liamento (G. Stern) 1.
1801 3115 2684 3163 Melpomene (Belhouse) 3. Tot.: 23:10, Pl: 12, 16, 14: 10.
2084 3146 2688 3185 Omar, Fufutte, Scarabee. Demi
1800 3152 2060 3198 Ferner liefen:
1793 3192 2687 3237 Mondaine, Fournichot. Vereingelorix, Nicopolis, Fort
2398 3216 2689 3261 IV. Mon (St.
1795 3217 2306 3267 Dauphin, Brutus, Griselidis.
1798 3248 2682 3307 Sauveur) 1. Trani (M. Keller) 2. Friselle 11 (L. de
1797 3281 2687 3327 Sarrel) 3. Tot.: 24: 10. Pl.: 13, 14:10. Ferner liefen:
2455 3320 2682 3361 a Pucelle
1798 3318 2242 3366 Le Capuein, Chantilly II.
1800 3350 2688 3406 (Vloxidge) 1. Pierte Chien (A. Carter) 2. Pavillon II
2123 3387 2693 3434 Tot.: 19:10. Pl.: 11, 11:10.
1800 3391 2117 3435 (St. Sanveur) 3.
1802 3416 2684 3469 Ferner liefen: Solitaire II, La Bretonniere, Stra¬
2018 3454 2684 3499 VI. Valse Bleue (R. Sauval) 1. La
1801 3461 1964 3503 ionicee.
2562 3485 2687 3529 Tot.:
1803 3497 2559 3536 Giraglia (F. Stori) 2. Pompier (Chinn: 3.
1791 3525 2685 3569 17:10. Pl.: 12, 20, 19:10. Ferner liefen: Xylite,
1800 3553 2691 3614 Grauule, Rhubarb, Allia, Hissey, Le Broutay,
1797 3595 2141 3646 Ninive III, Bengor,
1853 3635 2693 3684 st Zu der ersten Wettfahrt um den Roose¬
1802 3676 2690 3726 velt=Pokal, die, wie wir in der gestrigen Abend¬
1806 3721 2684 3763 ausgabe berichteten, mit einem Siege der ameri¬
1809 3754 2696 3798 kanischen Jachten endete, meldet uns noch ein
1802 3783 2699 3847 Privat=Kabeltelegram aus New York,
1800 3828 2697 3875 daß die Fahrt bei Südwestwind mit 20 Meilen
1795 3871 2705 3936 Schnelligkeit gemacht wurde, so daß die Fahrzeuge
1799 3922 2689 3956 gezwungen wurden, die Segel zu kürzen, als ein
1809 3955 2691 3996 Teil des Kurses zurückgelegt war. „Auk“ und
1797 3975 2710 4038 „Vim“ waren von Anfang bis zu Ende voraus
1797 4022 2705 4065 und fochten unter sich einen interessanten Wett¬
1798 4077 2729 4121 kampf aus, der zugunsten der „Auk“ ausfiel. Die
2669 662 2745 707 1
