3484 4256
1578 204 2037 297 box 24/4
259 233 1421 322 19. Der Ruf des Lebens
2634 626 3024 738 Telephon 12.801.
2104 806 2815 912 „JSSEIVER
579 857 1407 940 Tagesbote aus Mähren und Schlesien
1935 855 3017 970 # österr. behördl. konz Unternehmen für Zeitungs-Ausschnitte
2058 928 2909 1044 Wien, I., Concordiaplatz 4.
383 990 1683 1084 brunst und in allem das Wunderbare zu sehen. Das sagt ?
2272 1010 2700 1096 Vertretungen
389 1056 1605 1131 der gute, Tuge Arzt am Ende des Stückes: „Sie leben
1950 1049 3028 1141 in Berlin, Budapest, Chicago, Christiania, Genf, Kopen¬
478 1104 1682 1174 Marie ... und es war. Auch seit jener Nacht undl g
1946 1101 3037 1203 hagen, London, Madrid, Mailand, Minneapolis, New-York,
1991 1147 3009 1235 Paris. Rom, San Francisco, Stockholm, St. Petersburg.
391 1149 1604 1210 seit jenem Morgen fließen die Tage und die Nächte weiter
2285 1192 2709 1266 (Ouelienangabe ohse Gewähr).
396 1203 1593 1272 für sie hin. Auch daß Sie über Feld und Wiesen spazieren
385 1246 1597 1314 gehen, daß Sie Blumen pflücken, daß einer versöhnt von
1959 1243 3012 1371 Ausschnitt aus: Grünner Morgenpoet
388 1297 1605 1359 Ihnen Abschied nahm, daß hinter diesem Fenster eine Freun¬
2971 1291 3180 1421 G
1599 1366 1681 1430 u
385 1354 1602 1416 din Ihnen für ewig entschwindet, daß Sie hier mit mir
2231 1331 2532 1417 11. 1 1910
1952 1379 2108 1438 vom:
384 1396 1571 1459 reden unter dem leuchtenden Mittagshimmel, ist Leben ...
2881 1383 3038 1472 S. B.
2025 1402 2288 1491 „eree
389 1450 1591 1511 Und dieser Doktor Schindler spricht im Namen Schnitzlers.
2040 1442 3064 1519 0— „Der Ruf des Lebens“. Schauspiel in
1610 1443 1691 1532 K
475 1496 1596 1560 Die sehr dankenswerte Aufführung dieses Werkes litt
2020 1491 3068 1577 drei Akten. Artur Schnitzlewist ein Dichter zier¬
409 1547 1598 1611 festern noch zum Teil unter textlichen Unsicherheiten. Es
1594 1524 1677 1610 4
2025 1557 3078 1622 licher Arbein##-öft so zarte Fäden, daß sie
1596 1603 1679 1661 31
417 1599 1601 1659 ab an einzelnen Stellen Stauungen und Stockungen, dann
2022 1613 3098 1668 zu reißen drohen oder schon so art sind, daß sie fast
1623 1641 1661 1685 b
401 1650 1596 1710 dieder mußte Frl. Sorel in ihrer Szene ein — wohl nur
2024 1646 3105 1718 unsichtbar werden. Dadurch wird er zuweilen thea¬
1613 1675 1689 1730 di
409 1699 1604 1761 ion wenigen bemerktes — Aviso an die Souffleuse ein¬
2033 1690 3099 1762 tralisch unzulänglich, wenn er auch zumeist interes¬
1606 1716 1683 1771 gi
1613 1752 1689 1809 P
398 1740 1599 1807 ließen lassen. Es wäre zu wünschen gewesen, daß die Regie
2028 1730 3080 1821 sant bleibt. Sein „Ruf des Lebens“ ist eine Gabe,
1604 1791 1689 1847 mn
406 1793 1604 1849 zes Herrn Direktors v. Maixdorff auch dem Wort
2043 1806 3070 1865 die wohl nur eine kleine Gemeine finden wird.
1603 1838 1683 1890 se
400 1842 1601 1897 die gleiche Sorgfalt hätte zukommen lassen, wie den überaus
2017 1832 3091 1912 Auch in diesem Schauspiele kann man den glatten,
396 1891 1596 1953 ceizvollen, malerischen Szenenbildern, in denen sich auch das
2025 1900 3083 1967 gut geführten Dialog antreffen, den man bei
1610 1885 1675 1963 1
392 1939 1595 2017 Geschick und der Geschmack seiner technischen Beiräte, vor
2027 1948 3083 2018 Schnitzler gewohnt ist, allein, das ist auch alles was
1622 1953 1687 2008 K.
391 1988 1599 2062 allem des Herrn Bühneninspektors Reinhardt, bewährte.
2031 1993 3087 2060 an dem Stücke zu loben ist. Es ist nicht geradezu
1627 2001 1680 2081 n
392 2029 1602 2098 In dieses Altwiener Milieu fügte sich Frl. Zewy ungemein
2027 2035 3085 2108 der Bühnenvorgang, der hemmend wirkt, sondern
1625 2073 1686 2121 ir
403 2083 1608 2162 stilvoll ein. Sie sah aus, wie aus der Porzellanabteilung der
2013 2109 3107 2160 eine ganze Reihe Charaktere, die abstoßen oder höchst
385 2132 1611 2185 Wiener Werkstätte hervorgegangen. Mit ihr einfachen,
2016 2147 3091 2233 unwahrscheinlich sind; vor allem stehen einige Ge¬
398 2185 1601 2248 kleidsamen Tracht verband sie ein durchaus natürliches, von
2025 2215 3099 2279 stalten da oben auf der Bühne, die ganz blutleer
404 2231 1604 2297 allem Grellen abgewandtes Spiel. Sie war in diese Rolle
2037 2258 3076 2323 sind und sich wie Schemen, manchmal ##, wie Ma¬
401 2282 1600 2350 hineingewachsen und wirkte besonders im letzten Akt durch
1625 2316 1688 2364 sir
2035 2307 3086 2359 rionetten und nicht wie echte Menschen gehaben.
397 2331 1608 2397 ihre maßvolle, herbe Trauer. Den alten Moser gab Herr
2035 2359 3075 2434 Und die Aktschlüsse! Am Ende des ersten Aktes ver¬
392 2377 1598 2441 v. Pindo mit bösartigem Gepolter, im allgemeinen mit
2030 2397 3085 2479 giftet die hysterische Tochter den bissigen greisen
398 2428 1606 2509 guter Chaxakteristik, nur etwas zu rhetorisch in der Schlacht¬
2029 2457 3111 2522 Vater, am Ende des zweiten schießt der eifersüch¬
1609 2456 1687 2527 w
396 2477 1601 2563 erzählung und mit zu pathetischer Großartigkeit beim Ver¬
2034 2497 3082 2572 tige Mann die ungetreue Frau nieder un am Ende
1611 2517 1690 2561 an
410 2522 1606 2602 sperran der Türe. Eine prächtige, vormörzliche Gestalt war
2018 2560 3076 2631 des letzten stirbt ein schwindsüchtiges, zweiundzwan¬
406 2574 1614 2639 wigder die Frau Richter der Frau Wiesner und Frl.
2023 2602 3070 2657 zigjähriges Mädchen. Das Schauspiel ist eire Niete.
405 2596 1692 2693 Richter lief als Katharina mit schwärmerischer Verzückt= je
2016 2647 3068 2714 Die Aufführung war in einigen Partien reebt gut,
401 2675 1607 2752 heit in den Tod, um dann schmerzlich zu erlöschen. Mit
2017 2696 3070 2763 so war vor allem die Rolle des alten „Moser“ von
1630 2685 1699 2759 D
416 2725 1605 2796 viel Wärme gab Herr Strauß den braven Arzt, von dem
1619 2753 1693 2798 t
2012 2727 3074 2810 [Herrn v. Pindo sehr gut und scharf herausgear¬
401 2772 1608 2856 der Ruf des Lebens ausgeht, eine sympathische Gestalt, die
1613 2785 1690 2848 w
2009 2794 3080 2866 beitet; auch Herr Recke als „Max“ und Herr Ar¬
1609 2823 1693 2886 91
403 2815 1617 2888 vielleicht in der Haltung weniger an den Gelehrten hätte
2016 2836 3079 2909 mim als „Oberst“ charakterisierten gut; Herr
1622 2876 1696 2917 un
402 2871 1605 2943 däklingen dürfen. Er brachte seine klugen Worte bedachtsam
2019 2892 3075 2969 [Strauß gab den „Doktor“ zecht eindringlich, Herr
1613 2897 1696 2963 bi
171 2917 1605 3049 ½ und überzeugt vor. Ernst, kraftvoll und beherrscht war auch
1609 2948 1701 2996 die
2004 2944 3063 3000 Bowacz fühlte sich jedoch als „Forstadiunkt“ an¬
405 2967 1615 3056 der Forstadjunkt des Herrn Bowacz, der sich mit seiner
2020 2996 3068 3054 scheinend ein wenig beengt. Frau Wiesner (Rich¬
1628 3029 1697 3083 ei
171 3018 1616 3092 ersten Akte etwas phrasenhaften Sprechart gut abfand, während dies
2016 3039 3062 3106 iter) und Fräulein Sorel (Irene) bewältigten ihre
1630 3067 1698 3114 st.
416 3078 1617 3147 Herrn Siege nicht durchwegs gelingen wollte. Doch wahrte
2018 3093 3072 3157 Aufgaben mit Geschick, Fräulein Zewy (Marie)
158 3081 413 3157 Bewegtesten
1627 3105 1702 3157 so
413 3115 1616 3193 er die Haltung des Reiteroffiziers. Als Max war Herr
1637 3138 1701 3207 70
2016 3136 3069 3205 war in den ersten zwei Akten zu geziert, im letzten
182 3132 417 3203 sind ihre
419 3165 1623 3245 Recke durchaus am Platz, knapp und energisch, mannhaft
2007 3167 3062 3253 spielte sie freier und dem Fräulein Richter end¬
174 3184 422 3255 rchtosen sie,
417 3220 1616 3279 dem T.d gegenüberg und aufgerichtet im Bann der Pflicht.
183 3231 412 3297 den Men¬
2010 3216 3084 3294 lich gelang die „Katharina“ ausnehmend gut. Herr
432 3274 1621 3335 Frl. Sorel überstürzte als Irene ihre Leidenschaft ein
2011 3283 3069 3351 Direktor v. Maixdorff leitete recht geschickt die
172 3282 416 3347 sie spielen
435 3330 1620 3394 penig, während Herr Arnim kalt wie das Schicksal, nur
2008 3337 3061 3397 Aufführung, nur das Pferdegetrappel im ersten
163 3320 423 3399 ielleicht hat
426 3358 1619 3432 nicht ganz so seiner Rolle sicher war. Herr Maluschinsky
2011 3368 3072 3458 Akte klang so, als ob ein paar Jungen mit Öster¬
166 3380 425 3448 öttin Leben
2016 3429 2866 3496 ratschen über die Straße gelaufen wären.
430 3420 1275 3505 hatte als Unteroffizier eine gute Episode
2939 3433 3032 3491 S.
160 3427 421 3501 erhaft einer
2091 3470 3100 3565 (Aus der Theaterkanzlei.) Heute, Dienstag
159 3483 428 3551 haften alten
2005 3490 2896 3587 Ifindet eine Wiederholung des Lustspieles
169 3533 431 3601 nund ganz
2000 3567 3068 3645 jdunkle Punkt“ statt. Mittwoch geht abläßlich
173 3581 445 3653 Stube hoch
2006 3613 3061 3677 eines Ensemölegastspieles des Deutschen Vokksthea¬
165 3628 446 3697 er Qual des
2022 3656 3067 3709 ters in Wien, an dem sich die Salondame Fräulein
171 3680 432 3743 ddem Drän¬
2011 3683 3076 3770 Lili Marberg und die Liebhaber Herr Kramer
158 3711 449 3798 da, über den
2016 3732 3067 3809 und Herr Klitsch beteiligen, das Lustspiel „Der
168 3772 444 3842 n die blauen
2018 3776 3083 3862 [Teufel“ von Molnar in Szene. Der Vor¬
159 3826 458 3896 #od. Und oben
2012 3835 3067 3903 verkauf ist ein sehr guter. Die Preise wurden nur
2006 3869 2367 3930 mäßig erhöht.
171 3876 456 3937 der Tod ver¬
2448 3876 3083 3933 Die Einzahlung der dritten
1998 3915 3097 3997 Rate findet bereits an der Tageskasse des Stadt¬
173 3923 460 3992 ist, daß die
1993 3957 2313 4034 theaters statt.
185 3971 464 4039 müssen, um
187 4019 468 4086 Marie, die
171 4066 453 4141 braven, todge¬
