3436 4384
903 298 956 358 (1
278 285 1446 396 19. Der Ruf des Lebens
1521 301 2051 405 box 24/2
468 1172 685 1262 S
467 1137 1410 1376 Vn de nenr un min.
1698 1260 2998 1359 belauscht hinter einem anderen Vorhange die Szene
1696 1319 2965 1408 und erschießt die Untrene; dem Rialen will er
870 1351 1316 1435 Lessing=Theater.
1706 1380 2981 1461 es überlassen wie er mit Austand aus dem Leben
553 1391 1705 1477 Der Ruf des Lebens. Schanspiel in 3 Akten von
1704 1426 2985 1491 gehen kann. Max zieht seine Pistole, Marie springt vor, und
433 1456 1702 1544 Arthur Schnitzter. Erste Aufführung am 24. Februar.
1707 1468 2966 1537 die beiden verbringen die Nacht zusammen, worauf Max sich
447 1502 924 1579 Regie: Emn Lessing¬
1701 1512 2972 1586 an der Leiche der erschossenen Frau den Tod gibt. Dunn
571 1546 1694 1627 Schnitzlers Skeptizismus hielt sich bisher streng in den
1708 1565 2967 1624 ebbt das Leben wieder in die Alltagsufer zurück. Das ist
439 1586 1704 1672 Grezen der Salonfähigkeit und hat daher im Tiergarten¬
1700 1600 2975 1671 die Haupthandlung. Aber auch andere Personen werden
1700 1641 2965 1728 vom Leben genarrt. Katharina, eine Verwandte Mariens,
448 1631 1701 1716 viertel zahlreiche Verehrer. Nun will er uns einmal kraß
1693 1691 2962 1761 ist von einem Forstadjunkten verführt und verlassen worden.
446 1672 1696 1757 kommen. Shaw hat ja das Theaterpublikum an starke
1703 1728 2967 1813 Sie fühlt sich krank, ihr Leben wird nur noch zwei
443 1728 1695 1803 Negationen gewöhnt, warum sollte Schnitzter also zahm bleiben?
1700 1768 2962 1839 Jahre dauern; um diese Zeit auszukosten, ergibt sie
444 1760 1700 1846 In der ersten Aufführung seiner Shaw=Imitation ver¬
1686 1806 2970 1909 sich allen Männern, die sie haben wollen; im Liebeslaumel
435 1808 1698 1896 sagten aber die Berliner Theaterhabitnés dem Wiener Dichter,
437 1871 1702 1938 was sie dem Briten als einem Ausländer so bereitwillig ge¬
1695 1868 2957 1935 wird sie wahnsinnig. Genarrt sind auch die blauen Kü¬
432 1893 1694 1976 währt hatten: sie gingen auf seinen Nihilismus nicht ein.
1700 1904 2975 1993 rassiere alle, die dem Schemen einer Ehreupflicht ihr junges
1683 1959 2344 2015 Leben opfern. Und so weiter.
438 1948 1703 2020 Allerdings besteht auch ein großer Unterschied zwischen dem
446 1998 1698 2062 Originale und der Nachbildung. Shaw ist als Dialektiker
1800 1998 2972 2065 Wie einfuch lösen sich doch alle moralischen Kouflikte,
427 2040 1692 2105 durch die politische und jomnalistische Schule gegangen und
1698 2035 2970 2141 wenn man von der Höhe des konsequenten Materialismus
439 2067 1688 2152 hat in täglicher Uebung sein Handwerk zur Kunst aus¬
1696 2088 2952 2164 das Recht des Individuums über alle Pflichten setzt, die
434 2130 1700 2182 gebildet. Er verfügt auch über so viel dramatische
1692 2131 2963 2213 dauernde Identität der Persönlichkeit leugnet und sogar den
438 2160 1697 2233 Gestaltungskraft, daß er seine Thesen lebendig werden
1688 2183 2962 2244 letzten idealistischen Notanker des Materialisums, das Glücks¬
439 2200 1688 2286 lassen kann; wo er Kommentare braucht, da ergeben sie
1697 2220 2222 2285 verlangen, fahren läßt!
436 2250 1698 2327 sich im Dialog auf natürliche Weise und hängen den Personen
1791 2263 2949 2356 Die Aufführung suchte durch Ausstattung zu ersetzen,
425 2316 1693 2381 nicht wie Spruchbänder aus dem Munde. Schnitzler dagegen
1684 2311 2946 2398 was dem Stücke an Geist und Gemüt fehlte. Ein ent¬
430 2354 1686 2410 orakelt naiv darauf los, ohne an kluge Einwände zu denken.
1688 2370 2953 2441 zückendes Landschaftsbild im letzten Akte entschädigte denn
425 2384 1690 2459 Seine Dialektik ist nicht einmal schulgerecht, geschweige denn
1686 2417 2950 2493 auch in der Tat durch seine leuchtende Schönheit für die
433 2420 1688 2504 künstlerisch. Seine Figuren sind nicht freie Persönlichkeiten
1681 2449 2962 2530 dürre Weisheit der Reden. Die Schauspieler hatten mehr
427 2485 1685 2541 mit individnellem Leben, sondern zu einem Beweiszwecke er¬
1676 2496 2960 2557 zu sprechen als darzustellen. Sie handelten wie im Traume
423 2523 1685 2592 sonnen; ihre Handlungen geben nur Beispiele ab, an die der
1686 2526 2945 2618 und versanken in Teilnahmlosigkeit, wenn die Reihe zu
427 2556 1679 2639 Klugredner des Stückes seine Sentenzen knüpft. Im übrigen
1682 2586 2947 2674 sprechen nicht an ihnen war. Sogar Frl. Irene Triesch
401 2604 1685 2687 stimmt er ja mit Shaw überein: Das Leben narrt mis
1676 2629 2957 2707 (Marie) mußte zu diesem Notbehelfe greifen. Herr
427 2649 1683 2728 alle. „Der Ruf des Lebens“ ergeht hier an ein ein¬
1681 2672 2950 2765 Rittner (Forstadjunkt) spielte den philiströsen Don Inan
427 2707 1683 2780 sames Märchen, das seinem alten kranken Vater als Sklavin
1676 2723 2950 2813 mit den philosophischen Anwandlungen; jeder andere Schau¬
427 2741 1676 2818 Nenen muß. Marie hat einmal in einer Ballnacht einen
1682 2758 2953 2840 spieler hätte die dumme Rolle ebenso git spielen können.
414 2790 1676 2854 schigen Lentnant von den blanen Kürassieren kennen gelernt
1670 2806 2951 2893 Herr Bassermann (Oberst), Herr Stieler (Max), Herr
417 2837 1682 2909 und sehnt sich nach ihm mit allen Sinnen. Sie berent, daß
1672 2848 2940 2904 Reicher (Arzt und Räsonnenr) gaben dem Stücke, was
409 2879 1677 2948 sie Ihn nicht aufgesucht hat. Morgen ziehen die blauen
1659 2882 2950 2978 ihm gebührte. Der Erfolg alles Aufwandes der Regie und
410 2909 1670 2985 Lürässiere ins Feld und haben geschworen, um eine alte
1667 2943 2950 3029 der Darsteller war aber nicht ausreichend. Unter dem Bei#
401 2971 2955 3071 legenkenhafte Schande ihres Regiments zu sühnen, daß keiner; falle der Freunde und dem Widerspruche der Mehrheit (wie
398 3012 2939 3120 von ihnen leind das Schlachtfeld verlassen will. mir schien) fiel der Vorhang. So war das Urteil der
408 3052 2941 3110 Um in dieser letzten Nucht bei ihrem Max sein Premierenbesucher. Daß ein weniger kritisches Publikum in
398 3113 1663 3174 zu köngen, gibt Marie einem treuen Bewerber
1666 3115 2945 3216 den Mordszenen mehr Gefallen findet, ist nicht aus¬
396 3141 1658 3212 den Abschied und vergiftet den Vater. Kaum liegt der Alte
1663 3154 1910 3238 geschlossen.
2620 3176 2823 3261 M F.
391 3199 1675 3270 am Boden, läuft sie zur Kaserne. In Maxens Zimmer wird
386 3225 1676 3305 sie binter einem Vorhange Zeuge des Abschiedes, den Maxens
1772 3244 2949 3355 Die Buchausgabe des Schnitzlerschen Schauspieles erschien
387 3277 2380 3375 Celsebte, die Frau des Obersten, von ihm nimmt; der Oberst soeben bei S. Fischer, Verlag, Berlin.
