3392 4352
1445 206 1977 308 box 24/3
211 221 1371 318 19. Der Ruf des Lebens
776 1003 2576 1100 —.———
2244 1136 2463 1220 2% 1. Jahr
769 1149 1185 1246 Pnene
1153 1170 2308 1265 Der iiterRr
1391 1299 1893 1421 Rundschau.
1975 1426 2088 1555 25
757 1546 2503 1678 AEAAAAA
1488 1664 1797 1754 Theater.
1650 1729 2532 1800 man gewohnt, das Groteske im Voraus zuzu¬
900 1736 1639 1818 Hof-Operatheater. „Die Meister¬
1648 1774 2528 1837 gestehen, und dann siegt das Genie, wie es will.
1448 1795 1632 1863 und ein¬
769 1803 1447 1868 singer von Nürnberg“ neuszeniert
1648 1817 2533 1882 Auch Schnitzler beansprucht nicht mehr, und
770 1849 1413 1916 studiert. Bericht im nächsten Heft.
1651 1861 2529 1912 siehe, das Publikum hat es nach einigem Zaudern
1646 1895 2529 1966 zugestanden. Das Berliner Publikum nicht, trotz
1658 1936 2520 2002 Bassermann und Rittner. Ich denke nur immer,
1652 1973 2537 2029 die Berliner müssen durch den Hauptmann von
704 1962 1491 2048 1u Der Ruf des Lebens.
1658 2017 2530 2077 Köpenick auch gegen sonderbare Obersten vor¬
823 2035 1602 2108 (Schauspiel in drei Akten von Arthur Schnihler.
1654 2055 2530 2119 sichtiger geworden sein. Die großen Kräfte, die
816 2087 1650 2159 Im Deutschen Volkstheater am 11. Dezember 1000.)7%
1660 2095 2534 2145 wirken müssen, sind aber in dem Stück un¬
1658 2132 2544 2201 leugbar vorhanden. Dem Ruf des Lebens nicht
856 2141 1655 2206 Ich freue mich immer mehr über einen
1657 2172 2536 2232 zu folgen, ist ein großes Verbrechen gegen sich
776 2195 1650 2246 unerwarteten als über einen sicheren Erfolg,
1666 2210 2533 2280 selbst. Vergiß nicht zu leben! Versäume nicht,
786 2234 1651 2293 der einem wirklichen Dichter zufällt. Denn da
1658 2250 2539 2307 was sich einmal und vielleicht nicht wieder
785 2277 1656 2330 zeigt es sich, daß der Dichter denn doch stär¬
1661 2282 2539 2351 bietet! Ach, das gehört zum Tiefmenschlichsten
781 2312 1648 2374 ker gewesen als das Dublikum. Es wollte erst
1668 2320 2535 2389 in der ganzen Menschheit. Das ist der bitterste
789 2352 1654 2410 nicht, aber es mußte. Schnißler baut dieses
1672 2368 2532 2429 Gewissensbiß. Das ist das Unwiederbringlichste.
793 2383 1660 2446 Stück auf eine Unmöglick keit und deckt es
1666 2404 2535 2469 Da kann ein lebendiger Zuschauer nicht zischen.
785 2425 1658 2491 dann mit einem einstweiligen Hotdach, aber
1658 2461 2541 2505 Und das ist der warme Inhalt des Stückes,
787 2482 1658 2533 es ist dennoch ein Stück, innen und außen, so
1674 2488 2529 2549 Marie und Max, Katharina und Albrecht.
793 2502 1651 2570 sehr, daß man das Unreelle der Realien nicht
1663 2528 2542 2594 Katharina ging gleich, denn die Schwindsüchtige
790 2551 1667 2605 spürt. Daß man sozusagen über sie hinweg
1677 2568 2549 2630 hat nicht Zeit zu fackeln. Marie, an den tod¬
790 2591 1654 2647 empfindet. Daß ein Oberst, weil sein Leutnant
1669 2604 2544 2666 kranken Vater gefesselt, geht erst im allerletzten
794 2624 1664 2688 Max die Frau verführt hat, gleich das ganze
1676 2645 2549 2718 Rugenblick, knapp vor Maxens Todesritt. Muß
788 2667 1672 2730 Regiment vertilgen will, ist in der Geschichte
1682 2685 2554 2746 sie nicht? Diese fünfzig Geschworenenbänke
798 2705 1670 2775 des Massenmordes unerhört. Daß ein Regimen,
1672 2720 2550 2792 im Theater sprechen sie frei. Obgleich sie das
798 2741 1667 2818 weil es vor dreißig Jahren von Panik ergriffen
1671 2762 2547 2825 Morphium für ihren Vater zu stark dosierte,
796 2785 1656 2858 den Verlust einer Schlacht einleitele, zur Til¬
1680 2805 2547 2872 als er im dringendsten Rugenblick den Schlüssel
803 2823 1670 2889 gung dieser Schmach sich im nächsten Kriege
1678 2848 2552 2900 abzog, um sie auch für diese Nacht zur Stuben¬
797 2865 1660 2920 mit Mann und Maus aufopfern will, daß Mann
1675 2877 2556 2934 arrestantin und Nachtwächterin seiner Schlaf¬
805 2916 1662 2973 und Maus schoört, nicht etwa zu siegen, Son¬
1684 2918 2556 2988 losigkeit zu machen. Dieser grausame Vater
800 2942 1671 3005 dern auf alle Fälle zu sterben, das ist in der
1677 2963 2551 3018 mit der Überlebermani;; ein Sterbender, der
803 2985 1665 3041 Geschichte des Eides noch nicht vorgekommen.
1676 3017 2554 3066 noch alles überleben will. Der jauchzt, daß er
803 3023 1665 3086 Und daß das vor sechzig Jahren in Wien
1686 3038 2549 3099 diese tausend blühenden Jünglinge in den Tod
799 3063 1666 3130 öffentlich vorgeht, ohne daß der Feldherr, der
1680 3080 2559 3143 schickt, er, er, denn er war vor dreißi, Jahren
794 3101 1663 3161 Kriegsminister oder der oberste Kriegsherr ein¬
1679 3126 2557 3184 Rittmeister bei diesem Regiment und bei ihm
812 3133 1665 3203 greift, ist in der Geschichte unsrer Kriegsver¬
1682 3157 2552 3218 hat jene Panik angefangen! Die Wonne eines
812 3178 1672 3236 waltung ohne Beispiel. Also eine groteske
1683 3201 2550 3257 Massenmörders würzt ihm das eigene Sterben,
817 3220 1671 3281 Kombination von Leben und Tod: dem Ruf des
1693 3240 2555 3301 das er für ein Lebenbleiben hält. Mit schauer¬
813 3253 1678 3318 Lebens, den alles Lebende spürt, so den Ruf
1693 3281 2560 3339 licher Kunst hat Schnitzler, der Arzt, diese
805 3296 1683 3361 des Todes entgegenzustellen, Natürlich bäumt
1686 3314 2563 3383 Krankengeschichte dramatisiert. Der erste Akt
812 3334 1674 3399 sich der Zuschauer auf. Aber doch auch nicht
1684 3368 2567 3414 ist an sich ein Meisterdrama, ein tragischer
815 3380 1677 3435 anders, als bei so vielen Dramen Shakespeares,
1682 3398 2554 3458 Einakter. Auch in seiner theatralischen Zu¬
821 3416 1679 3482 Gocthes, lbsens. Man stelle sich doch vor,
1688 3436 2567 3503 spitzung. Dann übertrifft ihn der zweite noch
811 3459 1678 3523 wenn Schnitzler ein Stück Fleisch zunächst dem
1692 3481 2570 3534 an szenischer Durchschlagskraft. Wie der Oberst
812 3498 1679 3549 Herzen fordern würde, oder sein Vermögen
1699 3528 2569 3584 klirrend zum Fenster hereinsteigt, als seine Frau
813 3523 1690 3601 den bösen Töchtern hingeben, oder den Mord
1693 3556 2577 3640 eben Max bestürmt, mit ihr zu fliehen. Der
815 3581 1689 3653 in ein Taschentuch wickeln. Bei den Alten ist
752 3650 2638 3710 —— — ————————
