3484 4352
-13 4320 36 4379 80
1518 334 1967 425 box 24/1
217 362 1350 481 19. Der Ruf des Lebens
515 598 1487 681 Theater, Musik und Literatur.
491 666 1588 752 H. L. Lessingtheater. „Der Ruf des Lebens“
396 706 1594 813 Schauspiel in drei Akten von Arthur Schnitzler. — Der
394 763 1590 862 erste Akt mit seiner breit und kräftig angelegten Exposition,
413 812 1591 893 die schon in ihrer eigenen Katastrophe gipfelt, fesselte das
413 864 1598 939 Publikum und veransaßte es, den Dichter zu rufen, der auch
403 892 1604 980 erschien. Der zweite Akt gefiel den Zuschauern, so lange er
404 947 1594 1027 den Fortgang der Handlung vorbereitete, irritierte ihre
411 983 1597 1070 Nerven in seiner totbringenden Zuspitzung und verwirrte
420 1036 1607 1124 sie am Schlusse. Hier wurde schon Widerspruch laut, als
411 1081 1603 1176 jene, die an Schnitzler glauben und ihm folgten, den Dichter
420 1125 1608 1207 riefen. Der dritte Akt aber, in dem sich Schnitzler über sein!
416 1172 1605 1255 Thema zu erheben versucht und aus der Kompliziertheit des
418 1217 1609 1300 Lebens und seiner eigenen Konstruktion zur erhabensten
420 1272 1607 1332 Primitivität des Abgeklärtseins strebt, versagte völlig in
416 1297 1619 1387 seieer theatralischer Bewegung und sinnfälliger Entwickelung
417 1361 1623 1427 abgekehrtem Pathos der Verknüpfung und Entwirrung aller
418 1397 1612 1472 Deutungen des Lebens. Einige zischten, wenige applaudier¬
1415 1441 1612 1499 es wäre
425 1455 1418 1533 ten, viele schwiegen. Es war ein Mißerfolg —
437 1492 1607 1567 nutzlos, das zu leugnen. Und doch ist ## vielleicht das
425 1527 1615 1624 feinste, sicher aber das reifste, reichste und vo lwertigste Werk
423 1578 1615 1669 des Dichters. Ein Werk der Selbstbefreiung, in dem er sich,
428 1616 1632 1704 wie mir scheint, für immer mit einem Thema abgefunden
424 1681 1622 1754 hat, das ihn seit seiner ersten größeren Novelle nicht mehr
425 1719 1620 1792 verließ: das Leben an der Schwelle des Todes. In diesem
431 1753 1627 1828 letzten Akt, der dem Publikum gestern so sonderbar vorkam,
436 1812 1619 1879 hat er es hoffentlich abgetan, nachdem es im „Schleier der
439 1846 1635 1931 Beatriee“ eine so wundervoll purpurn leuchtende Renaissance
432 1895 1625 1983 aus „Sterben“, „Liebelei“ und „Vermächtnis“ gefeiert hatte.
434 1951 1663 2016 Nun hat er den Weg frei, wenn ihn das Leben mit anderer:
434 1984 1678 2066 Stimme ruft. — Marie wird von ihrem Vater, einem ster=1
441 2035 1625 2119 benden, harten, verbitterten Mann quälerisch und roh ein¬
435 2066 1691 2151 geschlossen gehalten. In einer Nacht, in der sie dem Ge.n
444 2118 1691 2209 fängnis entfliehen durfte, hat sie auf einem Ball einen Offi=|g
1632 2179 1697 2226 11
446 2167 1625 2255 zier kennen und lieben gelernt; sie hat ihn seitdem nicht ge¬
458 2185 1639 2304 sehen, aber alles um sie her ist versunken, sie haßt den Vater
455 2262 1635 2338 und weist einem früheren Verlobten die Türe. Da hört sie,
450 2291 1660 2373 daß mit dem Morgengrauen des nächsten Tages das Regiment
450 2327 1712 2421 jenes Offiziers ins Feld zieht, um nicht wiederzukehren. Sie!!
468 2453 1675 2535 haben sich dem Tode geweiht, unm eine Schmach des Regnneurs
476 2518 1664 2569 im vorigen Feldzug abzuwaschen. Der Arzt des Vaters, der
471 2561 1669 2623 sie liebt und mit ihrer Jugend Mitleid enpfindet, bläst ihr
468 2620 1668 2672 ahnungslos den Gedanken ein, nun den Vater zu verlassen und
465 2647 1661 2721 dem Ruf des Lebens zu folgen. Wieder sperrt sie der Vater
470 2701 1668 2747 ein, und sein Verhängnis treibt ihn, ihr zu erzählen, daß es
468 2746 1680 2795 seine Feigheit war, um die die jungen Helden jetzt sterben
463 2781 1668 2849 müssen, er hat die Schwadron geführt, die damals die Flucht
463 2835 1666 2880 ergriff. Da gibt sie ihm einen „Schlaftrunk für hundert
463 2867 1670 2947 Nächte“ und fleht zu „ihm". Der aber freut sich auf den
474 2920 1668 2968 Tod, denn er will in ihm sühnen, daß er die Ehre seines
469 2968 1657 3037 Obersten, den er liebt, der ihn liebt, beschmutzt hat. Schon
464 3011 1656 3055 hat er von der schönen Frau Oberst Abschied genommen,
454 3049 1660 3110 aber sie kommt wieder, um ihn zu schimpflicher Flucht ins
467 3102 1656 3160 Leben zu bereden. Vorher aber ist Marie in sein Zimmer
462 3145 1667 3204 geschlüpft und hat sich verborgen. Der Oberst überrascht das
465 3193 1664 3237 Paar und schießt seine Frau nieder. Den Herrn Leutnant
460 3241 1664 3285 begnadigt er dazu, die Schuld auf sich zu nehmen: „Sie
458 3283 1666 3323 sind das Lügen ja gewohnt.“ Schon setzt der Todgeweihte die
458 3322 1664 3383 Pistole an, da erscheint Marie und ruft ihn für diese Nacht
452 3372 1657 3416 ins Leben zurück. Am Morgen verläßt er sie wie eine Dirne,
450 3423 1665 3472 und erschießt sich neben der anderen. Sie aber lebt weiter
565 3457 823 3519 faßt es
445 3455 567 3509 und
849 3459 988 3518 nicht.
1048 3467 1665 3518 Pflückt Blumen, wärmt
463 3494 813 3561 sich an der
1514 3505 1659 3564 nicht.
839 3494 1488 3561 Sonne und begreift sich
458 3542 1663 3592 Sie wird wohl noch den Forstgehilfen heiraten, den einstigen
449 3593 1667 3642 Verlobten, dem sie alles gesagt, dem ihre Beichte sie gereinigt
455 3634 1669 3693 hat. Das Leben verschlingt seine eigeren Taten und Sen¬
450 3692 1668 3734 sationen, nachdem es sie zerdrückt und beschmutzt hat, es spielt
456 3714 1678 3781 mit Heldentaten und Sünden Fangball und läßt die wildesten
451 3764 1662 3826 Gluten zu Eis erstarren und wieder in der Sonne zu einem
446 3819 1668 3878 mild und träg' plätschernden Bächlein auftauen. Alles fließt
453 3847 1659 3903 in einander. Die letzte Weisheit reicht der plattesten All¬
443 3900 1656 3939 täglichkeit die Hand. Die Darstellung hat mit Ausnahme der
449 3933 1652 3995 Frau Triesch und der Herren Bassermann und
455 3982 1660 4033 Stieler kaum etwas für den Dichter geleistet. Von Herry
450 4031 1659 4081 Rittner erzählen die Eingeweihten des Hauses, er habe
442 4074 1644 4133 die Rolle nicht spielen wollen. Wie er sie dann doch spiolte,
444 4124 1587 4172 par eine Beleidigung des Dichters und des Publikums.
450 4172 1642 4225 Es wird noch manches über den Abend zu sagen sein, n dem
451 4208 1571 4274 das Werk eines Dichters ein so schlechtes Geleit erhielt.
2034 260 2377 372 Telephon 12801.
2794 334 2952 398 FNS
2775 335 2814 406 n
2475 346 2659 429 ED
2218 380 2893 478 „JOUENVER
2037 443 3124 534 I. österr. behördl. konz. Unternehmen für Zeitungs-Ausschnltte
2221 504 2957 591 Wien, I., Concordiaplatz 4.
2435 571 2756 637 Vertretungen
2034 601 3140 678 in Berlin, Budapest. Chicage, Christiania, Genf, Kopenhagen,
2048 649 3149 730 London, Madrid. Mailand, Minneapolis, New-Vork, Paris, Rom,
2209 693 2971 773 San Francisco, Stockholm, St. Petersburg.
2381 735 2804 806 (Quellenangabe ohne Gewähr.)
2062 778 3048 916 Ausschnitt aus: Halun Omttalr
2065 953 2219 1011 voni:
2065 940 3111 1047 — cchien
3042 1082 3159 1169 1—
2295 1145 3009 1244 Theater und Musik
2390 1225 2931 1298 (Siehe auch erste Beilage.)
2458 1286 2855 1361 Lessing-Cheater
2115 1327 3288 1412 Zum ersten Male: „Der Ruf des Lebens“, Schauspiel
2057 1385 2897 1444 in drei Atten von Artur Schnitzler.
2135 1418 3281 1475 Alle guten Geister ...! aurusen, um sich
2069 1464 3292 1523 ihrer zu entsinnen, denn sic sind seit Geraumem vor unseren
2057 1496 3277 1564 Dramatikern auf der Flucht. Nun haben sie auch Schnitzler
2062 1535 3294 1594 verlassen, der mehr Dichter ist als die meisten, die der Bühne
2064 1583 2873 1656 opfern. Auch Patroklus mußte sterben ..
2139 1602 3278 1670 Es müssen furchtbare Stunden gewesen sein, in denen
2073 1656 3293 1716 Schnitzler dieses Stück schuf. Eins ist sicher: die Musen hatten
2070 1697 3282 1757 freien Abend. Und sie blieben über Zapfenstreich. Als die
2067 1738 3293 1789 Ausreißer heimkamen, war das Unglück geschehen. Schnitzler
2074 1771 3286 1829 hatte zum ersten Male ohne musischen Wochenbeistand ein
2065 1826 2903 1867 Stück zur Welt gebracht. Es war danach.
2140 1839 3293 1902 Der Ruf des Lebens! Beim Morgengrauen ist er ver¬
2058 1881 3305 1971 hallt, wie der Brunstschrei in den Wäldern, so fürchte ich. Und
2069 1920 3305 1981 was übrig bleibt, ist die bekannte sachte Beschämung. Und ich
2079 1950 3299 2027 fürchte weiter — nein, ich hoffe, auch Schnitzler wird diesen
2063 2000 3300 2063 Katzenjammer verspüren und sich schleunigst nach einem frischen
2071 2036 3308 2095 Trunke umsehen. Er, der so feine, nachschwingende Töne in
2075 2074 3307 2150 seinen Dichtungen zu finden wußte, wie auf einer Harfe, hat
2071 2115 3303 2174 aus Versehen den Schwengel eines „Hofklaviers“ in die
2073 2163 3304 2224 Hände bekommen. Erster Att: ein unmenschlicher alter Vater
2079 2191 3310 2253 (ha, willst du denn ewig leben?) wird von seiner Tochter ge¬
2073 2222 3308 2293 mordet, da das Fräulein die Nacht dem Geliebten schenken
2074 2273 3308 2324 will. Zweiter Akt: der Oberst eines österreichischen Reiter¬
2082 2305 3299 2371 Regiments steigt durchs Fenster in die Stube seines Leutnants,
2076 2365 3307 2410 in der sein junges Weib mit dem hübschen Kürassier Flucht¬
2080 2384 3306 2441 pläue schmiedet, hebt den Revolver, und — baus, hat er sie
2072 2420 3313 2487 bereits vor den Kopf geschossen, bevor ein Mensch drei zählen
2075 2472 3312 2518 kann. „Sie haben wohl die Güte,“ sagt er zu dem Ueber¬
2077 2500 3312 2565 lebenden, „die Sache auf sich zu nehmen und sich neben der
2078 2531 3303 2595 Toten umzubringen, da ich noch in die Schlacht muß. Guten
2076 2574 3307 2632 Morgen.“ Damit der Morgen gut wird, rast der Leutnant
2078 2610 3313 2673 mit dem Fräulein aus dem ersten Akt, die hinter dem Vorhang
2085 2653 3319 2718 ohne weiteren Nervenchoc die Sache mitgemacht, davon, um
2083 2687 3315 2764 die Gnadenfrist in heißer Liebe zu betäuben. (Eine Geister¬
2088 2722 3313 2799 musik intoniert: „Na un woll'n mr nochmal lustig sein,
2418 2762 3311 2828 Dritter Akt: Idylle bei einem poesiedurch¬
2088 2785 2416 2839 heirassassa ...“)
2086 2799 3316 2869 tränkten Oberförster. Er wird das Fräulein aus dem ersten
2089 2843 3315 2915 und zweiten Akt heiraten, sobald dieses über die ersten
2089 2887 3315 2939 Gewissensbisse weg ist. Wer ohne Schuld, der werfe den ersten.
2091 2929 3311 2991 Stein. Und der Herr Oberförster hat einmal ein junges
2092 2962 3312 3026 Mädchenherz geknickt, und das Mädchen hat sich darauf der Lust
2090 2995 3314 3060 in die Arme geworfen, denn es ist schwindsüchtig, und hat nicht
2091 3035 3311 3097 lange zu leben, und nun kehrt es heim, leider ans einem
2094 3074 3322 3145 Freudenhause, und während die Mutter den Pfarrer holt,
2098 3109 3324 3181 stirbt das junge Mädchen im Freien am fortgesetzten Lebens¬
2088 3152 3316 3216 wandel, und „Fortsetzung folgt“ wenn der nächste Groschen
2096 3187 3320 3256 fällig ist, und bis dahin fällt der Vorhang über der dritten
2099 3237 3317 3288 Leiche. Das erschütterte Publikum aber zischte vor Schmerz,
2100 3267 3313 3327 da es ihm unanständig schien, bei soviel Elend fröhlich in
2101 3320 2563 3374 die Hände zu klatschen.
2166 3332 3315 3409 Die Darstellung — und das ist fast ein Lob! — versagte
2104 3379 3324 3449 wie das Publikum. Irene Triesch als Fräulein aus
2094 3423 3326 3491 besagten Akten gelang es nicht, die Figur sympathischer zu ge¬
2101 3452 3332 3534 stalten. Das Gefühl des Abscheus blieb. Marr als wütiger
2102 3495 3320 3561 Vater unterstrich den lebenshungrigen Berserker noch bis zur
2095 3531 3331 3623 Unmenschlichkeit. Rittner hatte als Oberförster lauter
2099 3567 3324 3638 Gedichte in Prosa zu sprechen, was ihm und uns keine Freude
2105 3611 3330 3689 machte. Emanuel Reicher als Arzt hatte die Geschichte
2110 3647 3316 3726 auch satt, de##  beteute im dritten Akt beständig, daß er zum
2109 3696 3328 3761 Militär einrücken wolle. Als junger Kürassierlentnant bot
2105 3724 3326 3799 Kurt Stieler eine Ueberraschung. Er hatte sich künstlerisch
2115 3765 3329 3837 auf Kandare genommen und schuf einen lebendigen Menschen.
2114 3802 3325 3869 Er kann, wenn er will. Die einzige großzügige Leistung war
2106 3839 3328 3919 Bassermanns Oberst. Mit wenigen Worten, wenigen
2106 3887 2986 3956 Strichen wuchs eine dämonische Figur empor.
2190 3915 3329 3982 Als die Theatereffekte verpufft waren, blieb nichts. Gar
2113 3953 3321 4028 nichts. Die Schicksale gemeiner Seelen im Kolvortagestil. O,
2106 3990 3334 4070 auch die Gemeinheit kann tragische Größe haben, aber sie muß
2115 4032 3324 4097 dann wenigstens — Größe haben. Denn es ist, um mit
2115 4067 3330 4154 Fiesco zu reden, doch etwas anderes, ob man eine Börse oder
2106 4116 3129 4186 einen Thronsessel stiehlt. Heute stahl man Börsen.
2842 4144 3302 4193 Rudolf Herzog.
2917 4186 3086 4263 S
3119 4242 3300 4278 er
