3484 4256
1537 212 1977 307 box 24/4
846 224 905 291 (
236 227 1367 324 19. Der Ruf Lebens
879 458 1153 560 (lenieta
1151 473 2021 592 heater und Kunst.7
952 539 1090 600 745
908 559 2018 635 Dr. St. Brünner Stadttheater. Die beiden ersten Akte
825 632 2020 682 vom „Rufdas Sehens“ gehören zu dem Bewegtesten
819 688 2032 746 im Schaffen Schnitzlens Mord und Liebe sind ihre
826 731 2024 805 großen Ereignisse He#aund Glück durchtosen sie,
812 778 2017 835 die Leidenschaften stehen schiasalsmächtig über den Men¬
812 813 2024 885 schen. Die Verwicklungen sind unentrinnbar, sie spielen
812 871 2030 937 zwischen den beiden Polen Leben und Tod. Vielleicht hat
812 925 2030 975 Schnitzler nirgends glühender seiner großen Göttin Leben
811 978 2020 1041 geopfert, als hier. Aus der entsetzlichen Kerkerhaft einer
821 1023 2025 1079 Krankenstube, aus der Sklaverei eines boshaften alten
815 1077 2022 1128 Mannes ruft es heraus. Das ist so wundersam und ganz
810 1113 2037 1199 dichterisch in diesem ersten Akt: die Altwiener Stube hoch
809 1173 2030 1225 über der Straße und der Gegensatz zwischen der Qual des
813 1212 2028 1281 an den bösen Kranken gefesselten Mädchens und dem Drän¬
811 1264 2026 1336 gen des Lebens draußen. Der Frühling ist da, über den
818 1311 2036 1384 Dächern und vor dem Fenster und unten reiten die blauen
814 1369 2040 1440 Kürassiere vorbei, in den Krieg . . . in den Tod. Und oben
813 1414 2031 1477 sitzt der neunundsiebzig Jahre alte Mann, den der Tod ver¬
801 1475 2027 1534 gessen hat und der eigentlich daran schuld ist, daß die
793 1513 2025 1580 „plauer. Fücassiere nun zum Sterben reiten müssen, um
795 1562 2035 1626 eine alte Schmach des Regiments zu fühnen. Und Marie, die
800 1611 2038 1695 Tochter dieses Mannes, liebt einen von diesen braven, todge¬
799 1658 2031 1717 weihter. Burschen und heute ist die letzte Nacht ... da er¬
808 1720 2036 1780 geht der Ruf des Lebens an sie. Und dieser Ruf ist stärker
808 1758 2029 1820 als die „Worte eines alten Buches“. Sie muß hinaus. über
805 1811 2033 1885 die Leiche des Alten hinweg — ins Leben. So mannigfach
811 1865 2024 1919 spielen hier die großen Mächte des Seins gegeneinander,
796 1910 2023 1963 so merkwürdig und bedeutsam sind hier die Verbindungen.
801 1954 2024 2024 Und der zweite Akt bringt ebenso große und zauberhafte
806 1995 2024 2059 Bilder. Wieder das Gegenspiel von Leben und Tod. In der
792 2062 2033 2120 Reiterkaserne. Mannschaft und Offiziere bereiten sich zum
795 2104 2019 2171 Abmarsch. Dis letzten Geschäfte werden zu Ende gebracht.
804 2158 2014 2216 Eine wilde L####nschaft wird durch einen Pistolenschuß ab¬
796 2210 2024 2265 geschlossen. Un in diese Wirrnis von Verrat und Untreue,
794 2266 2023 2319 von Heldenkühnheit und Angst, von allem Außersten an
799 2306 2023 2351 Glück und Verzweiflung ist Marie dam Ruf des Lebens
798 2348 2032 2414 gefolgt. Nach dieser wilden Bewegung der beiden ersten
803 2402 2025 2456 Akte folgte der dritte als Idylle. Das Drama von den Ab¬
803 2454 2030 2507 gründen des Lebens und des Todes verklingt als Pastoxale.
791 2500 2024 2563 Wie scheint hier auf dem Lande die Sonne so schön, sagt die
799 2540 2024 2612 schwindsücht ge Katharina, die fortgelaufen ist, um recht
804 2592 2020 2662 wild zu leben und heimkehrt, um zu sterben. Friedlich lie¬
793 2658 2014 2711 gen die Acker und Wiesen da, die Landstraße geht gerade in
799 2703 2014 2763 die Welt hinein und überall blauen die Wälder. Hier muß
789 2756 2009 2817 man sich die Zukunft der schwer Enttäuschten denken und
799 2778 2023 2873 ihre Gesundung an den stilleren Mächten des Lebens, in
799 2847 2006 2901 denen sich sein Ruf ebenso stark bewährt, wie an dem gräß¬
797 2891 2021 2948 lichen Ereignen von Mord und Liebe. Dieser stille Schluß
797 2950 2006 3017 wirkt wie eine große gütige Gebärde der Ruhe. Man ist
787 2981 2019 3060 erstaunt über diesen sanften Ausklang. Aber dann offen¬
798 3047 2020 3121 bart sich uns der Kunstverstand des Dichters. So mußte es
789 3090 2009 3157 sein, nach den Aufregungen der beiden ersten Akte. Man
797 3137 2007 3197 hätte sonst vielleicht den Eindruck des Sensationsstückes be¬
786 3192 2019 3246 halten. Und damit hätte man einem Dichterwerk Unrecht ge¬
791 3239 2011 3308 tan. Und so nur wird das ganz klar, was man als das
787 3282 2003 3349 Eigentliche dieses Tramas aussprechen möchte: das Reli¬
793 3340 2013 3388 giöse, Es ist religiöse Inbrunst und Ergriffenheit vor den
782 3384 2012 3445 Wundern des Lebens in diesem Werk. Mit diesen Schauern
784 3423 2013 3499 vor der einen, einzigen Gewißheit unserer Existenz, von
794 3489 2006 3540 der Gegensätzlichkeit von Leben und Tod, stillt Schnitzler
798 3530 2011 3591 sein metaphisisches Bedürfnis. Gott? Unsterblichkeit? Das
796 3584 1997 3651 find „Worte eines alten Buches“. Schnitzler ist Arzt. Er
792 3620 2009 3697 meiß: Leben und Tod, das ist alles. Es gibt Menschen, die
784 3682 1999 3743 haben Pflichtbewußtsein, sie fühlen den kategorischen Im¬
784 3710 2005 3787 perativ. Sie sagen wie Max: „Wer nur an sich denkt, stirbt
786 3766 1999 3840 in jedem Augenblick; wer die Zusammenhänge begreift, lebt
783 3830 2004 3896 heit, die Albrecht ausspricht: „Nichts kommt nach uns. Alles
790 3886 1988 3940 ewig.“ Das ist sehr schön, aber untrüglicher ist die Gewiß¬
782 3918 1998 3990 stirbt mit uns. Unser eigener Mörder, während er uns den
781 3973 2002 4041 Dolch in die Brust gräbt, stirbt mit uns.“ Däs Leben ver¬
786 4016 2006 4111 langt von uns nur eines, sich ihm hinzugeben mit aller In¬
2041 116 3235 172 sperren der Ture Eine prächtige, vormürzliche Gestalt war
2042 165 3222 223 wieder die Frau Richter der Frau Wiesner und Frl.
2039 208 3223 266 Richter lief als Katharina mit schwärmerischer Verzückt¬
2037 237 3222 313 heit in den Tod, um dann schmerzlich zu erlöschen. Mit
2042 306 3234 363 viel Wärme gab Herr Strauß den braven Arzt, von dem
2042 350 3235 430 der Ruf des Lebens ausgeht, eine sympathische Gestalt, die
2046 399 3227 454 vielleicht in der Haltung weniger an den Gelehrten hätte
2047 447 3215 499 anklingen dürfen. Er brachte seine klugen Worte bedachtsm
2040 487 3224 558 und überzeugt vor. Ernst, kraftvoll und beherrscht war auch
2047 546 3227 599 der Forstadjunkt des Herrn Bowacz, der sich mit seiner
2037 592 3230 653 etwas phrasenhaften Sprechart gut abfand, während dies
2037 642 3227 687 Herrn Siege nicht durchwegs gelingen wollte. Doch wahrte
2046 679 3232 757 er die Haltung des Reiteroffiziers. Als Max war Herr
2041 732 3222 795 Recke durchaus am Platz, knapp und energisch, mannhaft
2042 775 3240 844 dem Tod gegenüber gund aufgerichtet im Bann der Pflicht.
2043 832 3230 880 Frl. Sorel überstürzte als Irene ihre Leidenschaft ein
2047 884 3235 951 penig, während Herr Arnim kalt wie das Schicksal, nur
2035 915 3239 1017 nicht ganz so seiner Rolle sicher war. Herr Maluschinsky
2045 981 2885 1038 hatte als Unteroffizier eine gute Episode
2852 1010 3206 1089 E
3244 563 3307 629 Le
3229 728 3297 789 12
