3484 4224
1578 194 2032 303 box 24/3
254 202 1432 303 19. Der Ruf des Lebens
1244 629 1801 825 Oe. Cie
2369 872 2487 962 481
784 982 2494 1061 von Gemälden und Statuen vor dem Brand zu besuchen. Wenn auch in diesen
777 1075 2495 1124 Gemächern alles den ererbten Tuxus aufwies, der das unnachahmliche Cachet
785 1105 2493 1191 großer Herrschaften bildet, so verrieten doch verschiedene Details die Originalität,
778 1182 1631 1265 ja fast die Sonderlichkeiten des Besitzers.
1556 1248 1682 1382 2
1011 1351 2180 1461 Arthur Schnitzlers „Ruf des Lebens“.
1394 1447 1872 1547 Don Cheodor Antropp.
866 1517 2487 1602 Lange hat es gebraucht, bis Arthur Schnitzlers Schauspiel „Der Ruf des
779 1603 2491 1675 Lebens“* auf dem Umweg über Berlin bei einer Wiener Bühne angekommen ist.
787 1671 2497 1727 Fast volle vier Jahre. Nun es doch auch bei uns ein gastlich Dach gefunden, sei
782 1716 2492 1780 über die Seltsamkeit, daß unsere Bühnen sich so gerne Zeit lassen, wenn es sich
791 1780 2482 1845 um heimische Dramatiker handelt, während ihnen die Übersetzer fremdländischer
786 1838 2483 1913 Werke nicht schnell genug liefern können, nicht weiter geklagt. Besser später, als
786 1888 2498 1956 gar nicht. Und Schnitzlers letztes Schauspiel ist nicht von der flüchtigen Art, daß
787 1959 2482 2032 es leicht zu spät kommen könnte. Im Gegenteil: es bringt poetische Dauer¬
778 2014 2488 2078 werte, die unabhängig sind vom Wandel der literarischen Tagesmoden, unabhängig
792 2063 2500 2131 auch von der Augenblicksgunst der breiten Menge, die lieber erheitert sein will,
782 2119 2490 2188 als ernst gestimmt und lieber wiederkaut, als geistig mitarbeitet, und ein gebildeter
794 2183 2493 2251 Geschmack wird ihm auch noch in späteren Jahren Tiefe der Auffassung und ernste
789 2238 2503 2313 Größe des Gedankenzuges ehrlich nachrühmen können. Nach dem sordinierten
789 2297 2487 2390 „Zwischenspiel“ schlägt Arthur Schnitzler im „Ruf des Lebens“ eine an ihm un¬
792 2366 2497 2426 gewohnt kräftige Tonart an und die beiden ersten Akte sind nach seinem „Grünen
787 2407 2491 2481 Kakadu“ und seinem „Schleier der Beatrice“ das theatralisch stärkste und dramatisch
788 2474 2496 2554 geschlossenste, was die deutsche Bühne aus seiner Feder besitzt. Der eine gipfelt in
792 2524 2496 2606 einem Datermord, der andere in einem Gattenmord. Wer aber daraus auf rohe
785 2591 2488 2670 Effekthascherei schließen wollte, befindet sich auf einem Irrweg. Nicht die äußeren
786 2656 2490 2730 Bühnengeschehnisse bilden das Drama, sondern die tiefer liegenden Zusammenhänge,
783 2732 2491 2785 die geheimnisvolle Fäden zwischen Sein und Nichtsein, Wonne und Weh spinnen.
891 2768 2504 2843 Das Widerspiel von Tod und Leben ist ein von Schnitzler gern variiertes
799 2836 2479 2905 Thema. Auch der „Ruf des Lebens“, der über „Untreue, Buhlerei und Mord“
791 2878 2503 2955 zur Resignation führt, ist nur eine Dariante davon. Allerdings eine Dariante, in
794 2954 2498 3025 der Lebenslust und Todesgrauen sich zu den seltsamsten Disharmonien mischen, um
804 3004 2493 3089 sich in leise verklingende Mollakkorde aufzulösen. Die Schatten des Todes huschen
798 3067 2503 3142 gespensterhaft über jede Szene und den düsteren Hintergrund bildet ein Regiment,
802 3137 2506 3212 das dem unabwendbaren Untergang geweiht ist. Und in diesem Regiment befindet
799 3182 2509 3257 sich ein junger Offizier, der die arme Marie in einer Ballnacht zu einem flüchtigen
802 3243 2493 3347 Liebesleben wachgeküßt hat. Tagein, tagaus an das Krankenbett ihres egoistisch¬
790 3307 2491 3384 trrannischen Daters gebannt, hat sie ihrem Bräutigam, einem ehrsamen Forst¬
806 3360 2491 3431 adjunkten, den Abschied gegeben und fristet in der Erinnerung an die eine berau¬
809 3443 2506 3513 schende Ballnacht ein kümmerliches Scheindasein. Wie sehr ihm auch der Arzt und
802 3478 2502 3571 die Schwägerin zureden, Marie von Zeit zu Zeit freizugeben, umsonst. Der neun¬
809 3560 2513 3639 undsiebzigjährige Männ läßt nicht locker. „Sechsundzwanzig Jahre. Zeit genug“,
904 3603 2343 3697 * Im Deutschen Dolkstheater zum ersten Male aufgeführt am 11. Dezember 1909.
