3484 4256
1533 237 2022 331 box 24/3
255 244 1403 327 19. Der Ruf des Lebens
1416 699 1798 784 Telephon 12.801.
925 792 1525 926 „OBSERVER“
699 920 1796 987 l. österr. behördl. konz. Unternehmen für Zeitungs-Ausschnitte
854 976 1672 1055 Wien, I., Concordiaplatz 4.
1029 1059 1471 1125 Vertretungen
703 1119 1775 1170 in Berlin, Budapest, Chicago, Christiania, Genf, Kopen¬
714 1161 1786 1219 hagen, London, Madrid, Mailand, Minneapolis, New-Vork,
759 1199 1747 1262 Paris, Rom, San Francisco, Stockholm, St. Petersburg.
1041 1242 1460 1294 (Quellenangabe ohne Gewähr).
710 1273 1765 1371 Ausschnitt Ailustriertes Wiener Extrablatt
1257 1333 1439 1427 Wien
869 1353 1185 1462 12017.1909
708 1385 871 1475 vom:
1556 1450 2572 1507 angebracht, aber der Dichter braucht das Fenster
1562 1490 2559 1550 noch zu weiteren dramatischen Zwecklosigkeiten. Als
735 1470 1414 1586 Theaterzeitung.
1571 1526 2554 1587 sich der Ehemann vom Fenster und der Hausfreund
1567 1569 2563 1627 aus der Stuhe entfernt, stürzt die Triebmaid herbei,
1566 1623 2548 1676 um ihr blaues Idol zu umarmen. Sie hört
718 1565 1564 1711 „Der Ruf des Lebens. 2#
1571 1669 2554 1711 Stimmen von außen und versteckt sich hinter einem
1570 1700 2554 1765 Vorhang. Die Frau Oberst rückt soeben dem Leutnant
573 1682 1548 1746 Schauspiel in drei Aufzügen von Artur Schnitzler.
696 1740 1458 1796 Aufgeführt im Deutschen Voltstheat
1571 1740 2548 1796 auf die Bude. In der Kaserne — bitte, die Ge¬
1569 1780 2550 1847 fahr! — kommt sie in das Zimmer des Geliebten.
617 1784 1555 1854 Was ist Deine Feder von Blut so rot, Artur?
1561 1824 2552 1891 Vermutlich denkt sie sich, daß die Todgeweihten
615 1844 1553 1916 Du schlägst einen Haufen Menschen tot, Artur!...
1565 1885 2544 1933 ringsum andere Sorgen haben, als sie zu bemerken.
696 1897 1549 1966 Nein, nein, ich will keine Ballade singen, es
1569 1909 2554 1969 Aber der Gatte kann doch jeden Augenblick ein¬
567 1949 1556 2004 widerstrebt mir, dem feinsten Dichter unserer Stadt
1573 1952 2552 2016 treten? Tut er auch. Der Herr Oberst steigt, den
581 1986 1557 2055 Spott anzutun. Mein Glaube an ihn könnte den
1576 1998 2554 2060 Mantel fester haltend als die Würde, durch das
577 2026 1552 2085 Parnaß versetzen! Denn sein Irren ist menschlich,
1572 2036 2553 2105 Fenster und überrascht auf diesem ungewöhnlichen
574 2087 1399 2145 selbst noch in diesem unmenschlichen Stück.
1586 2074 2555 2145 Wege das Paar. Und er knallt die Frau kaltty“
697 2131 1556 2182 Offenbar schwebte ihm die Idee vor, die Ent¬
1579 2122 2492 2189 Blutes nieder. Dieses war der zweite Todesfall.
571 2185 1564 2230 sühnung eines Vatermordes dritthalb tausend Jahre
2117 2169 2550 2252 „Nehmen Sie den
1687 2181 2109 2252 Mit den Worten:
578 2219 1560 2272 nach den antiken Tragikern zu zeigen, aber er
1571 2220 2555 2276 Mord auf sich,“ verläßt der Rächer den
566 2258 1549 2315 vergaß, daß zu solcher Fleckputzarbeit die Götter ge¬
2229 2258 2551 2322 zurückgebliebene
1570 2268 2189 2323 Schauplatz der Tat. Der
555 2306 1436 2356 hören, die längst nicht mehr herniedersteigen.
1574 2314 2553 2364 Offizier will gerabe die Pistole an die eigene Brust
685 2344 1552 2397 Das Stück spielt um die Mitte des vorigen
1585 2355 2554 2416 setzen, als Marie hervortritt. Trotzdem sie Ohren¬
562 2377 1554 2465 Jahrhunderts in Wien. Es setzt mit einer wunder¬
1577 2394 2565 2457 zeugin von den Leidenschaftsausbrüchen der Frau
570 2443 1557 2493 lichen Legende ein. Das Regiment der blauen
1572 2434 2556 2500 Oberst war, trotzdem sie von dem Leichnam des
573 2480 1562 2532 (Kürassiere, das dreißig Jahre vorher vor dem
1569 2483 2558 2555 gemordeten Vaters kommt, und trotzdem sie
1580 2515 2561 2586 auf den Leichnam der erschossenen Nebenbuhlerin
569 2515 1562 2585 Feinde die Flucht ergriff, zieht jetzt zur Sühne dem
582 2563 1568 2620 sicheren Tode entgegen. Die Mannschaft hat den
1576 2560 2560 2632 stößt, vergeht ihr doch nicht der Appetit auf Liebe!
577 2609 1564 2657 Schwur geleistet, sich auf eine Schlachtstätte zu
1584 2604 2555 2666 Denn sie ist schon 26 Jahre alt und hat noch nichts
578 2648 1556 2703 stellen, von der es keine Wiederkehr gibt. Sämtliche
1586 2633 2566 2722 für die Unsterblichkeit des Menschengeschlechtes
577 2695 1555 2749 Krieger, vom Gemeinen aufwärs, huldigen
1581 2694 2559 2761 getan! Der junge Krieger läßt die kalte Ehe¬
572 2746 1564 2794 enthusiastisch diesem Sühngedanken. Sie alle sind
1578 2731 2566 2793 brecherin im Zimmer liegen und geht mit Marie
578 2788 1568 2840 unschuldig an der Schmach ihrer Vorläufer, von
1581 2779 2555 2843 fort, um ihre so dringende Angelegenheit außer¬
572 2822 1560 2887 denen nur noch einer am Leben ist, aber sie reden sich
1585 2837 2561 2888 halb der Anstalt in Ordnung zu bringen. Dann
579 2873 1564 2931 trotzdem in eine wahre Berserkerbegeisterung hinein,
1579 2870 2567 2927 kommt er zurück und erschießt sich bei geschlossenem
575 2907 1567 2962 als ob es gar so süß wäre, für fremde Schuld dem
1581 2910 2409 2971 Vorhang. Dieses war der dritte Todesfall.
581 2955 1089 3010 Vaterlande wegzusterben!
1683 2945 2583 3022 Im letzten Akt säuselt ein sanfter lyrischer
698 2994 1567 3051 Das ist ein schöner Sagenstoff, geeignet für
1584 3005 2574 3067 Wind. Base Katharina, die sich monatelang auf
582 3036 1568 3090 eine aus alten romantischen Tagen schmetternde
1593 3047 2571 3111 dem Felde der Unehre herumgetrieben, kommt zu
576 3081 1568 3132 Ballade, aber nicht für das flutende Leben einer
1586 3093 2573 3151 Muttern heim, um wie Ophelia holdwahnsinnig zu
587 3128 1573 3177 Zeit, von der uns nur ein halbes Jahrhundert
1580 3134 2568 3203 sprechen und wie die Kameliendame zu sterben.
579 3159 1569 3223 trennt. In das Licht der Wirtlichteit gerückt,
1595 3179 2570 3237 Diees war der vierte Todesfall. Dazu kommen noch
579 3211 1564 3266 kracht die Fabel in den Fugen und mit ihr alles,
1575 3222 2580 3285 weitere 998 Todesfälle, denn das ganze Kürassier¬
580 3251 1147 3315 was drum und dran hängt.
1585 3265 2577 3337 Regiment, abzüglich des bereits durch Selbstmord
703 3284 1573 3373 Man lernt nie aus beim Theater. Ich hätte
1591 3307 2572 3371 umgekommenen Leutnants und eines durch Zufall
585 3343 1576 3420 nicht geglaubt, daß der „Ruf des Lebens“ den
1589 3353 2580 3405 am Leben gebliebenen Kameraden, ist getreu dem
582 3392 1575 3440 Erfolg haben werde, den er gestern tätsächlich er¬
1587 3391 2580 3452 Schwure in der Schlacht gefallen. Aus Schande
578 3426 1571 3487 zielte. Der erste meisterhaft geführte Akt mußte
1591 3435 2582 3491 darüber, daß er dem Tode entging, brachte auch
584 3468 1571 3517 frei.ich gefallen, wenn auch die Schlußszene nicht
1586 3484 2587 3550 der letzte Ueberlebende, sich selber um. Und was
582 3515 1578 3591 nach jedermanns Geschmack ist. Was aber dann an
1591 3523 2582 3588 geschah mit Marie, der Vatermörderin? Die
590 3562 1565 3615 romanhaften Begebenheiten und knallender Theatralik
1588 3582 2587 3627 wollte sich dem Gerichte stellen, aber der liebende Haus¬
591 3598 1576 3656 geleistel wird, hätte nicht verdient, so beifällig
1587 3611 2580 3668 arzt sagte wissentlich falsch aus, daß der alte Mann
585 3658 1584 3699 ausgenommen zu werden. Ein Glück für Artur
1597 3655 2585 3710 eines natürlichen Todes gestorben ist. Und so geht
597 3692 1569 3742 Schnitzler, daß er der Artur Schnitzler ist, denn
1595 3701 2581 3763 die Sünderin frei herum und wird von dem
580 3720 1582 3799 einem minder beliebten Dramatiker wär es kaum
1597 3740 2590 3805 gütigen Doktor noch mit der Aussicht auf einen
594 3770 1572 3835 so gut ergangen. Das vielverschriene Premieren¬
1590 3779 2581 3838 Platz an der Sonne getröstet, wenn sie den Ruf des
594 3820 1573 3879 publikum hat also doch noch Respekt vor seinen
1594 3828 2582 3891 Lebens einmal reiner und tiefer ersassen sollte. Eine
589 3865 1579 3923 Tichtern. Und das ist das Erreuliche an dem
1590 3873 2595 3938 Vatermörderin, die, statt von dem Schwurgerichte,
579 3903 933 3983 gestrigen Abend.
1588 3919 2586 3968 von ihrem Hausarzt freigesprochen wird, will mir
709 3924 1580 4012 Die Wiedergabe des Inhalts macht mir
1602 3957 2581 4015 nicht in den Sinn. Vielleicht heiratet noch der gute
595 3988 1574 4054 weniger Freude. Ich erzähle wie folgt: Mit
1598 4000 2582 4057 Mann die Dame, die sich selbst zur Waise machte!
1092 4037 1581 4096 todgeweihten Regiments
590 4041 1062 4107 zwei Leutnants des
1591 4052 2580 4106 Ich gönne sie ihm. Und dabei war der Vatermord
585 4080 1581 4136 haben in einer Faschingsnacht Christine und
1596 4088 2594 4151 nicht einmal eine dramatische Notwendigkeit, denn
1098 4121 1579 4181 sie heißen jetzt Marie
593 4127 987 4189 die Schlager=Mizzi
1591 4129 2577 4193 zur Einschläferung des Alten hätten zehn Tropfen
2505 4173 2553 4208 4
831 4170 876 4221 I
1151 4169 1195 4230 □
