3436 4352
237 215 2019 314 19. Der Ruf des Lebens box 24/3
3058 1099 3182 1171 Heft
1736 1113 2199 1208 „Wiener Mode“ XXIII.
718 1151 825 1230 480
744 1187 3185 1312 spiel, geht in redseligen Altwiener Biedermeierzeiten vor sich, anno und kerngesund in ihren Ansichten, so echt volkstümlich, daß es ein¬
1964 1243 3192 1310 Lust ist, es zu bemerken. Das Bürgerliche wird gegen das Hochadelig.
744 1276 1965 1346 Vatermörder und Strupfen. In dieser zu nahen Zeit erscheinen Le¬
1980 1279 3184 1351 ausgespielt, die Arbeit gegen das bloße Vergnügen. Die Moral wird
746 1310 1970 1401 gende und Volkslied deplaciert. Die Zeit stimmt nicht recht zu den
1978 1315 3175 1397 in Steinkrügeln verzapft und tüchtig mit den Zinndeckeln dazu ge¬
741 1350 1975 1416 Vorgängen. Doch ist gerade die Zeit mit Meisterschaft getroffen und
1979 1345 3184 1436 klappert. Etwas primitiv hergestellt à la Costa, Elmar, Langer. Gan¬
755 1395 1974 1459 festgehalten. Je echter sie wirkt, um desto weniger stimmt das alles
1981 1401 3196 1472 alte Wiener Schule. Saubere Arbeit. Die Figuren Typen, Schablonen
1332 1436 1972 1484 1850 ungefähr — ist solcherlei ganz
749 1443 1347 1527 zu ihr. In diesen Jahrgängen —
1977 1436 3183 1503 Klischees. Doch wozu wären Jarn und die Niese da? Die maches
756 1474 1971 1547 undenkbar. Das hätte um mindestens drei Jahrhunderte in historische
1988 1473 3182 1555 schon Menschen aus Puppen. Neben ihnen waren Herr Traeges
1450 1517 1975 1577 Perspektiven zurückgerückt
1985 1528 2787 1599 und das kleine Fräulein Vock sehr wirksam.
1453 1553 1761 1623 werden müssen.
2082 1535 3192 1632 Im Lustspieltheater wurde „Musik“ von Frank Wede
1551 1576 1974 1652 In wenige Stücke läßt
1984 1597 3193 1671 kind gegeben. Der Dichter und seine Frau spielten die Hauptrollen
1457 1617 1979 1693 sich so viel Geist, Tief= und
1988 1627 3187 1697 Ueber dieses Werk sind die Meinungen nicht nur geteilt, sie strebei¬
1459 1665 1971 1721 Scharssinn hineininterpre¬
1984 1673 3208 1749 sogar heftig auseinander, befehden sich erbittert. Wo die einen Zarle#
1458 1701 1978 1767 tieren, wie in dieses. Der
1982 1712 3190 1778 fühlenden, Edelmeinenden sich als berufene Hüter und Wahrer das
1458 1750 1980 1806 Dichter wird wohl nicht
1990 1747 3190 1828 erhabensten Menschheitsgüter fühlen, die gegen einen dreisten Ver
1474 1783 1993 1844 schlecht gestannt haben, als
1989 1795 3150 1857 höhner und Zertrümmerer hochheilig zu bewahrender Ideale
1463 1819 1989 1891 er erfuhr, was er sich alles
1985 1825 3185 1889 Fechterstellung antreten, sehen die andern eine genialische dämonisch
1525 1864 1981 1916 nicht gedacht hat, als
1993 1872 3187 1934 Dichtung, die in einer ganz neuen losen und doch innerlich geschlossenes
1465 1887 1981 1964 er diese Szenen niederschrieb.
1997 1890 3197 1981 Form eine neue Tragikomik oder Komitragik birgt und eine kostbau
1566 1943 1973 2002 Fräulein Hanne¬
1994 1941 3192 2021 Ironie von unheimlicher Leuchtkraft. Gewiß! Das Werk verletzt vies
1468 1974 1996 2038 mann war ganz herrlich
2001 1980 3204 2057 sach, es empört, regt auf — doch es versöhnt auch wieder durch sein
1467 2016 1986 2078 als Marie, jeder Bewunde¬
1998 2013 3208 2100 ihm innewohnende pudelnärrische Spaßhaftigkeit. Wedekind ist keig
1463 2048 1997 2119 rung wert. Ihre Jnnigkeit
1988 2062 3203 2138 Schauspieler im gewöhnlichen Sinne Er spielt immer nur sich selbss
1468 2097 1996 2161 Zist so echt, ihr Leid greift
1995 2090 3194 2175 Mehr und weniger ist er als ein Schauspieler. Die Anfänge fehles
1484 2136 1994 2196 aus Herz, ihrer Träue muß
1997 2126 3206 2213 ihm, die man lernen, sich erwerben kann. Dafür hat er reichlich, war
1784 2172 1993 2226 - wie dem
1476 2181 1763 2236 man glauben
1993 2183 3199 2263 niemand von außenher gewinnen kann, was er an seell hem Fundug
1475 2219 2003 2264 Leichtsinnslächeln von Paula
1998 2225 3202 2279 mitbringen muß. Dieser Dilettant mitterwurzert mitunter ganz grost
1477 2251 1996 2311 Müller! Der Wahnsinn
2007 2265 3214 2331 artig, daß es um ihn herum nur so funkelt und wetterleuchtet. Sein
1470 2290 1998 2347 der Paula Müller war das
2005 2298 3203 2367 schöne Fau hat wohl kein es, aber dafür herrliche Nerven
1477 2325 2005 2386 Lieblichste und Erschütterndste
2005 2349 3202 2410 erschütt angen, Weinkrämpfe und Zerschluchzungen von einoringliche
1546 2378 1995 2423 dabei so vollig unthea¬
2010 2373 3201 2442 Wahrhaftigkeit. Das Stück hat viele geärgert, die es nicht versteher
1477 2409 1995 2464 tralisch! Diese beiden seltenen
2007 2416 3207 2493 konnten orer mochten. Es ist niemand zu verdenken, wenn ihm diest
1484 2450 2003 2507 Mädchen ergänzten sich auf
2013 2452 3216 2527 diabolischen Scherze zuwider sind, wofür man eigens organisiert seis
1480 2482 2005 2550 der Szene zur kunstreichsten
2005 2482 3225 2581 und manche anerzogene Kunstvorurteile in der Garderobe mit Galoschei
1484 2521 1994 2584 und natürlichsten Einheit.
2017 2555 2512 2622 und Mantel ablegen muß.
1480 2553 1954 2629 Auch Herr Kutschern“
2110 2560 3237 2646 Am Abend darauf: „Zensur“ ein Akt von Frank Wede#
1489 2598 1940 2664 Arzt, Frau Thaller
2014 2600 3225 2687 kind, g'spielt vom Herrn und von der Frau selber und Herr#¬
1495 2634 2001 2705 Mutter, Direktor Weisse
2019 2649 3210 2721 Vlente. Eine Theodizee. Zugleich Beichte, Anklage, Verteidigung
1557 2676 2007 2749 Oberst, boten stor Voll¬
2011 2682 3214 2765 Glaukensbekenntnis. Der Dichter setzt sich auf seine, die geistreichst
1831 2718 2007 2781 anderen
1490 2722 1834 2784 kommenes. Die
2014 2721 3229 2788 Art mit der irdischen Ungerechtigkeit, der Zensur und dem lieben Got#
1495 2752 2008 2823 waren auch alle ganz gut,
2011 2770 3226 2837 im Himmel in einem philosophisch tiefgründigen Dialog auseinander
1492 2794 2017 2865 ganz tüchtig, ohne ins
2009 2806 3236 2872 der großartigste Gedankenperspektiven eröffnet. Mit intelligentesten
1849 2829 2016 2898 aufzu¬
1496 2829 1831 2900 Außerordentliche
798 2836 1456 2915 Lisbeth Steckelberg* (Neue Wiener Bühne).
2020 2850 3241 2926 Takt sprach Herr Bienke den jungen Priester, einen diplomatischen
1501 2868 2027 2940 steigen, was man auch nicht:
2030 2906 2606 2973 Fanatiker von besten Manieren.
790 2905 2023 2985 von jedem Schauspieler ein jedesmal verlangen darf. Herr Homma
2121 2905 3244 2998 Zur Weihnachtszeit hat das Deutsche Volkstheater ein wunder
795 2954 2019 3020 hat sich jedenfalls sehr viel Mühe gegeben mit dem alten, feigen,
2017 2967 3242 3047 schönes, fast geistreiches Kindermärchenspiel Hauserl“ von Frank¬
802 2986 2017 3059 kranken Mann, aber das ist nicht seine Sache. Da hätte Martinelli herein¬
2017 3010 3223 3079 Martos aufgeführt, das den kleinen Damen Wurzel und Strnat
794 3022 2018 3099 gehört — oder so einer — mit einem stahlharten, stahlkalten, gläsernen:
2027 3046 3242 3122 Gelegenheit gegeben hat, wirklich zum Staunen klug und geschickt und
799 3064 2020 3150 Blick und dolchscharfem Ton, und die Dolchspitze in Gift getaucht loch
2021 3102 2367 3178 herzig zu agieren.
798 3113 2020 3197 dazu — damit soll man dem redlichen Homma, der doch so viel,
2125 3100 3231 3185 Im Johann Strauß=Theater wurde auch eine neuts
794 3146 2009 3213 gerade genug, kann, nicht kommen. Das ist nichts für ihn. Da muß
2020 3154 3253 3235 Weihnachts=Komödie gespielt: Goldreifchen“ von Paul Wert###
804 3202 2021 3258 er versagen. Jede Begabung, auch die vielseitigste, hat ihre natürlichen
2033 3191 3233 3276 heimer und Mia Evers. Dieses liebliche, phantastische Spiel stehl
791 3250 997 3312 Grenzen.
2019 3237 3234 3317 viel höher als das meiste in dieser Gattung. Es ist ohne Prätensionen
896 3256 2012 3347 Im Theater in der Josefstadt ist man von den franzö¬
2026 3275 3247 3356 literarisch und künstlerisch, und paßt sich doch dem kindlichen Fassungs###
805 3310 2030 3397 sischen Dramen und Possenspielen zur „Heimatskunst“ zurückgekehrt
2038 3309 3246 3389 vermögen gut an. Ein poetischer Hauch weht durch diese anmutigen“
796 3360 2030 3407 und hat Heinrich Schrottenbachs volksstückartige Komödie „Baron
2030 3342 3238 3429 Szenen. Paul Wertheimer hat als Lyriker seinen Ruf und Namen##
802 3379 2036 3458 Liederlich“ mit Jarno und Niese gespielt. Ein leichtsinniger
2032 3391 3232 3466 Fräulein Evers die Konzipientin seiner poetischen Kanzlei, ist Schaut
809 3432 2037 3494 ungarischer Kavalier hat eine Tochter, die einen amerikanischen Nabob
2034 3426 3253 3510 spielerin am Bürgertheater und ihre geringe Beschäftigung verstatte
1522 3470 2023 3533 bei ihm als Köchin gedient.
2028 3486 3020 3551 ihr so manchen Ritt ins alte romantische Märchenland!
796 3484 1538 3538 heiratet, nachdem sie — die Baronesse —
810 3511 2033 3579 Die Tochter ist natürlich die Niese. Sie ist so resch und fesch, so derb
2143 3542 3271 3616 Die Photographie von Karl Blusel, die wir im vorigen Hefte an dieser Stelle#
2027 3559 2803 3640 reproduzierten, stammt aus dem Atelier d'Dra, Wien.
968 3595 1481 3666 Siehe 7. Oeft d. Jahrg., Seite 430.
