3436 4384
895 215 962 283 d
282 208 1445 323 19. Der Ruf des Lebens
1594 231 2063 318 box 24/2
455 1222 1624 1299 den Worten Feodors: „O Gott, warum hast du zum Zaren
1626 1240 2784 1325 Dieser Max steht als Leutnant bei den blauen Kürassieren,
2784 1262 3376 1324 erste Aufführung in russischer
469 1263 1623 1339 mich gemacht!“ schließt das Drama, das die Russen zu ihrer
1621 1279 2787 1342 die soeben als „todgeweihtes Regiment“ in den Krieg aus¬
2785 1298 3392 1370 Märchendichtung am dortigen N
464 1305 1614 1370 klassischen Literatur zählen, das wir aber nur als eine klassi¬
1625 1322 2786 1395 rücken. Um eine alte Schmach der Truppe zu fühnen, haben
2783 1330 3393 1405 Erfolg, woran zum Teil auch
463 1350 1620 1413 zistische Epigonenarbeit werten können. Jedenfalls bot es den
1624 1356 2789 1443 nämlich Offiziere und Mannschaften gelobt, daß keiner von
2787 1385 3386 1443 Uebersetzung des Herrn Ssuken
460 1387 1618 1455 Moskauern mannigfache Gelegenheit zur Entfaltung ihrer In¬
1625 1401 2787 1483 ihnen lebendig heimkehren werde. Marie gelangt in das Zim¬
2783 1420 3393 1493 nellerweise las man zu Begin
464 1419 1615 1499 szenierungskunst. Die szenische Ausstattung — nach Entwür¬
1619 1442 2781 1521 mer des Leutnants und wird hier unbemerkt Zeugin einer
2786 1462 3385 1524 mentar über das Stück vor,
465 1471 1616 1536 fen des Malers Viktor Simow — verzichtete auf alle
1614 1479 2787 1562 Szene zwischen Max und der Gattin seines Obersten, mit der
2781 1503 3384 1566 Warkes zu ergründen und den
465 1502 1615 1564 realistischen Detailkünste und wirkte mit ihren einfachen, gro¬
1622 1533 2787 1596 er eine kleine Liebelei gehabt hat, und die ihn nun zu über¬
2791 1542 3377 1604 zu verschaffen glaubte. Aber
458 1543 1612 1614 ßen, stimmungsvollen Farben lediglich als malerischer Hinter¬
1623 1563 2785 1636 reden sucht, sein Leben zu retten und mit ihr zu fliehen. Der
2775 1591 3381 1646 mühen, und das einzige Resu
453 1586 1618 1661 grund des Bühnenbildes, in das die Figuren außerordentlich
1624 1612 2786 1682 Oberst kommt dazu und erschießt kurzerhand die Treulose. Als
2784 1618 3388 1687 fahrens war, daß das Publik
452 1616 1112 1688 raffiniert hineingestimmt waren.
1113 1643 1618 1698 So überwand man fast
1629 1646 2783 1719 Max die Pistole gegen die eigene Brust richten will, stürzt
2778 1648 3380 1718 wurde. Die mangelhafte Darst
445 1648 1617 1741 völlig den sonst so störenden Gegensatz zwischen den bemalten
1623 1673 2785 1764 Marie aus ihrem Versteck hervor und entführt den Abgott zu
2781 1700 3391 1757 schen Fräulein Jawoskajan al
460 1703 1613 1779 Leinwandfetzen und der lebendigen, agierenden, plastischen
1617 1732 2778 1793 der ersehnten Liebesnacht. Danach erschießt sich auch der Leut¬
2777 1741 3387 1805 Märchenstimmung, die die Aus
453 1743 1615 1826 Menschheit. Unterstützt von einer ungemein sorgfältig ge¬
1618 1763 2776 1845 nant, die blauen Kürassiere werden in der ersten mörderischen
2780 1782 3354 1854 mannschen Novität den Rest,
453 1787 1603 1854 regelten Beleuchtung, entstanden Bilder auf silbergraulem,
1621 1801 2767 1863 Schlacht bis auf den letzten Mann aufgerieben, die kleine Ka¬
2771 1810 3392 1881 das Neue Theater statt der M
452 1821 1599 1897 sandfarbenem, goldenem Grunde, die in ihrer bis in alle Ein¬
1614 1843 2767 1917 tharina stirbt verwirrten Geistes und gebrochenen Herzens, der
2787 1858 3390 1916 großer Geschwindigkeit von ein
445 1868 1606 1934 zelheiten durchgeführten koloristischen Abtönung ein harmoni¬
1620 1886 2771 1948 Forstadjunkt erhält eine Oberförsterstelle, und Marie Moser
2776 1898 3383 1966 schreiben lassen, verstimmte, stat
455 1898 1609 1976 sches Ganzes bildeten und in Farben die Grundstimmung jedes
1625 1930 2776 2004 führt ein ebenso freudenleeres Dasein wie vorher. Der Ruf
2847 1948 3378 2007 v. Madame Bovary als
455 1926 1609 2025 Aktes widerspiegelten. Und innerhalb dieses wundervollen
1606 1973 2771 2032 des Lebens hat sie irregeführt. Aber ein kluger Mann und
2769 1967 3390 2049 der Geburtsstadt Gunave Flauben
441 1980 1606 2056 Nahmens entwickelte sich ein Zusammenspiel, das als schlechthin
1611 2008 2776 2069 Medikus spricht ihr Trost ein: Im beschaulichen Frieden des
2776 2025 3378 2084 William Busnach nach dem
440 2024 1609 2101 mustergültig bezeichnet werden muß. Namentlich die Massen¬
1621 2042 2771 2108 Alltages, nicht in wüsten Leidenschaften und extravaganten
2773 2059 3380 2124 bertschen Roman dramatisierte
445 2063 1595 2128 szenen, die als geschlossene Einheit wirkten und doch ihre Zu¬
1614 2086 2761 2155 Abenteuern sei der wahre Genuß des Lebens zu finden; sie
2765 2082 3379 2162 ersten Male aufgeführt. Es liegt
450 2114 1608 2162 sammensetzung aus einzelnen, scharf charakterisierten Indivi¬
1616 2127 2771 2215 solle getrost eines neuen Rufes harren, der sicherlich an sie er¬
2759 2139 3373 2194 bei der Dramatisierung nur die d
447 2146 1601 2212 dualitäten klar erkennen ließen, könnten für unsere Berliner
1608 2174 2609 2233 gehen und sie zu einem ruhigen Glücke fuhren werde.
2763 2176 3377 2234 eigentlichen Handlungsmomente un
446 2186 1607 2249 Bühnen vorbildlich sein. Diesen Grad der künstlerischen Voll¬
2769 2206 3376 2280 Gellung kommen. Alle Innerlich
1683 2214 2768 2294 Man könnte fast den Argwohn hegen, Schnitzler habe im
433 2219 1609 2300 endung hat selbst Reinhardt in seinen besten Regieleistungen
2764 2239 3371 2307 terisierung der Personen, fehlt,
1615 2250 2766 2328 Grimm über den halben Erfolg seines feinen Dramas „Zwi¬
436 2266 1608 2322 nicht erreicht. Ueber die einzelnen Darsteller vermag ich nach
2767 2285 3375 2356 begreiflicherweise sehr an innerer
1611 2288 2768 2350 schenspiel“ dem lieben Publikum einmal in aller Eile und recht
434 2302 1602 2372 dieser ersten Probe kein Urteil zu fällen. Jedenfalls wurde
2763 2320 3363 2378 Tun der Madame Bovary im
1609 2334 2759 2398 deutlich beweisen wollen, daß er nicht nur zarte und stille Dich¬
434 2356 1606 2412 der Charakter jeder Rolle so energisch herausgebracht, daß auch
2756 2355 3373 2422 motiviert wird, liegt im Drama
1608 2375 2755 2448 tungen, sondern auch grelle und lärmende Theaterstücke schrei¬
433 2388 1605 2463 der des Russischen Unkundige fast ohne Unterbrechung zu fol¬
2767 2395 3370 2459 Hier wendet sich alle Sympathie
1594 2409 2758 2490 ben könne. Die Handlung dieses neuen Dramas mit ihren
446 2429 1597 2495 gen imstande war. Den stärksten Eindruck machte Herr
2754 2430 3368 2494 anstößige Wesen der Frau einfach
1608 2455 2762 2534 unwahrscheinlichen, romanhaften Verknotungen und Ver¬
442 2470 1596 2534 Moskwin in der Titelrolle. Das wohl zur Hälfte aus
2755 2466 3362 2532 mit ungeheuerer Geschwindigkeit v#
1607 2486 2765 2562 knüpfungen, mit ihren gewaltsamen Zufällen und Ueber¬
438 2499 1592 2570 Russen bestehende Publikum lohnte die Darbietungen mit stür¬
2758 2504 3361 2571 gehetzt durch die dem Thegterdicht
1608 2534 2755 2593 raschungen und ihren knalligen Kulisseneffekten, die flüchtige
2757 2540 3364 2606 seinem Stück die Zeitdauer von 3
441 2545 1599 2616 mischem, von Bild zu Bild anwachsendem Applaus. Neben
1604 2563 2748 2645 und oberflächliche Zeichnung der dürftig ausgestalteten Cha¬
2756 2581 3363 2647 Die Zwischenzeiten welche in dem
438 2576 1592 2659 den Hauptdarstellern wurden die Leiter des Theaters, Sta¬
1600 2616 2765 2698 raktere, sowie die saloppe Sprache hindern mich, die Arbeit ernst
2763 2622 3377 2689 intimen Konflikten, den Herzenskäng
425 2624 1590 2710 nislawski, und der Dramatiker Nemirowitsch¬
1599 2652 2764 2729 zu nehmen. Es ist ein in jeder Hinsicht verunglücktes Werk,
2764 2663 3377 2721 So wird auf diese Weise Madan#
436 2673 1409 2737 Dantschenko, unzählige Male hervorgerufen.
1604 2680 2751 2764 und man kann nur bedauern, Schnitzler auf diesen Pfaden zu
2759 2686 3374 2762 mindesten eine Frau von sehr lei
515 2705 1593 2790 Am Sonnabend fand im Lessingtheater eine
1590 2732 2759 2796 finden. — Die Darstellung, mit Irene Triesch als Marie,
2751 2742 3375 2804 I einmal bei der Katastrophe und b#
423 2751 1566 2808 Schnitzler=Première — die zweite in dieser Saison! —
1592 2761 2757 2846 Hans Marr als altem Moser, Rittner als Forstadjunkt
2752 2774 3362 2845 weil sie unser Mitgefühl und unse
1530 2773 1592 2833 n
432 2789 1587 2865 statt. Das dreiaktige Schauspiel „Der Ruf des Lebens“
2757 2807 3353 2872 vermochte. Trotzdem wird sich
1601 2815 2759 2886 und Stieler als Max, hielt sich auf einer wenig reizvollen
441 2836 1591 2891 schildert die schlimmen Erlebnisse eines jungen Mädchens na¬
2749 2854 3370 2911 Pariser Blätter wohl auf der Büh
1599 2857 2750 2925 Mittelhöhe. Die dekorative Ausstattung — feine Interieurs
434 2871 1581 2939 mens Marie Moser, das, an das Krankenbett eines hoffnungs¬
2754 2895 3368 2950 und auch (oder besonders?) für di
1600 2892 2753 2964 und ein prächtiges Landschaftsbild mit blumenpflückenden Kin¬
426 2904 1590 2961 los dahinsiechenden, dabei unleiolichen, tyrar ischen und bos¬
2750 2928 3363 2983 oder vergessen haben, verständlich
1586 2926 2751 3006 dern auf grünem Wiesenhügel — war schön und stimmungs¬
426 2943 1584 3023 haften Vaters gekettet, sich mit glühender Le##enschaft hinaus¬
2757 2970 3367 3025 ist gut, und der Erfolg war zieml
1586 2971 2757 3049 voll. Die beiden ersten, theatralisch recht wirksamen Akte wur¬
425 2984 1583 3063 sehnt nach ungebändigter Freiheit und wildem Genießen.
1594 3012 2763 3097 den beifällig aufgenommen, zum Schluß aber meldete sich eine
432 3029 1586 3102 Sie gibt dem braven. hausbackenen Forstadjunkten, der um
1595 3036 1998 3124 kräftige Opposition.
3077 3054 3365 3131 Vermi
2574 3059 2648 3140 7
431 3068 1596 3135 ihretwillen die mannstolle, kleine Katharina verlassen hat, den
422 3101 1587 3190 Abschied, befördert den Vater vermittelst eines für hundert
2838 3099 3365 3175 B. B. (Von dem int
1669 3113 2743 3195 Ir. „Und Pippa tanzt“ in Petersburg. Wie
427 3139 1592 3222 Nächte ausreichenden Schlaftrunkes ins Jenseits und cilt, dem
2752 3136 3365 3217 des Kaiserpaares) entwa
1594 3161 2759 3263 uns aus Petersburg berichtet wird, hat dort soeben Gerhart
2743 3194 3371 3267 der Landwirtschaftlichen Hochschu
425 3195 3362 3319 Rufe des Lebens jolgend, in die Arme ihres heißgeliebten Maz, 1 Hauptmanns neueste Bühnendichtung „Und Pippa tanzt“ ihre jede zur sildernen Hochzeit des
3031 4148 3141 4194 EE
