3484 4256
252 260 2035 362 19. Der Ruf des Lebens box 24/3
1028 1068 1142 1143 14
1022 1179 2443 1245 wie Leons und Felds „Der große Name“ spricht nur gegen seine
1022 1217 2446 1296 geistige Reife. Bei Marco Brociners „Hinter dem Vorhang“ war
1032 1270 2443 1344 der überschwängliche Jubel um einige Teilstriche berechtigter. Doch
1033 1315 2444 1390 immerhin scheint das Durchschnittsniveau des Geschmacks ein wenig
1025 1370 2445 1410 höher zu liegen als in den letzten Jahren. Das beweist nicht nur
1026 1416 2451 1469 der Rückgang in der Zugkraft der Boulevardposse, sondern auch
1018 1469 2449 1520 die überlegene Ablehnung der Tarockwitzigkeit Hans Müllers. In
1026 1519 2455 1576 „Hargudl am Bach“ parodiert er ein Übermädel, das ihm als
1025 1559 2450 1642 Ausdruck allermodernster Überspanntheit gilt, nach meiner geschicht¬
1036 1611 2443 1664 lichen Kenntnis von den unterschiedlichen Karikaturen der Zeit¬
1024 1658 2445 1728 strömungen aber hart vor der Großmutterschaft stehen müßte. Denn
1031 1710 2444 1773 vor fünfzehn oder zwanzig Jahren soll es solche unnatürliche Weib¬
1018 1766 2451 1820 naturen gegeben haben; ich weiß es nicht, aber man sagt es; daß sie
1020 1816 2442 1869 heute nicht mehr existieren, weiß ich jedoch. Hans Müller hat also
1018 1848 2440 1902 eine Wirklichkeit parodiert, die eine bloße Einbildung ist, und das
1031 1902 2442 1971 Schlimmste, was dem Satiriker begegnen kann, geschieht: seine Persi¬
1024 1962 2458 2036 flage wird zur Selbstparodie seiner Weltfremdheit. Dennoch wird"
1018 2009 2438 2078 dieser Mann nachdrücklich in der Wiener Theatergeschichte genannt“
1024 2058 2433 2114 werden müssen; denn seine Lächerlichkeit machte die Direkton Pau
1013 2096 2506 2153 Schlenther unmöglich. Wir verschmähen es, dieser abgetanen Größe¬
1015 2155 2433 2223 ein Pamphlet mehr nachzuschleudern. Aber es soll dem Herostrates
1015 2194 2450 2278 am Franzensring unvergessen bleiben, daß er vor Jahren schon
1024 2248 2449 2299 Karl Schönherr an die Burgbühne gebracht hat. Freilich vermochte
1009 2298 2434 2370 der Halberfolg: „Über die Brücke“ die drei Kläglichkeiten dieses
1011 2357 2453 2426 Hoftheaterjahres nicht aufzuwiegen; aber in minder erregter Zeit
1012 2399 2268 2474 hätte Schönherr eine liebevollere Empfänglichkeit gefunden.
1130 2453 2427 2525 Neben Schönherr sanken in der Trostlosigkeit dieses Winters
1015 2511 2439 2553 auch zwei andere sieghafte Fahnen auf Halbmast. Die Komödie
1018 2546 2432 2615 des nonchalanten Hofrats Max Burckhard, der endgültig seine
1020 2597 2442 2661 Lebensaufgabe in der Anrempelung der österreichischen Verwaltung
1013 2647 2435 2727 erblickt hat, wurde nicht belacht, sondern ausgelacht. Und Artur
1011 2680 2431 2768 Schnitzlers „Ruf des Lebens“ fand zwar des Publikums Gefallen,
1014 2761 2430 2819 Faber das Weltbild dieser Dichtung überragt nicht das Weltbild
1008 2784 2441 2852 keiner jungfräulichen anima candida, deren Unschuld sich von dem
1016 2848 2441 2921 Ereignis vor Erscheinen des Storches alle Holdseligkeit des Daseins
1011 2898 2431 2955 erträumt. Das gleiche Geschick wie diesen beiden heimischen Dra¬
1004 2951 2431 3028 matikern fiel auch zwei fremden Dichtern zu. Hartlebens bläßliche
1007 3006 2422 3058 Polemik gegen das bourgeoise Liebesleben in der „Erziehung zur
1010 3044 2433 3102 Ehe“ geht an einem echten Lustspielmotiv vorüber, und Andrejews
1014 3102 2434 3167 „Ssawa“ beweist dem gesunden Menschenverstand zum Überfluß,
1011 3148 2427 3218 daß es keine Wunder gibt. Auch diese beiden Premièren des Lust¬
1009 3194 2434 3264 spieltheaters waren ohne dauernde Kunst= und Kassenwirkung. Von
1010 3242 2444 3308 bleibendem künstlerischen Wert wird nebst Shaws „Arzt am Scheide¬
1005 3294 2451 3360 weg" und Molières „Eingebildetem Kranken“ nur das Gastspiel
1000 3334 1514 3416 Frank Wedekinds sein.
1578 3399 1856 3506 1
