3248 4352
1615 268 1991 386 Telephon 12.301.
954 388 1756 561 „OBSERVER“
908 489 2028 631 # österr. behördl. konz. Unternehmen für Zeltungo-Ausschnitte
1041 569 1883 692 Wien, I., Concordiaplatz 4.
1239 652 1679 739 Vertrefungen
928 694 2001 790 in Berlin, Budapest, Chicago, Christiania, Genf, Kopen¬
922 735 2015 824 hagen, London, Madrid, Mailand, Minneapolis, New-Vork,
952 794 1987 887 Paris, Rom, San Frascisco, Stockholm, St. Petersburg.
1257 834 1696 904 (Quellenangabe chne Gewähr).
1580 845 1878 940 16 3. 1910
922 879 1292 999 Ausschnitt aus:
1177 925 1735 1051 Freie Stimmen, K
1557 927 2139 1065 GAAr
2783 976 2989 1055 — —et
919 1015 1089 1103 vom:
2611 1002 3035 1090 Stimmene benütsen
1225 1047 1996 1137 mnn. getag vipt ven Ttummern
1984 1076 3046 1184 Tage nur und das alte Theaterscht is seine
937 1095 1739 1187 des einstürzenden Dachesherfglagen.
1982 1138 3025 1215 Pforten für immer. Nun heißt es Abschied neh¬
1981 1198 3035 1267 men von der Stätte, die so viel frohe, so viel
1986 1243 3040 1319 weihevolle Stunden gesehen. Allein nicht nur den¬
1018 1218 1944 1358 Kunst und Titeratur.
1980 1304 3047 1375 Großen auch den Kleinen bietet das alte Hau
1982 1343 3049 1408 einen Abschiedsgruß. Heute, Mittwoch, den 16#
1009 1367 3035 1474 Schauspielhaus. Zum Vorteile des anmuti=dieses Monats, nachmittags, findet eine Ab¬
965 1420 2001 1490 gen Frl. Ehn ging gestern Artur Schnitzlers.
1981 1445 3035 1511 schieds=Kindervorstellung statt. Das
960 1460 1984 1541 eigenartiges Schauspiel „Der —Kllf des
1984 1488 3020 1558 gewählte Stück, das schöne Kindermärchen „Hän¬
956 1512 1981 1572 [Lebens“ in Szene. Derselbe Dichter, der in
1988 1545 3027 1603 sel und Gretel“, wird sicher die freudigste
970 1569 1985 1637 der „Liebelei“ und auch im „Freiwild“ sich als
1989 1601 3027 1657 Anerkennung des kleinen Publikums finden. Auch
957 1622 1980 1678 ein überaus scharfer Beobachter und Gestalter
1989 1642 3012 1708 die reizende Balletteinlage „Rosenbachzeit“,
953 1665 1976 1732 des Lebens und der Menschen zeigt, arbeitet
1991 1693 3030 1755 die den Abschluß der Abschieds=Kindervorstellung
959 1715 1980 1771 hier fast nur in Konstruktionen, ja er verschmäht
1986 1740 2958 1829 bildet, wird dem kleinen Volk gewiß gefallen.
967 1762 1996 1841 die ganz und gar unpoetische Häufung von
2558 1801 2645 1844 —
961 1816 1992 1875 Knalleffekten nicht, die geradezu an die Titel¬
2052 1814 2965 1923 Wochenspielplan des Stadttheaters
965 1864 1993 1939 überschriften billiger Romane erinnern und
2177 1897 2815 1975 vom 16. bis 19. März.
959 1899 2000 1970 einem Philippi alle Ehre gemacht haben wür¬
2045 1939 3029 2027 Mittwoch: Ein Spiel. Hierauf: Das
957 1959 2001 2043 den. Die sorgsame, keusche Tochter, die den
971 2006 2948 2069 egoistischen Vater vergiftet, nur um eine Nacht goldene Kreuz, Benefize Ludwig Cortelli.
968 2059 3030 2123 sich in den Armen einer flüchtigen Ballbekanet= Donnerstag: Ein Herbstmanöver. — Freitag:
973 2111 3024 2179 schaft „ausleben“ zu können das arme, lungen Der Hüttenbesitzer. — Samstag: Nachmittags:
966 2144 3048 2229 kanke Mädchen, das der „Ruf des Lebens“ auf Frühlingsluft. Rosenhochzeit; abends: Der
960 2214 2320 2278 die Landstraße und der Nymphomanie in die dunkle Punkt.
967 2246 2062 2330 Arme treibt, der alte Oberst, der einer firene.“
2042 2284 2322 2362 hans
975 2295 2014 2376 Idee wegen sein ganzes Regiment dem Tode
966 2354 2007 2417 weiht, und schließlich der junge Leutnant, der
964 2399 2008 2463 über die noch warme Leiche der seinetwegen
962 2441 2018 2520 niedergeknallten Oberstensfrau mit einer Anderen
965 2485 2014 2560 zur Liebesnacht eilt — das sind durchwegs De¬
959 2551 2013 2617 kadenzfiguren, die sich zu Trägern neuer ethischer!
976 2597 2017 2662 Grundsätze, wie der Dichter sie in herrlichen
963 2650 2017 2717 Poetenworten im letzten Akte verkünden läßt, ab¬
972 2699 2016 2768 solut nicht eignen. An solchen Zerrfiguren, an einer
971 2747 2010 2808 derart unlogisch und gequält erfundenen und
967 2792 2018 2874 fortgesponnenen Handlung, die übrigens mit
972 2839 2008 2914 dem zweiten Akte damatisch zu Ende ist, hätte
978 2892 2004 2953 der geniale englisch=irische Allerweltsspötter und
970 2941 2081 3008 Moral=Anarchist Shaw sein bizarres Sarkas=?
2009 2972 2074 3053 E
962 3000 2008 3057 musspiel (ähnlich wie in den „Helden“) getrieben,
965 3015 2084 3108 während Schnitzler auch da bitter=ernst genom=r#
963 3075 2086 3151 men werden will, wogegen aber Verstand und Ge=u
969 3127 2074 3210 fühl in uns sich ganz energisch auflehnen. Schadesn
969 3191 2074 3265 um einzelne Dialog=Schönheiten in dem — sagen!d
973 3237 2068 3301 wir — krankhaften Stücke, das übrigens zu is
957 3285 2088 3372 den schwächsten Werken des Autors, der aberlde
968 3319 2074 3417 auch dann noch interessant sein kann, wenn er d
969 3389 2020 3448 weit in die Irre geht, zählt. Die Aufführung
969 3435 2010 3512 stand unter einem günstigen Sterne. Neben der
965 3492 2016 3552 überaus sympathischen Benefiziantin (Marie), die
971 3534 2007 3596 mit allen Ehren und vielen duftigen Blumen¬
981 3578 2073 3657 spenden empfangen wurde, bemühten sich nochski
981 3634 2068 3693 die Damen Heinrich (Katharina), Welternir
978 3671 2060 3751 (Irene) und Hettler (Frau Richter) und die ld
973 3728 2014 3804 Herren Schramm (Max), v. Ritter (der
972 3779 2062 3848 alte Moser), Karma (Dr. Schindler, der „Graf fr
980 3829 2024 3893 Trast“ des Thesenstückes) und Winterberg
981 3877 2009 3944 um den schauspielerischen Erfolg des literarisch
975 3916 2021 3980 verlorenen Abends. Weniger glücklich war da¬
973 3972 1965 4046 gegen Herr Kapfer (Forstadjunkt Rainer).
1015 4045 2018 4149 Abschieds=Kindervorstellung im alten
904 4105 2040 4182 n Schauspielhaus. Nur noch kurze Zeit, wenige
