3436 4352
280 386 2048 506 19. Der Ruf des Lebens box 24/5
2332 300 3004 372 first act became tedious in the last.
2358 333 3030 394 The play has been ingenlously con¬
2318 362 3039 433 structed with a vagueness and softness
2314 406 3035 470 well suited to the theme. At the age of
2323 450 3040 521 79, old Moser, an lraseible, quarrelsome
2316 486 3042 550 Invalid, keeps bis young daughter, Marie,
2323 521 3044 598 constantly at bis side in unwilling at¬
2319 551 3058 643 tendlance whlle Iife calls to her from
2321 594 3058 662 outside. The particular life that calls
2320 644 3044 710 to her most earnestly Is that of Max,
2324 652 3089 745 Lieutenant of the Blue Culrassiers, i
2326 717 3073 781 Wile are on the point of leaving for!
2321 756 3059 827 battle. As it happens, the present march
2319 798 3047 855 into battle has more than the usual sig¬
2323 822 3064 909 nificance, for, to explate the cowardice
2325 861 3070 942 of ihe Blue Cuirassiers in conflict thir¬
2335 908 3072 968 1# Fears ago the Foung fellows of this
2342 943 3058 1006 #eration hage sworn that none of
2358 964 3069 1044 Tnom-shall return. Such bravery, it an¬
2336 1013 3111 1086 #en, will nernore iie blot on that regi¬r
2343 1056 3086 1120 ment’s scutcheon. Of the cowardly sol-
2340 1100 3077 1160 diers of thirty years ago the sole sur¬
2336 1139 3104 1196 vivor is this same misanthropic, oldst
2342 1173 3091 1245 Moser, who br his own confession was
2333 1220 3063 1279 the one who led that ignominous retreat.
2339 1235 3122 1314 And whlle he still elings to his useless |1
2332 1290 3101 1350 life preserved in this fashlon, the Blue!
2346 1317 3074 1396 Culrassiers ars already, marching to
2347 1371 3110 1438 their death. rie kilis him with as?
2347 1406 3107 1471 sleeping draft. Nevertheless, the Blue##
3001 1435 3107 1500 out
2341 1461 2636 1515 Cuirassiers die
3042 1486 3098 1543 6
2343 1500 2542 1555 saving th#
2352 1538 2471 1594 tain
2391 3835 2514 3878 gave
3017 3822 3097 3884 Alre.
2381 3865 2553 3904 Richter.
2952 3881 3103 3925 and anl¬
2383 3863 2689 3934 Mliss Alexander
2381 3886 3111 3968 mated. Nr. Chalmergs portrapal of
2384 3939 3109 3987 Dr. Schindler was mellow and gentlen
2382 3966 3121 4011 and in the part of Edward Rainer. Mr.
2374 3995 3113 4047 Dumbrille had the abundance and the
2388 4028 3110 4077 enthusiasm of the forester. Mr. Glynne
2389 4042 3124 4107 kept his capital performance of Max in
2642 4082 3110 4136 espirit of the play. And
2397 4104 2531 4141 tune „
2653 4115 3113 4156 acting scemed to weigh
2399 4127 2518 4168 althor
2660 4137 3114 4198 he performance in the last
2386 4164 2508 4206 heavi
2659 4177 3120 4220 en thoroughly disclplined,
2386 4191 2529 4238 act, it
2397 4207 3127 4262 and is far above the average of our
2634 4245 2717 4309 en
