3436 4320
278 236 1112 340 19. Der Ruf des
1098 236 1395 305 Lebens
1596 236 2036 330 box 24/1
1220 295 1426 338 —
1959 578 2325 652 Telephon 12801.
2081 674 2208 745 555
1459 712 2159 791 „SUSERVER
1266 771 2378 856 I. österr. behördl. konz. Unternehmen für Zeitungs-Ausschnitte
1452 844 2192 916 Wien, I., Concordiaplatz 4.
1677 904 1987 963 Vertretungen
1273 940 2387 995 in Berlin, Budapest, Chicago, Christiania, Geuf, Kopenhagen,
1274 1011 2380 1051 London, Madrid, Mailand, Minneapolis, New-York, Paris, Rom,
1439 1030 2214 1089 San Francisco, Stockholm, St. Petersburg.
1617 1074 2040 1130 (Oeallenangabe ehne Gewähr.)
1277 1150 1694 1237 Ausschnitt aus:
1752 1115 2437 1293 Noscarlache „geteg
1282 1249 1422 1316 vom:
1409 1259 1749 1363 W
1876 1267 2260 1422 Ma. Madle
2257 1445 2388 1531 12
1535 1518 2207 1625 „Der Ruf des Lebens.“
1373 1585 1609 1668 B. Gewiß,
1663 1614 2492 1681 Der Ruf des Lebens, Schauspiel in
1276 1645 2487 1727 drei Akten von Arthur Schw#ter und zum ersten Male
1292 1706 2495 1778 am Se mabend im LessingeTye#ter gegeben hat seine
1293 1739 2490 1835 mancherlei Mängel. Und wohlweise Herrschaften werden
1281 1786 2479 1863 kommen und dem Stücke mindestens ein Dutzend Fehler an¬
1283 1830 2487 1905 streichen. Daß seine Handlung (wenigstens zwei Akte lang)
1287 1873 2481 1947 gar gröblich sei (einmal wird vergiftet, dann mit der Pistole
1286 1928 2482 1989 geknallt, und jeder Akt hat je seine Leiche); daß es „konstruier!“
1291 1955 2490 2039 scheine (das beliebte Wörtlein, das überall da zur Hand
1284 2002 2483 2078 ist wo man das „von innen heraus“ vermissen zu müssen
1276 2025 2483 2102 meint); daß es schon etliche Vorbilder für diese Auf¬
1272 2073 2479 2165 des=Messero= Schneide =Konflikte gebe; daß trotz aller
1282 2145 2488 2212 Ereignisfülle doch wieder stellenweise viel zu viel geredet
1271 2184 2491 2259 werde; und so weiter. Wir indessen, die wir zu den allen
1278 2225 2489 2304 Philistern gehören, welche im Drama immer noch Tat und
1282 2274 2485 2323 Geschehen wollen, fühlten es wie eine Erfrischung, diese anti¬
1275 2318 2484 2384 quierten Forderungen wieder einmal reichlich erfullt zu sehen
1272 2360 2480 2432 und nach dem kommentarhungrigen und hundert Deutungen
1280 2401 2485 2473 fähigen „Glashüttenmärchen“ zwei Akte von Fleisch und Bein
1271 2461 2477 2518 zu erleben, denen allerdings ein dritter mit desto breiterer
1283 2490 2480 2559 Redseligkeit und dem berühmten non liquet folgte. Als ob ein
1270 2531 2478 2611 Weinmacher, dem sein Tropfen gut geraten ist, glaube, nun
1265 2590 2402 2648 gerade einen tüchtigen Schuß Wasser zusetzen zu müssen..
1355 2624 2477 2684 Das Thema „Ruf des Lebens“ wird so augenfällig ab¬
1277 2650 2474 2738 gehandelt, daß man seine Variationen mit erstens, zweitens,
1265 2702 2476 2780 drittens aussagen kann. Erstens: der Rittmeister einer
1261 2752 2472 2827 Schwadron der österreichischen „blauen Kürassiere“ steht in
1264 2789 2480 2867 irgend einer Schlacht (da der Dichter die Zeit nicht genauer
1267 2847 2463 2913 umschreibt, hat es auch keinen Zweck, erst im Geschichtsbuche
1264 2877 2479 2951 nachzusehen, welche Schlacht gemeint ist; übrigens tut der Name
1270 2932 2473 3009 auch nichts zur Sache) auf einem höchst exponierten Posten
1262 2979 2475 3045 viele Stunden lang. Da packt ihn jählings so etwas wie
1271 3014 2473 3087 Todesfurcht oder Lebensdrang. Er wirft sein Pferd herum
1262 3062 2479 3132 und reißt die Schwadron mit zur Flucht. Die Bataille
1266 3098 2476 3178 wird durch diese Handlung verloren. Und Schmach haftet an
1255 3138 2472 3219 der Fahne der „blauen Kürassiere". Zweitens (und hier
1252 3194 2468 3260 beginnt das Schnitzlersche Drama): der Rittmeister ist ein
1261 3229 2477 3307 alter, unheilbar kranker Mann geworden, ein zänkischer,
1254 3273 2471 3342 ekliger, tyrannischer Kerl, der seine einzige, ihn hingebend
1268 3316 2472 3395 pflegende Tochter Marie (seine Frau ist tot) schikaniert und
1262 3362 2468 3439 quält bis aufs Blut. Das Mädchen aber will leben und ist
1260 3413 2468 3475 genau so wie ihre Base Katharina bereit, dem „Ruf des
1260 3450 2471 3534 Lebens“ besinnungslos zu folgen. Beide sind in Leutnants
1251 3492 2463 3579 der „blauen Kürassiere“ verliebt. Nun ist aber wieder Krieg,
1258 3553 2455 3615 und das Regiment hat sich entschlossen, jene um
1256 3587 1946 3640 dreißig Jahre zurückliegende
1955 3586 2460 3648 Schande abzuwaschen,
1250 3616 1417 3671 indem
1464 3634 2362 3696 sich in einer bevorstehenden Schlacht
1244 3665 1736 3719 preisgeben will, daß
1820 3680 2455 3741 gänzlich aufgerieben werden
1254 3714 2453 3771 muß. In der Frühe soll man ausrücken. Marie, die
1242 3756 2449 3826 vorher einen sich ernstlich um sie bewerbenden Forst¬
1250 3793 2450 3870 adjunkten ausgeschlagen hat, tut eine verzweifelte Tat,
1249 3843 2452 3912 frei zu werden. Sie reicht dem Vater, von dem sie eben ver¬
1243 3894 2452 3954 nommen, daß er vor dreißig Jahren jene schmähliche Retirade
1241 3932 2447 3992 veranlaßt hat, ein Schlafmittel in so starker Dosis, daß der
1240 3976 2449 4042 Kranke gleich tot hinfällt. Dann stürzt sie fort, ihrem Leut¬
1247 4022 2459 4100 nant in die Arme. „Es lebe das Leben!“ Drittens: eben¬
1237 4054 2451 4115 derselbe Leutnant hat ein Liebesverhältnis mit der jungen
1236 4108 2443 4163 Frau seines nicht mehr ganz jungen Obersten. Also
