3248 4352
1110 227 1151 296 I
294 227 1448 340 19. Der Ruf des  Lebens
1610 210 2051 305 box 24/4
1996 1583 2390 1694 Telephon 12.801.
1503 1708 2150 1885 „OBSERVER“
1307 1795 1440 1869 n
1294 1818 2395 1951 # österr. behördl. konz. Unternehmen für Zeitungs-Ausschnitte
1438 1887 2276 2013 Wien, I., Concordiaplatz 4.
1633 1983 2071 2060 Vertretungen
1311 2004 2399 2140 in Berlin, Budapest, Chicago, Christiania, Genf, Kopen¬
1310 2054 2417 2166 hagen, London, Madrid, Mailand, Minneapolis, New-Vork,
1363 2095 2362 2204 Paris, Rom, San Francisco, Stockholm, St. Petersburg.
1651 2155 2083 2239 (Quellenangebe ehne Gewähr).
1721 2180 2520 2275 Rheinische Musik- u. Theater¬
1308 2230 1719 2331 Ausschnitt aus:
1838 2251 2412 2353 Zeitung Köln a/Rh.
1326 2317 1889 2449 MAT
1268 2401 2151 2520 hieg über die tirenze züruckgeiunn Weiden.
1358 2406 2486 2526 Als Neuheit im Schauspiel wirkte Der Ruf des
1274 2453 2487 2562 Eebens von ASchnitzier nur als krankhafte Nerven¬
1276 2505 2497 2612 kunst. Der Gravon Wilhelm Schmidt-
1290 2536 2496 2649 honn erhob sich am Schluß, der von dem Titeldarsteller
1282 2590 2500 2691 Franzbudwig groß herausgeholt wurde, #rtragischer Größe
1285 2622 2493 2727 durch die wuchtige Anklage, das stolze Aufbäumen gegen
1295 2666 2497 2764 blinde Schieksalsmächte, unter deren Schläge der moderne
1296 2698 2504 2799 Mensch sich wohl als gänzlich hilflos erkennt, und dennoch
1289 2742 2505 2844 erst recht vorwärts schreitel. „Es reitet sich gut durch die
1291 2808 2098 2894 Welt“, wenn man nichts mehr erwartet.
