3436 4352
812 216 886 286 d
1018 224 1131 286 Le
1497 211 1960 318 box 24/3
186 216 1359 321 19. Der Ruf esbens
884 1480 929 1525 —
1640 1443 3203 1545 . 1. k, duß es zu ; vec kam es zu heftigen Auseinandersetzungen zwischen
108 1563 1048 1616 estollheit realistische Wirkungen zu ziehen, und er¬
1049 1565 2125 1629 bach dem Theatep in der Josefstadt ein Retter aus großer
2123 1572 3194 1638 sättigung mit Pikanterie, die diesen Erfolg erklärt. Der
108 1610 1040 1665 afür märchenhaft ergreifende. Und die Wirklichkeit
1049 1615 2120 1682 Verlegenheit, wie es einst Anzengeu“ dem Theater an
130 1662 1038 1726 umschaffend anstatt unzulänglich nachahmend
1049 1657 2130 1722 der Wien geworden ist. Seine harmlose Komödie „Baron
2127 1672 3193 1736 einen mit zu stark gewürzten Speisen und Getränken
108 1711 1043 1752 sich auch der dekorative Rahmen, die hochgelegene
1046 1701 2115 1774 Liederlich“ erzielte dort Sonnabend einen unbestrittenen
2128 1717 2958 1775 verdorbenen Magen ist und bleibt die Diät.
110 1749 1038 1827 sube, das muffige Kaserneninnere, die blühende
1050 1762 2123 1829 Erfolg, und wenn die Zeichen nicht trügen, wird dieser
2218 1752 3180 1822 Es wäre aber ungerecht, wollte man nicht hinzu¬
111 1799 416 1875 waldlandschaft.
1071 1807 1648 1866 Erfolg auch ein dauernder sein.
2125 1809 3189 1880 fügen, daß Schrottenbach über nicht von der Hand zu
1148 1858 2106 1920 Heinrich Schrottenbach ist kein Anzengruber. Er
2124 1861 3190 1924 weisende Mittel verfügt, die Diät so angenehm wie
110 1868 1047 1960 Ketzt, wo unsere Wiener Volksschauspieler versprengt
1048 1907 2114 1969 bringt keine neuen Ideen auf die Bühne, sondern bewegt
2129 1912 3198 1972 möglich zu machen. Er hal einen gesunden Mutterwitz,
111 1948 1043 2011 rsplittert sind, scheint das Volksstück wieder in Ehren
1052 1945 2123 2016 sich nur im Stoffkreise Adolf L'Arronges, in dem in ner
2123 1955 3184 2024 der den Dialog drastisch belebt; er versteht, wirksame
142 1993 1050 2050 zu wollen, und gerade dort, wo man es am
1056 1995 2120 2066 irgendwer gebessert wird: entweder ungeratene Kinder oder
2132 2007 3189 2071 Szenen herbeizuführen und gute Rollen zu schreiben.
109 2034 1041 2104 en vermutet hätte. Genau so, wie vor vierzig Jahren,
1059 2052 2118 2105 verblendete Eltern. Müßiggang und Arbeitslust, Adelsstolz
2125 2064 3184 2118 Jeder Darsteller hat eine kleine oder größere Bravour¬
95 2097 1045 2152 ich mehreren=Operettenmißerfolgen dem Theater an
1054 2101 2116 2153 und Bürgertugend bilden auch bei Schrottenbach die
2130 2096 3201 2162 arie zu sprechen, und wo der Edelmut anno Marlitt
109 2143 1039 2198 ien in Anzengrubers „Pfarrer von Kirchfeld“ un¬
1054 2149 2123 2204 Gegensätze, die durch allerhand Prüfungen zum Ausgleich
2127 2152 3198 2205 Oberhand zu gewinnen droht, stellt sich flugs ein humori¬
114 2194 1047 2250 st ein Retter aus der Not erstand. Was die Franzosen
2126 2200 3197 2272 stisches Kontrastbild ein, das die süßliche Sentimentalität
114 2242 1049 2299 letzten Jahren auf der Josefstädter Bühne trieben,
1057 2238 2119 2307 mit seinem Hang zum Wohlleben auf die abschüssige Bahn
2129 2242 3190 2309 paralysiert. Zudem wird das Stück in seinen
119 2280 1049 2347 nur mehr Clownspässe, die vom Zirkus ins Boudoir
1048 2288 2119 2353 fauler Geschäfte geraten ist, steht im Mittelpunkt der
2119 2302 3196 2366 Hauptrollen vorzüglich gespielt. Herr Jarno bringt
118 2333 1051 2394 ins Stundenhotel herübergenommen wurden,
1048 2341 2115 2407 Handlung. Er wird in seinem Hang durch den Hoch¬
2126 2331 3188 2396 für den Baron Liederlich aus seinem Geburts¬
107 2385 1047 2442 der Pikanterie neuen Sauerstoff zuzuführen.
1055 2381 2111 2439 mut seiner zweiten Frau und ihrer Kinder unter¬
2128 2387 3190 2441 lande die Kenntnis und Beherrschung der madjarisch¬
104 2427 1049 2489 und oft wurde es in diesen Blättern aus¬
1052 2438 2115 2503 stützt. Aus der Art geschlagen ist nur die Tochter
2121 2427 3197 2489 deutschen Mundart mit und er besitzt aus dem französi¬
110 2479 1040 2536 hen, daß eine Fortentwicklung der französischen
1043 2484 2120 2543 aus erster Ehe. Sie wird im Haus als Aschen¬
2128 2486 3202 2561 schen Gesellschaftsstück die Uebung, immer elegant zu
114 2529 1042 2591 ktechnik in der Richtung ungeniertester Ausbeutung
1051 2534 2120 2596 brödel behandelt, und da man es mit ihr zu arg treibt,
2133 2526 3200 2606 bleiben und weder im Zorn brutal, noch im Rührseligen
113 2581 1050 2635 mischen Möglichkeiten im Verkehr der Geschlechter
1060 2579 2116 2643 verläßt sie das Elternheim, um bei einem reichen Amerikaner
2130 2588 3195 2647 weinerlich zu werden. Und Frau Niese kann wieder
109 2629 1049 2681 ehr denkbar ist, und es mehrten sich die Leute, die
1053 2627 2116 2689 als Köchin in Dienst zu treten. Aus dem Dienstverhältnis
2127 2638 3196 2690 einmal sich selber spielen. Sie darf weinen und lachen,
113 2677 1045 2741 saus dem schmerzhaft konvulsivischen Gelächter,
1058 2683 2114 2737 wird ein Liebesverhältnis, das zur Hochzeit führt, und die
2121 2684 3200 2744 dumm sein und klug sein und hat reichlich Gelegenheit,
108 2719 1048 2788 k Josefstädter Theater durch Jahre in Permanenz
1047 2736 2114 2788 brave Tochter reißt durch ihr Beispiel und mit Hilfe der
2128 2731 3197 2781 ihren Mitspielern das Wilde herunterzuräumen. Neben
109 2773 1044 2835 in Mene Tekel heraushörten, das gerade von denen,
1056 2775 2110 2834 Millionen ihres überseeischen Mannes schließlich Eltern
2130 2777 3187 2840 Herrn Jarno und Frau Niese rückte sich Herr Traeger
104 2823 1050 2892 zumeist anging, unbeachtet blieb. Es mußte auch
1061 2821 2117 2885 und Geschwister aus dem Luder= und Lumpenleben zu
2122 2832 3191 2886 mit der derb, breit, innig und mannhaft gespielten Rolle
109 2868 1051 2920 er „Floh im Ohr“ versagen, auf den Direktor Jarno
1055 2863 2114 2943 einem nützlicheren Dasein heraus. Man wundert sich, daß
2121 2872 3193 2934 des Amerikaners in die erste Linie des Josefstädters
112 2917 1045 2985 etzte Hoffnung gesetzt hatte, bis er endlich mit der
1054 2920 2118 2985 mit solchen Motiven heute nochkein Erfolg zu erringen
2132 2917 3183 2994 Ensembles. Mit den Darstellern wurde auch der Ver¬
109 2962 1044 3021 tnis, daß es so nicht weiter gehe, vor der bangen
1049 2972 2123 3019 ist, und gar im Josefstädter Theater, wo man an andere
2137 2973 3206 3055 fasser des Stückes oft und lebhaft vor die Rampe gerufen.
121 3014 2123 3078 stand: Was nun? So wurde Heinrich Schrotten=] Kost gewöhnt ist. Aber vielleicht ist es gerade die Ueber¬
