3484 4256
240 249 2041 350 19. Der Ruf des Lebens box 24/3
1136 1514 3254 1582 liebsten Arme zu werfen und ihres verkümmerten] Biedermeierstil — mit lyrischen Ausblicken. Alles
506 1510 1136 1602 Nachbruck nur mit Quellenangabe gestattet.
1147 1554 3251 1625 jungen Lebens in Sünden und Wonnen froh zuwunderschön bereit, eine süße Braut und ein junges
1147 1612 1335 1678 werden.
2191 1610 3252 1694 Glück zu empfangen. Aber der Alte mag nicht sterben,
379 1577 857 1713 Feuilleton.
153 1614 290 1718 O
1174 1645 2205 1733 Und draußen galoppieren stramm und schweigsam
2188 1663 3252 1745 läßt sich ungebührlich Zeit und gibt lebend die Marie
1137 1709 2195 1787 die blauen Kürassiere in ihren ganz nahen und ganz
2199 1717 3263 1798 nicht frei, durchaus nicht, weil er doch jemand um sich
1150 1763 2201 1828 gewissen Tod hinein. Der Hufschlag ihrer Gäule klap¬
2188 1758 3252 1830 haben muß, der ihn pflegt und den er dafür quält.
440 1750 864 1859 Theater. 7
1152 1816 2199 1891 pert über das Straßenpflaster, verliert sich — Perspek¬
2197 1820 3244 1889 Aber gäb' er sie auch hin, die Murie nähme den Grün¬
145 1819 1151 1911 rutsches Volkstheater: „Der Ruf des Lebens“,
1144 1859 2195 1942 tive des Ohrs! — in verhallender Ferne... Trom¬
2195 1869 3256 1936 frack doch nicht mehr, denn sie hat ihr begehrliches Herz
155 1901 1144 1971 hauspiel in drei Akten von Artur Schnitzler. Zum
1144 1912 2106 1984 petensignale dazwischen, erst lanter, dann leiser...
2200 1926 3260 1990 an einen jungen Offizier gehängt, an einen von den
170 1952 1098 2028 ersten Male aufgeführt in Wien am 11. Dezember.
1181 1961 2194 2026 Ein Blick in eine Altwiene. Krankenstube, in eine
2196 1973 3261 2036 blauen Kürassieren, mit dem sie eine Nacht toll ver¬
137 1985 1146 2070 Ein seltsam kurzweiliges Spiel, vom Leben und vom
1152 1987 2189 2078 von 1850 etwa. Der Vater, vordem Rittmeister, ist
2186 2022 3254 2093 tanzt hat. Sie nimmt auch den braven Herrn Doktor
139 2056 1156 2114 #de ein vieldeutig dunkles Puppenspiel. Kommt
1151 2064 2192 2133 79 alt, kann nicht leben und sterben, nur noch
2200 2074 3254 2152 nicht, den humanen Arzt mit edler Weltanschauung,
135 2110 1145 2174 ich nach dem „Tapferen Cassian“, der für Mario¬
1142 2107 2199 2183 schimpfen und schelten. Er ist die leibhaftige Bosheit
2198 2123 3256 2196 der von abgeklärten milden Lebenseinsichten bis zum
150 2144 1153 2228 tten geschrieben ist. Die ganz großen Gebärden, da
1154 2170 2188 2228 im Schlafrock. Eine ihn langsam aufzehrende Krank¬
2196 2166 3257 2260 Überfließen voll ist, und nach dem sie nur das weiße
151 2211 1147 2265 e dort, so furchtbar steif, das Pathetische eckig und
1147 2212 2191 2272 heit hat alle Tücke, alles Gift seiner niedrigen Natur
2188 2224 2789 2288 Händchen auszustrecken hätte.
139 2261 1148 2325 kig, stoß und ruckweis. Es hätte auch eine rüh¬
1141 2266 2195 2324 aus ihm herauskristallisiert. Wie der alte Mann seine
2231 2274 3255 2346 Das zierliche Bäschen Katharina ist die Tochter der
150 2315 1145 2380 nde „Muritat“= und Schrumm=Schrumm=Ballade
1143 2308 2197 2382 Tochter, die Marie, deren Großvater er sein könnte,
2197 2320 3258 2398 guten alten Tante Toni, mit der befransten Um¬
158 2357 1140 2424 aus werden können, auf dem Jahrmarkt zu sin¬
1151 2363 2191 2429 denn sie ist 26, quält mit Worten und Werken, das
2199 2377 3261 2451 hänge=Seidenmantille, ihre Jüngste, die ihr einzig
150 2409 1146 2475 n und zu zupfen, und einer schlägt mit dem Stöck¬
1153 2417 2193 2478 ist ganz aus der Weis'. Sie wacht an seinem Lager
2196 2423 3257 2509 übrig verbliebene von drei „Schwestern Fröhlich“. Sie
138 2448 1144 2524 n immer auf die Bilder hin, wie sie zu den Strophen
1140 2466 2191 2552 mit einem stillen, heißen Haß im Herzen, sie hat sich
2192 2472 3256 2541 müssen alle an der Schwindsucht dahinsterben, sie wer¬
1140 2514 2203 2586 einen eigenen liebreichen Ingrimm zurechtgelegt, sie
149 2519 1145 2587 hören. Es läßt sich auch so mancherlei Tiefsinn,
2195 2521 3262 2600 den nicht älter als höchstens einundzwanzig. Kathi
139 2548 1145 2630 Enn man die Zeit dazu hat, hineinlegen und heraus¬
1150 2565 2197 2620 duldet wortlos, und sie sehnt sich nach dem Leben, sie
2190 2564 3257 2635 sieht somit nur noch drei Jahre Lebens vor sich. Die
153 2619 1145 2684 len. Es liegen so viel abgerissene Fäden herum, die
1146 2603 2197 2685 fühlt sich welken und immer böser und giftiger wer¬
2189 2623 3254 2705 will sie denn, liebesnaschhaft wie sie ist, auf ihre leicht¬
172 2665 1144 2720 bequem zusammenknüpfen lassen. Ein Puppen¬
1145 2676 3253 2751 den, neben dem bösen, giftigen Alten. In ihr ge= sinnige Art ausnützen. Sie ist in einen jungen Offi¬
1145 2711 2196 2777 heimstes weibliches Empfinden dringt er ein mit rohen
136 2718 1142 2786 ick ist es, das von Memmen und Helden handelt,
2190 2722 3248 2806 zier verschossen — auch einer von den blauen Küras.
207 2764 1152 2838 großartigen Jünglingen, die das Dasein und
1146 2771 2196 2832 und häßlichen Reden, weidet sich teuflisch an ihrer
2190 2776 3255 2865 sieren. Sie „hat etwas“ mit ihm und etwas ganz
1147 2824 2201 2885 errötenden, verstummenden, empörten Abwehr. Und
136 2808 1145 2873 e Lust des Lebens gern von sich abwerfen als ein
2184 2820 2451 2889 Ernsthaftes.
1153 2870 2200 2928 jetzt kommt die Novelle. Ein ganzer Novellenkranz
145 2866 1144 2928 ertloses, und von einem gierigen Greise, der sich
2227 2848 3254 2947 Die blauen Kürassiere sind alle dem Tode geweiht,
152 2921 1148 2986 gsterfüllt an ein verächtliches Leben anklammert, das
1138 2915 2199 2986 wird ins Puppenspiel eingeflochten, das Feinste ins
2195 2925 3253 3007 alle. Es umrauscht sie ein volksliedhafter, romantischer
148 2971 1144 3029 ch längst keines mehr für ihn ist, weil er vor dreißig
1152 2970 2196 3037 Derbste verwoben. Die Marie war mit einem braven
2197 2974 3250 3045 Klang. Des Knaben Wunderhorn bläst ihnen zum
150 3018 1156 3073 ahren an einer feigen Tat unselig verstorben. Ein
1140 3014 2194 3094 Forstadjunkten, Brakenburg im grünen Jägerfrack,
2189 3021 3257 3096 letzten Ritt. Gleich nach den blauen Husaren kommen
142 3062 1152 3124 heaterstück von einem jungen Mädchen, das dem
1142 3072 2196 3133 nahezu verlobt, der von ihrem munteren Bäschen Ka¬
2187 3070 3255 3161 sie, die auch zum Tore hinausreiten auf Nimmerwieder¬
501 3110 962 3181 Schrumm=Schrumm!“
145 3113 439 3186 enen Vater
1026 3120 1161 3177 den
1144 3119 2187 3184 tharina zu ihr abschwenkte. Nun wäre das Männlein
2189 3129 3257 3210 kehr, und denen betränte Mädchenblicke sehnsüchtig
153 3178 2189 3239 igen Schlaf in den Abendtrunk träufelt, nur um in eine Stellung gelangt, daß es ans Heiraten denken
2197 3176 3258 3272 nachfolgen durch die Gelbveigeleinstöcke an den Erker¬
161 3213 2924 3305 für weniger Stunden Seligkeit in ihres Herzaller= könnte. Oberförsterei in steirischen Waldgründen — imfensterlein mit den Butzenscheiben...
