3484 4256
1137 182 1322 252 ebe
1571 175 2031 278 box 24/4
268 189 1426 287 19. Der Ruf desMnuns
1797 947 2681 1063 Gelozag in gelade durch diese Neitertruppe
1705 1002 2654 1110 die allgemeine Flucht veranlaßt und dadurch
1715 1068 2659 1146 eine Schlacht verloren worden. Um der Fahne
1705 1116 2656 1186 die Ehre wieder zu geben, verschwören sich die
1709 1150 2667 1254 Offiziere, den Tod zu suchen. Davon erfährt
1704 1209 2658 1303 die Tochter und glaubt sich nun um das einzige
1697 1260 2659 1357 Glück betrogen, das ihr erlebenswert erscheint.
1711 1292 2656 1372 Sie faßt den Eutschluß, ihr Glück nicht fahren
1705 1353 2650 1429 zu lassen, und um sich dem Geliebten hingeben
1704 1404 2654 1466 zu können, tötet sie ihren Vater dadurch, daß
1699 1456 2656 1520 sie ihm von einem Schlafmittel „für 1000
1699 1484 2654 1574 Nächte“ ins Glas mischt. Der Vater stirbt,
1701 1534 2650 1624 und die Tochter befriedigt ihr geradezu krank¬
1698 1583 2652 1673 haftes Gelüst. Sie nennt das recht phrasen¬
1707 1635 2655 1732 haft: das Leben hat mich gerufen! Das erhoffte
1701 1677 2654 1758 Glück findet sie damit natürlich nicht. Der einen
1705 1733 2642 1808 Stunde der Seligkeit folgt die Neue, die ihr
1705 1779 2648 1862 weiteres Leben zerstört. Neben dieser Haupt¬
843 1783 1635 1896 Premer Stadttheater.
1700 1815 2640 1917 handlung läuft eine ganze Reihe von Episoden,
751 1848 944 1944 2#17
967 1861 1683 1949 *) Der Ruf des Lebens. 7 5400#
1702 1868 2638 1955 die mit ihr nur äußerlich verknüpft sind, aber
1695 1927 2639 2003 auch ihre Opfer an Toten und Sterbenden ver¬
878 1914 1651 2027 Schauspiel von Arthur Schuitzler“
1708 1968 2625 2057 langen. Aber all diese Qualen können gleich¬
823 1965 1679 2065 Schnitzler ist sozusagen der Stimmungs¬
1698 2012 2636 2106 wohl nicht seelisch erschüttern, weil hinter
757 2011 1697 2123 dramatiker. An allem, was er bisher geschaf¬
1697 2059 2638 2143 ihnen allzu viel und allzu sichtlich verstimmende
748 2090 1695 2156 sen, interessiert weniger die Handlung oder die
1698 2109 2629 2196 Absicht steht. Es sind gesucht verzwickte seelische
750 2152 2625 2239 Charakteristik, als gerade die meisterhafte Artl Probleme, die mit seiner Hülfe taschenspiele¬
760 2193 2628 2287 und Weise, wie er die Umgebung, in der sich risch bald unter diese, bald unter jene, immer
752 2218 2630 2341 seine Personen bewegen, aus der heraus sie aber gewollt iheatralisch wirkungsvolle Be¬
747 2280 2661 2374 gewissermaßen bedingt sind, zu schildern weiß leuchtung gestellt werden. Die Charakteristik!!
756 2332 2631 2408 Und in dieser besonderen Hinsicht ist auch „Derl kann nicht befriedigen, weil sie an Theaterfigu¬
749 2372 2626 2464 Ruf des Lebens“ ein aller Anerkennung wür¬ ren verschwendet ist, die nie gelebt haben und
750 2416 2629 2535 diges Werk. Die Handlung dagegen geht von nie leben werden. Alles in allem hinterläßt
751 2464 2614 2582 völlig unglaubhaften Voraussetzungen aus, das Stück den Eindruck eines verfehlten psycho¬
747 2507 1680 2600 die einzig und offensichtlich zu dem Zwecke künst¬
1682 2537 2152 2611 logischen Experiments.
748 2557 1688 2645 lich konstruiert erscheinen, um eben ein im
1735 2600 2628 2669 Mit der Aufführung der Novität konnte
738 2614 1684 2702 gröbsten Sinne möglichst spannendes Theater¬
1689 2624 2615 2719 man im großen und ganzen zufrieden sein.
742 2658 1436 2737 stück zustande bringen zu können.
1686 2681 2612 2771 Vortreffliche Leistungen boten namentlich Mi¬
795 2709 2620 2818 Die Tochter eines todkranken und doch zu=schael Is ilovits als der alte Egoist und
742 2731 2623 2853 gleich unendlich lebenshungrigen Egoisten Margate Conrad als dessen Tochter.
744 2811 2598 2904 wird von diesem um ihr junges Leben geprellt, Demgegenuber war der Forstadjunkt von Al¬
738 2844 2611 2948 indem er sie jahrelang mit eifersüchtiger Hart=sbert Kehm der doch ein Naturbursche sein
726 2905 2614 3008 näckigkeit an sein Krankenbett gefesselt hält. sollte, entsetzlich verkünstelt. Die Ausstattung
733 2952 1672 3033 Da darf sie einmal einen Ball besuchen, auf
1674 2983 2512 3062 muß als geschmackvoll anerkannt werden.
735 2993 1680 3090 dem sie einen Kürassierleutnant kennen lernt,
2373 3035 2541 3093 G. P.
722 3040 1671 3109 dem ihr ganzes — animalisches — Wesen ent¬
726 3092 1681 3168 gegen schreit. Er hat sie zu einem Stelldichein
736 3142 1680 3238 jebeten, das sie, von ihrem Vater zurückgehal¬
731 3197 1680 3263 en, versäumt. Kurz darauf gibt es Krieg,
738 3237 1685 3324 ind das betreffende Regiment geht in ihm dem
734 3271 1682 3369 cheren Untergang entgegen, denn es gilt,
735 3332 1700 3429 ine alte Schmach zu fühnen. In einem frühe¬
