3436 4384
311 224 2091 340 19. Der Ruf des Lebens box 24/2
1586 1360 2739 1424 liegen Vatermord und sündige Leidenschaft. Aber das Leben
1595 1407 2731 1464 geht auch daran vorüber. Mit jedem Morgen erneut sich die
500 1293 1311 1500 9 Teutileton.
1589 1444 2739 1501 Sonne, die Knospe öffnet sich zur Blume, die müden Glieder
1594 1478 2739 1538 des schlafrufenden Abends hat der junge Tag erfrischt. So gibt
1596 1522 2729 1578 es einen andern Ruf des Lebens, der nichts von aufbegehrender
1585 1556 2738 1616 Leidenschaft weiß, und der vielleicht stärker ist, da er unmerk¬
581 1471 1454 1655 Berliner Theater.
1586 1600 2728 1655 lich lockt. Auch Marie erfährt dies neue Werben des Lebens.
1581 1636 2731 1708 So klingt nach wildem Leidenschaftshymnus Schnitzlers Drama
406 1622 1568 1701 (Lessingtheater: „Der Ruf des Lebens“. Schauspiel in 3 Akten von Arthur
1579 1669 2151 1723 in sänftigenden Akkorden aus.
889 1668 1099 1748 Schnitzler.)
1643 1697 2739 1774 Oder es war wenigstens so gedacht. Denn es ist wohl offen¬
1119 1700 1534 1789 Berlin, 25. Februar.
1581 1745 2743 1813 bar, daß sich Schnitzler mit solchem Ausgang von neuem in
473 1757 1574 1824 Blickt ein Lebendes in den Spiegel des Todes, so krampfen
1588 1789 2739 1843 seinen alten Fehler verloren hat, das Dramatische ins Epische
404 1802 1572 1869 sich die Nerven zusammen, das Blut kreist wilder, und — wie ein
1580 1819 2734 1886 hinüberzukeiten. Was die Zeit als Zeit an guten Gaben in
425 1838 1572 1914 Tier, das sich vom übermächtigen Gegner nicht beschleichen lassen
1591 1866 2738 1917 ihrem Schoße birgt, kann für das Drama nicht verwertet wer¬
411 1881 1572 1934 will — setzt es zum verwegenen Sprunge an, hinein in den Ab¬
1590 1906 2729 1968 den. Wenn Schnitzler es trotzdem versucht, so greift er damit
411 1924 1578 1970 grund von Verbrechen, Leidenschaft und Lust. Es ist das alte
1580 1947 2725 2007 in den Roman hinüber, er erscheint doktrinär, weil das drama¬
425 1960 1576 2045 Thema des „Schleiers der Beatrice“, das Arthur Scmen
1572 1987 2733 2041 Etische Ausdrucksmittel fehlt. Doch ist das leioer nicht der
419 2003 1581 2062 in seinem neuen Schauspiel „Der Ruf des Lebens“ wieder
1580 2010 2727 2080 schwerste Vorwurf, den man gegen den „Ruf des Lebens“ er¬
421 2047 1566 2109 angegriffen hat. Er hat ihm neue Seiten abgewonnen, er hat
1582 2056 2738 2111 heben muß. Auch in dem eigentlich Dramatischen, in diesen
412 2084 1565 2144 gedanklich wundersame Fernblicke erschlossen, er ist als Dra¬
1585 2099 2738 2159 handlungsstarken Eingangsakten, hat er die Wirkung, die er¬
420 2119 1087 2184 'matiker daran gescheitert.
1582 2141 2733 2196 reicht werden mußte, nicht erzielt. Er hat nicht von innen
478 2151 1562 2219 Vor dreißig Jahren haben die blauen Kürassiere ihren
1579 2172 2724 2238 heraus gestaltet, er hat die Handlung nicht in folgerichtiger
404 2183 1572 2256 Posten in der Schlacht nicht gehalten, in wilder Flucht haben sie
1589 2215 2719 2275 Gradlinigkeit aufgebaut, er hat seiner komplizierenden Art
407 2231 1572 2306 das Feld geräumt. Jetzt, da die Kriegstrompete wieder ruft,
1574 2254 2724 2321 nach nebeneinander geschichtet. Er motiviert, ich möchte sagen,
483 2282 1567 2347 wir stehen um die Mitte des 19. Jahrhunderts — hat der
1582 2288 2724 2359 rein aceidentell. Wie kommt Marie zur Ausführung des furcht¬
407 2301 1560 2383 Oberst des Regiments die Losung ausgegeben, es gelte die be¬
1583 2333 2730 2389 baren Gedankens, dem Vater das Gift zu reichen? Durch
402 2364 1561 2421 schmutzte Fahne reinzuwaschen mit Blut, der Tod müsse das
1581 2371 2730 2437 Anlässe, nicht aus innerem Kampf heraus. Der Arzt, der
419 2401 1572 2461 Feldgeschrei des ganzen Regiments, eines jeden einzelnen Rei¬
1578 2405 2731 2474 täglich bei ihnen ein= und ausgeht, hat ihr dies letzte Rettungs¬
413 2423 1563 2490 ters werden. Zum Todesritt reiten die blauen Kitrassiere aus.
1576 2456 2726 2503 mittel nahegelegt. Eine schwindsüchtige Freundin, die den
465 2483 1566 2543 Die Tochter des Mannes, der damals vor dreißig Jahren in
1574 2483 2721 2548 nahen Tod vor Augen (das Hauptmotiv klingt wieder an) ihr
411 2505 1570 2577 feigem Entsetzen das Signal zur Flucht gegeben, liebt einen
1582 2526 2732 2564 Leben durstend ausgenießt, gibt durch ihr bloßes Dasein
424 2547 1565 2594 der todgeweihten Offiziere. Aber ihr wird keine Gelegenheit,
1575 2558 2722 2622 Maries geheimem Wunsch den Willen zur Tat. Aber das sind
415 2587 1565 2643 ihn zu sehen, zu sprechen. Ihr Vater, mit dem Leben und mit
1574 2600 2724 2666 doch eben nur Schneebälle, die im Drama den Niedergang einer
400 2624 1558 2692 sich selbst zerfallen, von tödlicher Krankheit umgarnt, hält sie
1582 2647 2727 2703 Lawine nicht ohne weiteres rechtfertigen können. Und am
416 2664 1567 2724 in argwöhnischer, selbstsüchtiger Haft. Er quält sie bis aufs
1577 2679 2718 2733 Schlusse des zweiten Aktes wiederholt sich dieselbe Frage, und
403 2709 1564 2749 Blut. Er prostituiert ihre heiligsten Empfindungen. Er drillt
1580 2717 2716 2781 die Antwort fällt noch unbefriedigender aus. Mag sein, daß
410 2738 1557 2797 sie zu seiner Pflege bei Tag und bei Nacht, und wie ein Vampyr
1573 2760 2720 2825 Marie, nachdem sie an einer Leiche vorübergegangen, auch
408 2780 1572 2855 saugt er ihre Kräfte auf. Nur eine Nacht ist ihr geblieben,
1577 2795 2724 2846 die zweite nichts achtet. Wie aber vermag der junge Offizier
411 2819 1556 2879 die sie mit dem Geliebten vereinen könnte, und nun — wie
1577 2839 2738 2889 das letzte Lebensfest zu feiern, nachdem ihm sein Leben über
412 2859 1551 2917 Gretchen der Mutter, reicht sie dem Vater die Schlaftropfen so
1565 2876 2724 2949 der getöteten Frau also ins Nichts zerronnen? Möglich ist
402 2899 1552 2962 ungemessen, daß es für ihn kein Aufwachen mehr gibt. Von
1565 2907 2712 2969 alles. Es kommt nur darauf an, es zwingend zu gestalten.
407 2938 1137 2998 seiner Leiche eilt sie zu dem Geliebten.
1573 2949 2726 3027 Das aber ist Schnitzler so wenig gelungen, daß die Figur dieses
469 2959 1562 3044 In dessen Zimmer aber muß sie, versteckt, Zeugin einer
1572 2981 2465 3051 Lebens=Gladiators überhaupt schemenhaft bleibt.
397 3015 1553 3077 furchtbaren Schicksalsabrechnung werden. Der junge Offizier,
1626 3017 2710 3084 Ich schreibe eine widerspruchsvolle Kritik über ein wider¬
409 3047 1567 3111 den sie liebt, war ein Verhältnis mit der Frau seines Obersten
1566 3060 2719 3126 spruchsvolles Werk. Wie ein Wanderer einen steinigen und an
403 3091 1556 3137 eingegangen. Diese Frau betritt mit ihrem Liebhaber das
1580 3110 2710 3165 sich reizlosen Weg wählt, fortsetzt und wieder begeht, weil er
406 3133 1556 3195 Zimmer, sie wird von dem Oberst überrascht und niederge¬
1571 3144 2713 3207 ihm eigenartige Fernblicke bietet, so weiß ich, daß ich zu diesem
403 3169 1561 3229 schossen. Wieder liegt eine Leiche zwischen Marie und dem
1574 3187 2707 3250 „Ruf des Lebens“ vielleicht des öfteren wiederkehren werde, ge¬
394 3213 1561 3268 Manne, den sie liebt und den der Tod gezeichnet, — sie achten
1563 3206 2713 3284 wiß nicht als Theatergänger, aber als Leser. Dies Drama
413 3253 1546 3300 es nicht, unter den Schatten des Todes feiern sie in wilder
1565 3259 2712 3319 gehört zu denen, welchen die Bühne nichts und die der Bühne
410 3283 1557 3363 Leidenschaft ihr Hochzeitsfest. Am andern Morgen aber jagt
1563 3295 2718 3343 garnichts leisten. Aber es spielen feine Reflexe gedanklicher
408 3322 1358 3386 sich der junge Offizier eine Kugel durch die Stirn.
1562 3332 2736 3406 Art über die Dichtung. Es ist etwas Irrlichtelierendes um die
470 3353 1548 3419 So sind zwei Akte, mit äußerer Handlung stark belastet,
1563 3378 2713 3429 Geschehnisse herum. Die Luft, die allzeit Bewegliche, ist gleich¬
389 3397 1559 3476 vorübergegangen, leise, andeutend und ahnungsvoll klingt der
1566 3410 2713 3480 sam mitgemalt. Ein Beispiel-für viele. Die blauen Kürassiere
396 3453 2713 3535 Schlußakt aus. Auf dem Lebenswege, den Marie beschritten, treten den Todesritt ah, weil vor dreißig Jahren durch ihre
2750 1371 3381 1433 Flacht eine Schlacht verloren, gegg
2746 1415 3393 1470 fest, daß ihr Verhalten die Entschei
2739 1457 3392 1521 Mann, der damals aus Lebenshung
2732 1499 3376 1554 chen gab, sieht sich nun durch den
2748 1529 3386 1582 um sein Leben verkürzt, denn nu
2747 1568 3383 1622 Stünde, kommt die Tochter zu der
2745 1594 3371 1653 role zum freiwilligen Untergang
2748 1643 3383 1706 ausgegeben. Warum tut er das?#
2748 1677 3392 1742 daran, eine längst vergessene Schm
2752 1725 3376 1778 vielmehr sein Leben unerträglich g
2747 1762 3385 1818 Frau, die ihn betrügt? Und wen
2748 1810 3384 1854 ganze Todesritt höchst überflüssig,
2743 1839 3378 1890 dem Leben geschieden sind? Endl
2746 1885 3387 1934 der seinen Oberst durchschaut, die
2736 1917 3383 1972 gleichsam auf Epigrammpointen ste
2735 1964 3377 2014 unverwundet aus der Schlacht, in
2738 1999 3370 2047 sind. Er bleibt unverwundet, um
2743 2031 3387 2097 nehmen, denn für ihn allein ist ei
2743 2076 3384 2127 mimöglich. So fieht man, wie die
2748 2101 3381 2168 tungseffekte die Geschehnisse unispil
2739 2152 3385 2204 lich zu einem Werke hingezogen, da
2739 2182 3374 2243 als Charakterschilderung, preisgebe
2794 2234 3380 2286 Die Aufführung des Lessin
2747 2259 3362 2326 gleich. Frl. Triesch bot in
2746 2308 3373 2367 Schövfung voll inneren Lebens un
2742 2344 3360 2398 fand in ihr eine glaubwürdige,
2737 2389 3361 2438 Täterin. Herr Bassermann
2735 2421 3367 2472 gleichsam auf erzernes Postament.
2732 2470 3353 2515 drck, jedes Mienenspiel Charakte
2733 2506 3352 2556 auch Herr Stieler den jungen
2740 2536 3366 2594 ließen das junge Blut lebensvolle
2735 2576 3378 2630 in Herrn Reicher, Maries Var
2732 2617 3373 2666 vortrefflichen und sicheren Darste
2743 2657 3347 2710 Rittner unerlaubt schlecht, er
2734 2691 3354 2757 eine der wichtigsten und kecksten
2740 2737 3329 2799 Ftl. Hofmann erging sich a
2733 2768 3374 2831 lichstem, unwürdigem Dilettantisn
2733 2814 3368 2872 in diesem Drama eigenartig, gebal
2734 2853 3367 2915 für den Zustand unserer Bühnk
2741 2885 3370 2950 der Darsteller gänzlich unfehig
2739 2930 3328 2982 Diktion zu ihrem Rechte zu ver
2736 2966 3368 3020 Versuche, das moderne Drama aus
2731 3000 3374 3058 erlösen, scheitern an der Unbildung
2733 3045 3357 3107 tern an der Gestaltungsohnmacht u
