3436 4352
1564 327 2032 430 box 24/5
1096 340 1262 414 Lebe
253 352 1412 461 19. Der dns
1020 1190 2313 1318 Na Tagt Gn
934 1285 1204 1386 4 14
1051 1342 2384 1408 gießt ihr Herz, in dem nichts drin ist, und freut sich ihres Lebens,
1046 1398 2384 1442 das nicht vorhanden. Auf der Bühne geht es satt und behag¬
1042 1439 2388 1495 lich zu, aber dem Zuhörer legt sich der Moderduft abgestorbener
1039 1495 2397 1555 Vergnüglichkeit schwer auf die Lunge. Und das ganze gequält¬
1041 1542 2409 1620 neckische Hin und Her des verrunzelten Lustspiels wirkt auf ihn
1047 1596 1882 1672 so peinlich wie matronaler Bauchtanz.
1686 1647 1752 1722 *
1152 1702 2409 1799 „Der Ruf des Lebens', ein Schauspiel von Arthur Schnitzler,
1058 1776 2399 1839 ist in dem Jahrzehnt, seit man es zum ersten Mäl gesehen,
1059 1825 2405 1884 poetisch recht sehr abgemagert. Unter der schlaff gewordenen
1048 1874 2396 1933 dichterischen Polsterung zeichnet sich das theatralische Skelett mit
1050 1935 2390 1991 erschreckender Schärfe ab. Der Aufwand an Tod und Mord
1056 1969 2401 2037 hat was nestroyisch Splendides. Schwindsucht, Ehre, Melan¬
1058 2018 2404 2084 cholie, Liebe, Gift und Revolver, Zapfenstreich und Blüten im
1057 2079 2401 2134 Haar: es wird üppig gewirtschaftet in diesem bürgerlichen
1046 2115 2396 2172 Trauerspiel. Larmoyantes versteckt sich hinter Brutalitäten,
1058 2166 2391 2228 Theatereffekt hinter Wortgezärtel, das heutigen Ohren so dünn
1062 2235 2408 2283 und schnörkelig klingt, als käm' es aus einer alten Spieldose.
1059 2264 2395 2328 Und was ist das Produkt solcher Paarung von Kraft und Milde?
1054 2318 2400 2384 Stimmung! Traurige, schöne, genußreich=wehmütige Stim¬
1061 2350 2406 2435 mung. Bei Schnitzler duften die Friedhöfe, und der Ruf des
1047 2417 1627 2498 Lebens hat Viola=Timbre.
1705 2419 1773 2514 *
1161 2513 2412 2595 „Szenen aus einem Schicksal“ nennt Walter Eidlitz sein
1055 2569 2410 2640 Hölderlin=Spiel. Es sind ein paar flüchtig konturierte Bilder
1051 2628 2396 2687 aus dem Leben des schwermütigen Ekstatikers, mit fingerdick
1054 2682 2397 2735 aufgelegter lyrischer Farbe. Sozusagen: ein Erdenwandel¬
1049 2726 2400 2789 diorama. Der Held bleibt stehen, sein Passionsweg rollt unter
1058 2761 2398 2843 ihm ab. (Du siehst, mein Sohn, zum Raum wird hier die Zeit!)
1053 2817 2396 2872 Der hellenischste Deutsche, wie ihn das Stück zeigt, ist zur
1061 2866 2390 2927 Hälfte ganz melancholisch, zur Hälfte ganz schwärmerisch. Zwi¬
1059 2917 2402 2989 schenfarben fehlen seiner Gemüts=Dreß. Daß er ein Dichter,
1059 2964 2399 3034 wird zwingend, wird unkeusch offenbar: sein Atem schlägt an
1051 3020 2404 3076 der atmosphärischen Luft augenblicklich in Versen oder zumindest
1059 3066 2405 3129 in halbsteifer Prosa nieder. Tatsachen seines äußern und Hyper¬
1058 3102 2401 3173 sinnliches seines innern Lebens fließen zu einem sonderbaren
1050 3176 2391 3227 Brackwasser ineinander, über dessen peinlicher dramatischer Un¬
1057 3203 2399 3272 bewegtheit ein Nebel von Visionen dampft. Geistiges Fieber¬
1063 3270 2402 3326 klima herrscht. Aus lyrischen Hitzen wirft es diesen Hölderlin
1050 3304 2394 3380 in frostigste Abstraktionen; und retour. Er spricht Sänge, er
1046 3369 2406 3425 redet Geschriebenes; des öftern, erfreulicherweise, von ihm selbst
1058 3405 2382 3463 Gesungenes und Geschriebenes. Edler Rauch von Worten —
1057 3451 2402 3514 die Linie der Erscheinungen verwischend — füllt die Bühne.
1061 3511 2409 3572 Denkt, das Spiel hieße nicht „Hölderlin', sondern X 2, die ganze
1067 3562 2409 3620 Stimmungs=Hilfe der dem großen Namen assoziierten Begriffe
1060 3611 2401 3693 wäre ausgeschaltet, die ganzen Gefühls=Zuschüsse aus dem Hinter¬
2248 3653 2341 3734 81
2436 1203 2546 1284 in
