3484 4320
1541 205 2022 308 box 24/4
1068 206 1240 283 Leb
231 214 1412 314 19. Der Ruf descnauens
1476 1583 3328 1678 hören; die aber in jeder andern Schnitzlerschen seines Regimenes angekan. Im
591 1601 1394 1721 Sheater und Musik.
1489 1654 3345 1745 Dichtung ebenso gut oder viel mehr besser stehen Untergang sollten auch sie zu Grund
1485 1689 1690 1760 würden.
2531 1723 3326 1789 war sein rachelechzender Gedanke.
418 1649 1224 1809 Ke# Premer Stadltheater.
1567 1744 3346 1839 Im ganzen war er bei dieser Umarbeitung Augenblick kann er es sich dann freili
447 1755 729 1855 2 42 06
719 1797 1227 1862 Der Ruf des Lebens.
1475 1793 3338 1877 wohl bemühl, das ihm vorschwebende Leitmotiv,sagen, mit eigener Hand zu richten,
1475 1826 3352 1904 den Ruf des Lebens stärker durchklingen zu lassen, schwülen Abschiedsszene zwischen seinen
421 1817 3353 1960 Schauspiel in drei Akten von Arthur Schnitzler.luns auf die „Idee“ des Stückes hinzuweisen. Ge=ihrem letzten Liebhaber beiwohnen mu
513 1902 2557 2003 Ich hätte nicht gedacht, daß ich mich mit diesemtbessert ist an dem Schauspiel dadurch freilich so gut
2535 1934 3349 2008 blauen Kürassiere bleiben todesgeweil
413 1929 2548 2041 Stücke noch einmal würde zu beschäftigen haben.wie nichts. Die Ungeheuerlichkeit der Handlung
2610 1978 3343 2045 Der Dichter aber wollte gerade
416 1975 3347 2036 Im Winter 1905/06 schon erlebte es in Berlin diel und der Handlungsvoraussetzungen bleiben. Manlnähe, Todesstimmung, um in sie hine
412 2033 3353 2142 Uraufführung und erfuhr damals durch Publikum höre: Vor dreißig Jahren ist eine Schlachtzu greller Disionanz aufklingend, di
414 2085 2777 2179 und Kritik eine höfliche, aber entschiedene Ab-durch die plötzliche schmähliche Flucht eines größeren zu stellen.
416 2136 2549 2211 lehnung. Nun, Höflichkeit schulden wir dem liebens=Kavallerieverbandes verloren worden. Teil daran
2608 2137 3353 2222 Mit einem blauen Kürassier hat
424 2173 2538 2253 würdigen, feinsinnigen Wiener Pocten unter allenlhatten auch die blauen Kürassiere und jetzt, nach
2540 2178 3328 2268 eine ganze leuchtende Nacht hindurch
423 2213 2542 2298 Umständen. In jenem Winter war dazu noch einige! Ausbruch eines neuen Krieges, wird ein dunkles
2537 2245 3354 2312 in dieser Nacht ist an die Sechsundz
419 2263 3335 2299 Monate früher eine andere Schnitzler=Première ge= Gerücht laut und bestimmt, nach dem wirklich dieses die von dem neunundsiebzigjährigen
411 2301 984 2370 wesen — „Zwischenspiel“
1041 2314 3349 2404 für deren graziös Regiment durch seine Feigheit jene Katastrophe vom schlechten Gewissen geplagten und
423 2342 3343 2394 und melancholisch lächelnde Lebensweisheit nocht verursacht habe. Zwar lebt nur noch einer der Teil=jboshaften Vater als Pflegerin und
424 2393 2046 2482 genug dankbare Erinnerung lebendig war, Doppelt nehmer, und zugleich
2022 2416 2187 2475 der
2163 2424 3329 2479 Hauptschuldige, sengen Krankenzimmer gehalten wird,
411 2428 1906 2499 erstaunt fragte man sich aber darum auch: wie (der alte Moser)
1915 2452 2543 2525 aber aus dessen Munde
2519 2452 2931 2533 Lebens ergangen.
420 2480 1744 2549 kommt Schnitzler zu diesem Schauerdrama mits ist keine
1729 2476 1937 2556 Kunde
1946 2501 2197 2566 geworden
2211 2507 2415 2570 sondern
2423 2507 2544 2565 der
2178 2488 2237 2560 500
2597 2487 3345 2580 Das Blut in ihren Adern stürmt,
411 2527 1498 2602 seiner seltsamen Häufung greller äußerer Effekte,
1480 2542 2534 2609 jetzige Regimentskommandeur hat das Gerücht
2531 2528 3334 2616 jeder Gedanke drängt jetzt nach dem
409 2575 1488 2639 gequälter „Theater"=Konstruktionen und peinlicher,
1481 2585 3348 2667 aus eigener Machtvollkommenheit als wahr an=dessen Armen sie die eine Nacht im
412 2608 1488 2682 als unmöglich empfundener Charaktere? Lockte
1475 2622 3348 2726 erkannt und unter seinem Einfluß haben Offizierellegen, dem sich ganz hinzugeben ihr jetzt
408 2656 1494 2717 ihn der schon damals in der Kritik laut erschallende
1483 2677 3321 2758 und Mannschaften den feierlichen Schwur geleistet, Lebenszweck erscheint. Die Welt hat
405 2704 1492 2776 Ruf nach einem Drama voll Kraft und Handlung?
1486 2718 2554 2787 nicht etwa die Scharte nun durch doppelte Tapfer¬
2530 2730 3347 2789 Ansehen für sie genommen und sie sc
409 2736 3343 2835 Wollte er zeigen, daß er nicht nur der graziösel keit auszuwetzen, sondern unter keinen Umständen andere geworden. Nur der äußere M
404 2787 1498 2882 Plauderer auf der Bühne, nicht nur der Dichter der
1484 2807 3332 2874 aus dem Feldzug lebend heimzukehren Die blauen bisher noch gefehlt, den Vater heimlich
409 2834 720 2904 Liebelei sei?
1466 2851 2557 2920 Kürassiere sind also todesgeweiht. Was nun aber
2530 2866 3347 2924 und zu dem wartenden Geliebten zu ei
506 2888 2545 2976 Inzwischen hat der Verfasser, der für sein diese überspannte sinnlose Opferung so abscheulich
2596 2901 3344 2972 Da hört sie, daß die blauen Kürassie
412 2905 2534 3013 mißratenes Werk nach Art unglücklicher Väter ein macht, ist der Beweggrund, der den Obersten dazu
2523 2953 3347 3012 geweiht sind. Einem lähmenden „zu spä
412 2971 1481 3041 besonderes sorgendes Interesse zu haben scheint, es
1482 2986 3345 3064 getrieben oder doch mit dazu getrieben hat, seine folgt die Entdeckung, daß sie noch eine N##
403 3011 1494 3080 einer Kur oder Bearbeitung unterzogen. Im ersten
1473 3030 2541 3101 Offiziere zu dem wahnsinnigen Entschluß zu
2535 3042 3348 3104 und jetzt fallen die letzten Hemmungen.
407 3061 2536 3143 und zweiten Akt hat er Motivierungen zu stärken bringen. Nicht nur des Regimentes Schande will
2523 3079 3343 3161 dem Vater die todbringenden Tropfen
412 3102 1484 3179 versucht, im dritten, der eigentlich nur ein stiller
1470 3119 2550 3184 ser sühnen lassen durch den großen Tod; grimmer
2531 3127 2951 3199 und stürmt hinaus.
400 3128 1486 3216 Epilog nach geräuschvoller Handlung ist, hat er
1471 3156 2543 3221 noch frißt ihm am Herzen und läßt sein Auge kalt
2595 3154 3346 3246 Der Dichter hat gewiß alles — un
406 3196 3336 3274 einiges gekürzt und dafür mit leichter Hand liebe, und hart werden, die Schmach, die ihm sein buhleri= getan, um uns die gewaltsame Reaktion
398 3229 3351 3309 kluge, melancholische Worte gestreut, die wir gerne''sches junges Weib, die ihm junge Offiziere dieses willens bei dem jungen Weib verständlich
