3436 4384
273 225 1428 364 19. Der Ruf des Lebens
1599 259 2044 355 box 24/2
1305 567 2318 718 Thegter, Runst=und Titeräur.
1310 663 2181 798 In bn Zühnihzlers „Der Auf des Tebens“.
1589 746 2029 830 Dir Premiere in Berlin.)
1389 791 2324 872 Aus Berlin wird uns telegraphiert:
1299 836 2323 931 [Schnitzlers dreiaktiges Schauspiel „Der Ruf
1306 885 2333 975 des Lebens“ wurde gestern im Lessing=Theater in
1310 940 2325 1023 ausgezeichneter Besetzung zum ersten Mal gegeben.
1311 979 2318 1064 Das Stück spielt in Wien beim Ausbruche des öster¬
1309 1020 2339 1109 reichisch=französischen Krieges, doch werden die näheren
1317 1059 2335 1173 Umstände absichtlich im Dunkeln gelassen. Der Dichter
1321 1111 2342 1197 arbeitet mit einem frei erfundenen, etwas romanhaften
1319 1169 2341 1261 Motiv, und so kann er die Kontrolle der historischen
1321 1204 2348 1293 Wirklichkeit nicht gebrauchen. Das Regiment „Blaue
1319 1252 2345 1347 Kürassiere“ rückt auf den Kriegsschauplatz ab, es ist das
1319 1294 2344 1375 todgeweihte Regiment. Seine Offiziere haben sich das
1321 1349 2347 1420 Wort gegeben, zu sterben, und die Mannschaften werden
1327 1388 2343 1477 ihnen folgen. Niemand darf zurückkehren. Denn nur so
1328 1432 2345 1521 kann die Schmach gesühnt werden, die das Regiment ver
1328 1474 2357 1567 dreißig Jahren auf sich geladen, als es in einer Schlacht
1343 1527 2354 1619 panikartig floh und so die Schlacht verleren wurde.
1331 1569 2358 1671 Während die Truppen vorbeimarschieren, blickt aus dem
1339 1617 2352 1710 Fenster einer ärmlichen Wohnung Marie Moser
1337 1668 2355 1755 angstvoll und sehnsüchtig herab, nach dem Geliebten aus¬
1344 1706 2354 1799 spähend, mit dem sie nur einmal im Ballsaale zusammen¬
1344 1749 2358 1835 gewvesen und dem ihre Sinne und ihre Seele zufliegen.
1353 1794 2380 1891 Sie ist an das Krankenbett ihres verbitterten, bösen.
1354 1842 2363 1934 Vaters gefesselt, den es freut, das lebensdurstige sechs¬
1350 1878 2371 1979 undzwanzigjährige Mädchen zu quälen und der ihren
1348 1919 2370 2018 wachsenden Haß mit ingrimmigem Tyrannenbehagen
1341 1979 2367 2061 spürt. Er ist erst neunundsiebzig, er will wohl gar
1338 2024 2370 2108 neunzig alt werden, und dann kann sie machen, was sie will,
1344 2090 2383 2175 eher nicht. Er weiß nicht recht, wird sie den Forst¬
2197 2125 2387 2193 —
1352 2164 2378 2238 adjunkten heiraten, den sie bei seiner Schwägerin kennen
1353 2211 2374 2262 gelernt, oder seinen Arzt. Aber keiner soll sie haben, so
1348 2261 2371 2325 lange er lebt. Der schlimme Mensch ahnt nicht, daß
1344 2311 2389 2372 Mariens Schicksal und seine Vergangenheit wunderlich
1350 2348 2388 2419 gestaltet sind. Denn er war es, der vor dreißig Jahren
1346 2401 2378 2447 als Rittmeister bei den „Blauen Kürassieren“ das Signal
1345 2448 2372 2515 zur Flucht gegeben hatte, und nun liebt Marie einen
1342 2487 2375 2558 Offizier dieses Regiments, das sich dem Tode geweiht hat.
1341 2539 2372 2595 Der Forstadjunkt kommt, aber Marie ist über ihn
1347 2581 2385 2648 hinaus. Sie fühlt die herzliche Bravheit und Güte dieses
1346 2621 2367 2697 keinfesten Mannes, doch sie will, sie kann nicht sein
1339 2675 2360 2717 werden; und da er in sie dringt, bricht es wild aus ihr
1340 2707 2372 2770 heraus und sie bekennt, daß sie alle Sünden schon be¬
1342 2759 2373 2837 gangen, in Gedanten fortwährend begehe: Buhlerei,
1339 2804 2377 2871 Untreue, Mord, ja auch Mord, denn keine Stunde vergehe,
1332 2842 2358 2916 wo sie dem Vater nicht den Tod wünsche, ihn selber
1337 2894 2376 2971 ermorden möchte. Ihre Cousine Katharina bestärkt
1331 2946 2363 3010 unwissend den ungeheuren Entschluß in ihr. Das
1336 2990 2368 3052 Mädchen ist schwindsüchtig, auch todgeweiht, und will
1331 3028 2356 3088 genießen, so lange die ensflamme brennt. Sie kommt
1326 3083 2348 3131 soeben aus dem Arm eines der Offiziere von den „Blauen
1331 3124 2351 3177 Kürassieren“. Sie erzählt, daß die Schwadron, in der
1333 3164 2352 3240 ihr Geliebter und Mariens Ersehnier stehen, erst morgen
1335 3220 2349 3281 Früh auszieht. Marie sieht eine lockende Stunde vor ihren
1333 3267 2354 3324 erregten Sinnen. Sie tut dem polternden Kranken Gift
1334 3299 1964 3355 ins Glas und stürzt davon zu ihm.
1413 3359 2344 3418 Im zweiten Aki, der in der Kaserne spielt, voll¬
1323 3401 2345 3469 zieht sich Schreckliches. Der Offizier Max ist der Liebling
1321 3450 2350 3516 des Obersten, der offenbar merkt, daß es zwischen seiner
1313 3497 2349 3558 jungen Frau Irene und dem Lieutenant Beziehungen
1315 3535 2347 3590 gibt, der sich den Verdacht aber auch wieder ausreden möchte.
1321 3589 2341 3634 In einer Pause, während Max das Zimmer verlassen,
1314 3640 2341 3690 cilt Marie herein, tritt hinter einen Vorhang und erlebt
1318 3681 2333 3726 nun, ungesehen, eine Katastrophe. Irene kommt und will
1317 3718 2335 3776 Max zur Flucht bereden. Der Oberst kehrt zurück und
1312 3772 2335 3832 erschießt seine Frau, dem Lieutenant aber legt er zur
1311 3818 2325 3882 Strafe die Pflicht auf, die Tat auf sich zu nehmen. Da
1310 3866 2330 3923 tritt Marie hervor, und von der Leiche weg eilen Max
1306 3909 2327 3976 und sie, wortlos, verzweifelt, halb wahnsinnig irgend
1305 3951 1951 4014 wohin, wo sie sich gehören werden.
1396 3992 2319 4065 Im Schlußakt erst erfährt man, was nachher ge¬
1299 4045 2314 4109 schehen. Max kehrt in sein Kasernenzimmer zurück und
1306 4091 2323 4156 erschießt sich an Irenens Leiche. Daß Marie für den
1304 4132 2315 4200 Vatermord nicht vor den Strafrichter gekommen, hat sie
1730 4179 1823 4223 tchen
