<?xml version="1.0" encoding="UTF-8" standalone="yes"?>
<PcGts xmlns="http://schema.primaresearch.org/PAGE/gts/pagecontent/2013-07-15" xmlns:xsi="http://www.w3.org/2001/XMLSchema-instance" xsi:schemaLocation="http://schema.primaresearch.org/PAGE/gts/pagecontent/2013-07-15 http://schema.primaresearch.org/PAGE/gts/pagecontent/2013-07-15/pagecontent.xsd">
    <Metadata>
        <Creator>prov=University of Rostock/Institute of Mathematics/CITlab/Gundram Leifert/gundram.leifert@uni-rostock.de:name=ONB_Newseye_GT_M1+(htr_id=10810)::::v=2.4.2
prov=University of Rostock/Institute of Mathematics/CITlab/Tobias Gruening/tobias.gruening@uni-rostock.de:name=de.uros.citlab.module.baseline2polygon.B2PSeamMultiOriented:v=2.4.2
prov=University of Rostock/Institute of Mathematics/CITlab/Tobias Gruening/tobias.gruening@uni-rostock.de:name=/mnt/transkribus/LA/DEA/URO/LA_news_onb_att.pb:de.uros.citlab.segmentation.CITlab_LA_ML:v=2.4.2
Transkribus</Creator>
        <Created>2019-10-07T11:20:32.325+02:00</Created>
        <LastChange>2019-10-08T08:25:44.648+02:00</LastChange>
        <TranskribusMetadata docId="223969" pageId="9497562" pageNr="265" tsid="16507392" status="IN_PROGRESS" userId="40391" imgUrl="https://files.transkribus.eu/Get?id=QFFWGSYIJWMHHUVWDCIPXKXP&amp;fileType=view" xmlUrl="https://files.transkribus.eu/Get?id=WDYXKEVEYMHVQLILXDNXUBLV" imageId="6187789"/>
    </Metadata>
    <Page imageFilename="223969_0265.jpeg" imageWidth="3484" imageHeight="4256">
        <ReadingOrder>
            <OrderedGroup id="ro_1711451318140" caption="Regions reading order">
                <RegionRefIndexed index="0" regionRef="r1"/>
                <RegionRefIndexed index="1" regionRef="r2"/>
            </OrderedGroup>
        </ReadingOrder>
        <TextRegion orientation="0.0" id="r1" custom="readingOrder {index:0;}">
            <Coords points="373,134 373,4162 1564,4162 1564,134"/>
            <TextLine id="r1l1" custom="readingOrder {index:0;}">
                <Coords points="591,157 1571,183 1538,135 592,131"/>
                <Baseline points="599,157 647,159 695,160 743,162 792,163 840,165 888,166 936,168 985,169 1033,170 1081,172 1129,172 1178,174 1226,174 1274,175 1322,176 1371,176 1419,177 1467,178 1515,178 1564,178"/>
                <TextEquiv>
                    <Unicode>Vor drei Jahren hat Schnitzlers jüngstes Werk</Unicode>
                </TextEquiv>
            </TextLine>
            <TextLine id="r1l2" custom="readingOrder {index:1;}">
                <Coords points="465,218 1497,243 1564,240 1565,197 466,168"/>
                <Baseline points="473,205 527,207 581,209 635,211 689,213 744,214 798,216 852,217 906,218 960,219 1015,220 1069,221 1123,222 1177,222 1231,223 1286,223 1340,224 1394,225 1448,225 1502,226 1557,226"/>
                <TextEquiv>
                    <Unicode>in Berlin das Licht der Welt erblickt und drei volle</Unicode>
                </TextEquiv>
            </TextLine>
            <TextLine id="r1l3" custom="readingOrder {index:2;}">
                <Coords points="473,263 1466,297 1567,283 1568,243 473,216"/>
                <Baseline points="480,259 536,260 593,261 650,262 707,263 763,264 820,266 877,267 934,268 991,269 1047,271 1104,272 1161,272 1218,273 1275,274 1331,275 1388,275 1445,275 1502,275 1559,275"/>
                <TextEquiv>
                    <Unicode>Jahre mußten vergehen, ehe es den Weg in seine Hei¬</Unicode>
                </TextEquiv>
            </TextLine>
            <TextLine id="r1l4" custom="readingOrder {index:3;}">
                <Coords points="463,317 1564,332 1564,287 1511,283 464,277"/>
                <Baseline points="471,308 525,308 579,309 633,309 688,310 742,311 796,312 850,313 905,315 959,316 1013,317 1067,319 1122,320 1176,321 1230,322 1284,323 1339,325 1393,325 1447,326 1501,327 1556,327"/>
                <TextEquiv>
                    <Unicode>mat fand. Es war der Weg zum Leben. In der Fremde</Unicode>
                </TextEquiv>
            </TextLine>
            <TextLine id="r1l5" custom="readingOrder {index:4;}">
                <Coords points="462,357 1562,386 1563,340 463,317"/>
                <Baseline points="469,354 523,355 577,356 631,358 686,359 740,360 794,361 849,362 903,363 957,364 1012,365 1066,367 1120,368 1174,369 1229,370 1283,371 1337,373 1392,374 1446,375 1500,377 1555,378"/>
                <TextEquiv>
                    <Unicode>ist es ihm nicht wohl ergangen, die Berliner sahen nur</Unicode>
                </TextEquiv>
            </TextLine>
            <TextLine id="r1l6" custom="readingOrder {index:5;}">
                <Coords points="463,413 1487,449 1555,405 464,359"/>
                <Baseline points="471,406 524,407 578,408 632,409 686,410 740,411 793,412 847,413 901,414 955,415 1009,416 1062,417 1116,418 1170,419 1224,420 1278,421 1331,422 1385,423 1439,425 1493,426 1547,428"/>
                <TextEquiv>
                    <Unicode>das Theaterstück und dieses hat ihnen mißfallen, da¬</Unicode>
                </TextEquiv>
            </TextLine>
            <TextLine id="r1l7" custom="readingOrder {index:6;}">
                <Coords points="452,460 1554,484 1514,431 453,428"/>
                <Baseline points="460,457 514,457 568,458 623,458 677,459 731,459 786,460 840,461 894,462 949,463 1003,465 1057,466 1112,467 1166,469 1220,470 1275,471 1329,473 1383,474 1438,475 1492,476 1547,477"/>
                <TextEquiv>
                    <Unicode>heim aber wurde es liebevoll empfangen, die Wiener</Unicode>
                </TextEquiv>
            </TextLine>
            <TextLine id="r1l8" custom="readingOrder {index:7;}">
                <Coords points="451,508 1561,524 1490,484 452,473"/>
                <Baseline points="458,506 512,507 567,508 622,508 677,509 731,510 786,511 841,512 896,513 950,514 1005,515 1060,516 1115,517 1169,519 1224,520 1279,522 1334,523 1388,525 1443,526 1498,528 1553,530"/>
                <TextEquiv>
                    <Unicode>haben ihren Dichter verstanden. Es ist ein starkes</Unicode>
                </TextEquiv>
            </TextLine>
            <TextLine id="r1l9" custom="readingOrder {index:8;}">
                <Coords points="449,558 1506,597 1550,541 449,532"/>
                <Baseline points="457,554 511,555 565,556 619,556 673,557 728,558 782,559 836,560 890,561 944,562 999,563 1053,564 1107,566 1161,567 1215,568 1270,570 1324,571 1378,572 1432,573 1486,575 1541,576"/>
                <TextEquiv>
                    <Unicode>Stück, ein Stück mit krassen Effekten, und doch keines</Unicode>
                </TextEquiv>
            </TextLine>
            <TextLine id="r1l10" custom="readingOrder {index:9;}">
                <Coords points="449,607 1547,620 1452,581 450,569"/>
                <Baseline points="457,605 511,605 565,606 619,606 673,607 727,608 781,609 835,610 889,611 943,612 998,614 1052,615 1106,616 1160,618 1214,620 1268,621 1322,622 1376,624 1430,626 1484,627 1539,628"/>
                <TextEquiv>
                    <Unicode>von jenen, die mit äußerlicher Pose, mit leerer Thea¬</Unicode>
                </TextEquiv>
            </TextLine>
            <TextLine id="r1l11" custom="readingOrder {index:10;}">
                <Coords points="455,663 1505,691 1558,690 1559,655 456,620"/>
                <Baseline points="463,656 517,656 571,656 626,657 680,658 735,659 789,660 843,661 898,663 952,664 1007,666 1061,667 1115,669 1170,670 1224,671 1279,672 1333,674 1387,675 1442,675 1496,676 1551,676"/>
                <TextEquiv>
                    <Unicode>tralik ihren Knoten schürzen. Nicht an der Oberfläche</Unicode>
                </TextEquiv>
            </TextLine>
            <TextLine id="r1l12" custom="readingOrder {index:11;}">
                <Coords points="439,701 1375,743 1548,737 1549,705 440,668"/>
                <Baseline points="447,702 501,703 556,704 611,705 665,706 720,707 775,709 829,710 884,712 939,713 994,714 1048,716 1103,718 1158,719 1212,721 1267,722 1322,724 1376,726 1431,727 1486,728 1541,730"/>
                <TextEquiv>
                    <Unicode>liegt der Gedanke, er durchdringt das ganze Stück, jede</Unicode>
                </TextEquiv>
            </TextLine>
            <TextLine id="r1l13" custom="readingOrder {index:12;}">
                <Coords points="445,748 1468,797 1552,751 445,719"/>
                <Baseline points="453,752 507,753 562,754 616,756 671,756 725,758 780,759 834,760 889,761 943,763 998,764 1052,765 1107,767 1161,768 1216,769 1270,771 1325,773 1379,774 1434,776 1488,778 1543,779"/>
                <TextEquiv>
                    <Unicode>einzelne Person. Nicht nur Marie, die von ihrem alten</Unicode>
                </TextEquiv>
            </TextLine>
            <TextLine id="r1l14" custom="readingOrder {index:13;}">
                <Coords points="433,786 722,827 1547,833 1545,791 434,762"/>
                <Baseline points="441,801 495,803 550,804 605,806 660,808 715,809 770,810 825,811 880,812 935,814 990,815 1044,816 1099,817 1154,818 1209,819 1264,820 1319,821 1374,823 1429,824 1484,826 1539,828"/>
                <TextEquiv>
                    <Unicode>kranken Vater in selbstsüchtiger Mißgunst in dumpfer</Unicode>
                </TextEquiv>
            </TextLine>
            <TextLine id="r1l15" custom="readingOrder {index:14;}">
                <Coords points="439,851 1552,894 1553,848 1492,835 441,807"/>
                <Baseline points="447,850 501,851 556,853 611,854 666,856 721,858 776,859 830,861 885,862 940,864 995,865 1050,867 1105,868 1160,870 1214,871 1269,872 1324,874 1379,875 1434,876 1489,877 1544,877"/>
                <TextEquiv>
                    <Unicode>Stube verspert gehalten wird, wohin kein Strahl des</Unicode>
                </TextEquiv>
            </TextLine>
            <TextLine id="r1l16" custom="readingOrder {index:15;}">
                <Coords points="427,917 1551,935 1533,888 429,861"/>
                <Baseline points="436,903 491,905 546,906 602,908 657,909 712,910 768,911 823,912 878,913 934,914 989,915 1044,916 1100,917 1155,918 1210,919 1266,921 1321,922 1376,923 1432,925 1487,927 1543,928"/>
                <TextEquiv>
                    <Unicode>lichten Lebens dringt, wo sie dahinwelken muß, ohne</Unicode>
                </TextEquiv>
            </TextLine>
            <TextLine id="r1l17" custom="readingOrder {index:16;}">
                <Coords points="434,962 1556,975 1523,938 435,921"/>
                <Baseline points="442,958 497,958 552,958 607,958 663,958 718,959 773,960 829,961 884,963 939,964 995,965 1050,967 1105,968 1160,969 1216,971 1271,972 1326,973 1382,974 1437,974 1492,975 1548,975"/>
                <TextEquiv>
                    <Unicode>zu erfahren, was Freude, was Glück ist, nicht nur ihr</Unicode>
                </TextEquiv>
            </TextLine>
            <TextLine id="r1l18" custom="readingOrder {index:17;}">
                <Coords points="435,1010 1466,1044 1553,1012 714,963 435,989"/>
                <Baseline points="442,1011 497,1009 552,1008 607,1008 662,1008 717,1009 772,1009 828,1011 883,1012 938,1014 993,1015 1048,1017 1103,1019 1158,1020 1214,1022 1269,1023 1324,1024 1379,1025 1434,1026 1489,1026 1545,1026"/>
                <TextEquiv>
                    <Unicode>gellt der Ruf des Lebens so überlaut, daß sie dem Va¬</Unicode>
                </TextEquiv>
            </TextLine>
            <TextLine id="r1l19" custom="readingOrder {index:18;}">
                <Coords points="428,1046 1542,1087 1543,1044 1500,1035 429,1021"/>
                <Baseline points="435,1060 490,1059 545,1059 600,1058 655,1058 710,1058 765,1059 820,1060 875,1061 930,1062 985,1064 1040,1065 1095,1067 1150,1068 1205,1070 1260,1072 1315,1074 1370,1075 1425,1076 1480,1077 1535,1078"/>
                <TextEquiv>
                    <Unicode>ter Gift gibt, um nur einmal in des Geliebten Arme zu</Unicode>
                </TextEquiv>
            </TextLine>
            <TextLine id="r1l20" custom="readingOrder {index:19;}">
                <Coords points="434,1102 1497,1148 1549,1099 435,1071"/>
                <Baseline points="441,1108 498,1108 556,1108 614,1108 672,1109 730,1109 788,1110 845,1110 903,1111 961,1112 1019,1113 1077,1115 1135,1116 1192,1118 1250,1119 1308,1121 1366,1123 1424,1125 1482,1127 1540,1129"/>
                <TextEquiv>
                    <Unicode>eilen, ehe es zu spät. Auch alle die Anderen lockt der Ruf,</Unicode>
                </TextEquiv>
            </TextLine>
            <TextLine id="r1l21" custom="readingOrder {index:20;}">
                <Coords points="434,1155 1152,1191 1507,1184 1543,1151 435,1103"/>
                <Baseline points="441,1157 495,1157 550,1158 605,1158 659,1159 714,1160 769,1161 823,1162 878,1163 933,1164 988,1165 1042,1166 1097,1167 1152,1168 1206,1169 1261,1171 1316,1172 1370,1173 1425,1174 1480,1175 1535,1176"/>
                <TextEquiv>
                    <Unicode>bald laut, bald leise. Die kleine Katharina, die dem</Unicode>
                </TextEquiv>
            </TextLine>
            <TextLine id="r1l22" custom="readingOrder {index:21;}">
                <Coords points="433,1216 1495,1244 1546,1190 434,1163"/>
                <Baseline points="441,1206 495,1207 550,1208 605,1209 660,1210 715,1211 770,1211 824,1212 879,1213 934,1214 989,1214 1044,1215 1099,1216 1154,1217 1208,1219 1263,1220 1318,1221 1373,1223 1428,1225 1483,1227 1538,1230"/>
                <TextEquiv>
                    <Unicode>Tode verfallen ist, wie ihre beiden Schwestern, stürzt</Unicode>
                </TextEquiv>
            </TextLine>
            <TextLine id="r1l23" custom="readingOrder {index:22;}">
                <Coords points="433,1256 1551,1278 1461,1230 434,1216"/>
                <Baseline points="441,1259 496,1259 551,1259 606,1260 661,1260 716,1261 771,1261 826,1262 881,1263 936,1264 992,1264 1047,1265 1102,1266 1157,1267 1212,1268 1267,1269 1322,1270 1377,1272 1432,1273 1487,1274 1543,1276"/>
                <TextEquiv>
                    <Unicode>sich blindlings in den tollen Strudel, um dann, wenn</Unicode>
                </TextEquiv>
            </TextLine>
            <TextLine id="r1l24" custom="readingOrder {index:23;}">
                <Coords points="427,1302 1537,1332 1538,1293 1461,1278 428,1271"/>
                <Baseline points="435,1308 489,1309 544,1309 599,1309 654,1310 708,1310 763,1311 818,1312 873,1313 927,1313 982,1314 1037,1315 1092,1316 1146,1317 1201,1318 1256,1319 1311,1320 1365,1322 1420,1323 1475,1324 1530,1325"/>
                <TextEquiv>
                    <Unicode>das letzte Stündlein kommt, nicht trauern zu müssen,</Unicode>
                </TextEquiv>
            </TextLine>
            <TextLine id="r1l25" custom="readingOrder {index:24;}">
                <Coords points="419,1354 1535,1384 1536,1341 1417,1331 420,1329"/>
                <Baseline points="427,1361 482,1360 537,1359 592,1359 647,1359 702,1359 757,1359 812,1360 867,1360 922,1361 977,1362 1032,1363 1087,1364 1142,1365 1197,1366 1252,1368 1307,1369 1362,1370 1417,1372 1472,1373 1527,1375"/>
                <TextEquiv>
                    <Unicode>daß sie nie gelebt. Da sind die blauen Kürassiere, deren</Unicode>
                </TextEquiv>
            </TextLine>
            <TextLine id="r1l26" custom="readingOrder {index:25;}">
                <Coords points="428,1424 1540,1425 1484,1380 1060,1398 430,1358"/>
                <Baseline points="437,1406 491,1407 546,1408 601,1408 656,1410 710,1411 765,1411 820,1412 875,1413 929,1415 984,1416 1039,1417 1094,1418 1148,1419 1203,1420 1258,1421 1313,1422 1367,1423 1422,1423 1477,1424 1532,1425"/>
                <TextEquiv>
                    <Unicode>Regiment vor dreißig Jahren durch feige Flucht die</Unicode>
                </TextEquiv>
            </TextLine>
            <TextLine id="r1l27" custom="readingOrder {index:26;}">
                <Coords points="424,1468 1402,1491 1536,1460 1424,1429 424,1432"/>
                <Baseline points="431,1454 485,1455 540,1456 595,1458 650,1459 705,1460 759,1461 814,1462 869,1463 924,1464 979,1465 1033,1466 1088,1467 1143,1468 1198,1469 1253,1470 1307,1470 1362,1471 1417,1472 1472,1472 1527,1473"/>
                <TextEquiv>
                    <Unicode>Schlacht verloren hat und die einander nun zugeschwo¬</Unicode>
                </TextEquiv>
            </TextLine>
            <TextLine id="r1l28" custom="readingOrder {index:27;}">
                <Coords points="417,1515 1437,1541 1530,1528 1531,1485 418,1470"/>
                <Baseline points="425,1506 479,1506 534,1507 589,1508 644,1509 699,1510 754,1511 809,1512 864,1513 919,1514 974,1515 1028,1517 1083,1518 1138,1519 1193,1520 1248,1521 1303,1523 1358,1523 1413,1525 1468,1526 1523,1527"/>
                <TextEquiv>
                    <Unicode>ren haben, die Schmach ihrer Vorgänger zu tilgen, in</Unicode>
                </TextEquiv>
            </TextLine>
            <TextLine id="r1l29" custom="readingOrder {index:28;}">
                <Coords points="420,1572 1542,1580 1486,1530 421,1516"/>
                <Baseline points="427,1554 482,1556 537,1557 593,1558 648,1560 704,1561 759,1562 814,1563 870,1564 925,1565 981,1566 1036,1567 1091,1568 1147,1569 1202,1570 1258,1571 1313,1572 1368,1573 1424,1574 1479,1575 1535,1576"/>
                <TextEquiv>
                    <Unicode>die vorderste Reihe zu treten und allesamt im Kampfe</Unicode>
                </TextEquiv>
            </TextLine>
            <TextLine id="r1l30" custom="readingOrder {index:29;}">
                <Coords points="420,1619 1519,1639 1550,1600 421,1574"/>
                <Baseline points="428,1607 483,1608 539,1609 594,1609 650,1610 706,1611 761,1612 817,1612 873,1613 928,1614 984,1615 1040,1616 1095,1617 1151,1618 1207,1620 1262,1621 1318,1623 1374,1625 1429,1627 1485,1629 1541,1632"/>
                <TextEquiv>
                    <Unicode>zu sterben. Die Lust zu leben aber schreit in ihnen auf,</Unicode>
                </TextEquiv>
            </TextLine>
            <TextLine id="r1l31" custom="readingOrder {index:30;}">
                <Coords points="416,1664 1495,1690 1536,1680 1537,1635 417,1618"/>
                <Baseline points="424,1656 479,1657 534,1658 589,1659 645,1660 700,1661 755,1662 810,1662 866,1663 921,1664 976,1664 1031,1665 1087,1666 1142,1666 1197,1667 1252,1668 1308,1669 1363,1671 1418,1672 1473,1674 1529,1676"/>
                <TextEquiv>
                    <Unicode>Albrecht eifert gegen das Schicksal, das sie unschuldig</Unicode>
                </TextEquiv>
            </TextLine>
            <TextLine id="r1l32" custom="readingOrder {index:31;}">
                <Coords points="414,1712 1476,1740 1531,1727 1532,1687 414,1664"/>
                <Baseline points="421,1706 476,1706 531,1707 586,1708 641,1709 696,1709 751,1711 806,1711 861,1712 916,1714 972,1715 1027,1716 1082,1717 1137,1718 1192,1719 1247,1720 1302,1721 1357,1722 1412,1723 1467,1724 1523,1725"/>
                <TextEquiv>
                    <Unicode>büßen läßt, Max, der seinem Obersten die Frau gestoh¬</Unicode>
                </TextEquiv>
            </TextLine>
            <TextLine id="r1l33" custom="readingOrder {index:32;}">
                <Coords points="415,1754 1532,1778 1533,1738 1370,1726 416,1718"/>
                <Baseline points="422,1757 477,1758 532,1758 587,1759 642,1760 697,1761 752,1762 808,1762 863,1763 918,1764 973,1765 1028,1766 1083,1767 1138,1769 1194,1770 1249,1771 1304,1772 1359,1773 1414,1774 1469,1775 1525,1776"/>
                <TextEquiv>
                    <Unicode>len, will nun zur Sühne in den Tod gehen, die Lockun¬</Unicode>
                </TextEquiv>
            </TextLine>
            <TextLine id="r1l34" custom="readingOrder {index:33;}">
                <Coords points="422,1828 1104,1838 1158,1805 1213,1838 1531,1846 1532,1777 424,1758"/>
                <Baseline points="430,1808 484,1808 539,1808 594,1808 648,1808 703,1809 758,1809 812,1810 867,1811 922,1812 977,1813 1031,1814 1086,1815 1141,1817 1195,1818 1250,1819 1305,1820 1359,1821 1414,1822 1469,1823 1524,1823"/>
                <TextEquiv>
                    <Unicode>gen der Geliebten können ihn nicht wankend machen,</Unicode>
                </TextEquiv>
            </TextLine>
            <TextLine id="r1l35" custom="readingOrder {index:34;}">
                <Coords points="409,1857 1540,1887 1504,1843 1350,1824 409,1824"/>
                <Baseline points="416,1856 471,1857 527,1857 583,1858 639,1859 695,1860 750,1861 806,1861 862,1862 918,1863 974,1864 1029,1865 1085,1866 1141,1867 1197,1868 1253,1870 1308,1871 1364,1872 1420,1873 1476,1875 1532,1876"/>
                <TextEquiv>
                    <Unicode>als aber Marie vor ihn tritt und mit ihr das Leben, da</Unicode>
                </TextEquiv>
            </TextLine>
            <TextLine id="r1l36" custom="readingOrder {index:35;}">
                <Coords points="412,1898 1488,1935 1532,1880 413,1877"/>
                <Baseline points="420,1907 475,1907 530,1908 585,1909 640,1910 695,1911 750,1911 806,1912 861,1913 916,1914 971,1915 1026,1915 1081,1916 1136,1917 1192,1918 1247,1919 1302,1920 1357,1921 1412,1923 1467,1924 1523,1926"/>
                <TextEquiv>
                    <Unicode>stürmt er über die Leiche jener Frau mit ihr zu einer</Unicode>
                </TextEquiv>
            </TextLine>
            <TextLine id="r1l37" custom="readingOrder {index:36;}">
                <Coords points="408,1959 1527,1973 1527,1930 1310,1924 1255,1956 1180,1922 408,1915"/>
                <Baseline points="416,1961 471,1960 526,1960 581,1960 636,1960 691,1960 746,1961 802,1961 857,1962 912,1962 967,1963 1022,1964 1077,1965 1132,1966 1188,1967 1243,1968 1298,1969 1353,1971 1408,1972 1463,1973 1519,1974"/>
                <TextEquiv>
                    <Unicode>letzten Liebesnacht. Des Obersten Leben aber ist der</Unicode>
                </TextEquiv>
            </TextLine>
            <TextLine id="r1l38" custom="readingOrder {index:37;}">
                <Coords points="409,2027 1476,2042 1529,1988 410,1959"/>
                <Baseline points="417,2009 472,2009 527,2009 582,2010 637,2010 692,2011 747,2011 803,2013 858,2013 913,2014 968,2016 1023,2017 1078,2017 1133,2019 1189,2020 1244,2021 1299,2022 1354,2023 1409,2024 1464,2025 1520,2026"/>
                <TextEquiv>
                    <Unicode>Tod. Als er vor dreißig Jahren, ein junger Bursche</Unicode>
                </TextEquiv>
            </TextLine>
            <TextLine id="r1l39" custom="readingOrder {index:38;}">
                <Coords points="405,2041 1348,2091 1504,2082 1531,2040 406,2026"/>
                <Baseline points="413,2058 468,2058 524,2058 579,2059 635,2060 690,2060 746,2061 801,2062 857,2063 912,2064 968,2065 1023,2066 1079,2067 1134,2068 1190,2070 1245,2071 1301,2072 1356,2073 1412,2074 1467,2075 1523,2077"/>
                <TextEquiv>
                    <Unicode>noch, in die Reihen der Krieger trat, da wurde eben</Unicode>
                </TextEquiv>
            </TextLine>
            <TextLine id="r1l40" custom="readingOrder {index:39;}">
                <Coords points="408,2112 1436,2140 1523,2095 408,2074"/>
                <Baseline points="415,2108 470,2109 525,2109 580,2110 635,2111 690,2112 745,2112 800,2113 855,2113 910,2114 965,2114 1020,2115 1075,2116 1130,2116 1185,2117 1240,2118 1295,2119 1350,2120 1405,2121 1460,2123 1515,2124"/>
                <TextEquiv>
                    <Unicode>Frieden geschlossen, man hatte ihm vor seinem Lebens¬</Unicode>
                </TextEquiv>
            </TextLine>
            <TextLine id="r1l41" custom="readingOrder {index:40;}">
                <Coords points="411,2158 1400,2190 1509,2181 1528,2140 412,2120"/>
                <Baseline points="419,2160 474,2160 529,2159 584,2160 639,2160 694,2160 749,2161 804,2162 859,2163 914,2164 969,2165 1024,2166 1079,2167 1134,2168 1189,2169 1244,2170 1299,2170 1354,2171 1409,2171 1464,2171 1520,2171"/>
                <TextEquiv>
                    <Unicode>wege die Thüre zugeschlagen. Dreißig Jahre mußte er</Unicode>
                </TextEquiv>
            </TextLine>
            <TextLine id="r1l42" custom="readingOrder {index:41;}">
                <Coords points="405,2208 1305,2244 1487,2232 1520,2192 406,2176"/>
                <Baseline points="413,2207 470,2207 528,2207 586,2208 644,2209 702,2210 760,2211 817,2212 875,2213 933,2214 991,2215 1049,2216 1107,2217 1164,2218 1222,2219 1280,2220 1338,2221 1396,2221 1454,2222 1512,2222"/>
                <TextEquiv>
                    <Unicode>das als Spiel treiben, was ihm heiliger Ernst war.</Unicode>
                </TextEquiv>
            </TextLine>
            <TextLine id="r1l43" custom="readingOrder {index:42;}">
                <Coords points="403,2256 1515,2271 1434,2229 404,2207"/>
                <Baseline points="411,2257 465,2258 520,2258 575,2258 630,2259 685,2260 739,2260 794,2261 849,2262 904,2262 959,2263 1013,2264 1068,2265 1123,2266 1178,2266 1233,2267 1287,2268 1342,2269 1397,2270 1452,2271 1507,2272"/>
                <TextEquiv>
                    <Unicode>Nun ist die Gelegenheit da. Ein neuer Krieg ist ausge¬</Unicode>
                </TextEquiv>
            </TextLine>
            <TextLine id="r1l44" custom="readingOrder {index:43;}">
                <Coords points="412,2301 456,2329 1523,2341 1523,2290 1413,2279 412,2271"/>
                <Baseline points="419,2307 473,2307 528,2308 583,2308 638,2309 693,2309 747,2310 802,2311 857,2311 912,2312 967,2313 1021,2314 1076,2315 1131,2316 1186,2317 1241,2319 1295,2320 1350,2321 1405,2323 1460,2324 1515,2326"/>
                <TextEquiv>
                    <Unicode>brochen und durch den Schwur der Offiziere sorgt er</Unicode>
                </TextEquiv>
            </TextLine>
            <TextLine id="r1l45" custom="readingOrder {index:44;}">
                <Coords points="401,2359 1532,2380 1532,2343 1444,2330 401,2316"/>
                <Baseline points="409,2358 464,2359 520,2359 576,2360 632,2361 687,2361 743,2362 799,2363 855,2363 910,2364 966,2365 1022,2365 1078,2366 1133,2367 1189,2368 1245,2369 1301,2371 1356,2372 1412,2373 1468,2375 1524,2377"/>
                <TextEquiv>
                    <Unicode>dafür, daß er endlich im ersehnten Waffentanze stehen</Unicode>
                </TextEquiv>
            </TextLine>
            <TextLine id="r1l46" custom="readingOrder {index:45;}">
                <Coords points="411,2412 1516,2431 1467,2380 411,2359"/>
                <Baseline points="419,2406 473,2408 527,2409 582,2410 636,2411 691,2412 745,2413 800,2413 854,2414 909,2414 963,2415 1017,2416 1072,2416 1126,2417 1181,2418 1235,2418 1290,2419 1344,2420 1399,2422 1453,2423 1508,2425"/>
                <TextEquiv>
                    <Unicode>werde. Vielleicht auch sucht er den Tod, weil ihn sein</Unicode>
                </TextEquiv>
            </TextLine>
            <TextLine id="r1l47" custom="readingOrder {index:46;}">
                <Coords points="406,2469 1514,2489 1524,2443 407,2414"/>
                <Baseline points="414,2457 469,2458 524,2459 579,2460 634,2460 689,2461 744,2462 799,2463 854,2464 909,2464 965,2465 1020,2466 1075,2467 1130,2467 1185,2468 1240,2469 1295,2470 1350,2470 1405,2471 1460,2472 1516,2472"/>
                <TextEquiv>
                    <Unicode>junges Weib betrogen. Ihrem Verlangen nach Leben</Unicode>
                </TextEquiv>
            </TextLine>
            <TextLine id="r1l48" custom="readingOrder {index:47;}">
                <Coords points="395,2501 1076,2539 1491,2533 1524,2492 396,2477"/>
                <Baseline points="402,2509 457,2509 513,2510 569,2510 624,2510 680,2511 736,2511 791,2512 847,2513 903,2513 959,2514 1014,2515 1070,2516 1126,2517 1181,2518 1237,2519 1293,2520 1348,2522 1404,2523 1460,2524 1516,2526"/>
                <TextEquiv>
                    <Unicode>macht er vorher durch einen raschen Schuß ein Ende.</Unicode>
                </TextEquiv>
            </TextLine>
            <TextLine id="r1l49" custom="readingOrder {index:48;}">
                <Coords points="395,2552 1470,2591 1510,2587 1511,2539 395,2503"/>
                <Baseline points="402,2563 457,2562 512,2562 567,2561 622,2561 677,2562 732,2562 787,2562 842,2563 897,2564 952,2565 1007,2565 1062,2566 1117,2567 1172,2568 1227,2569 1282,2570 1337,2571 1392,2572 1447,2573 1503,2574"/>
                <TextEquiv>
                    <Unicode>Den stillen Forstadjunkten lockt das Leben in stillem</Unicode>
                </TextEquiv>
            </TextLine>
            <TextLine id="r1l50" custom="readingOrder {index:49;}">
                <Coords points="400,2624 1486,2639 1516,2582 400,2563"/>
                <Baseline points="407,2614 462,2612 517,2612 572,2611 627,2610 682,2610 737,2610 792,2611 847,2612 902,2612 957,2613 1012,2614 1067,2616 1122,2617 1177,2618 1232,2619 1287,2620 1342,2621 1397,2622 1452,2623 1508,2624"/>
                <TextEquiv>
                    <Unicode>Jagdhaus am dunklen See, er wirft Katharina weg,</Unicode>
                </TextEquiv>
            </TextLine>
            <TextLine id="r1l51" custom="readingOrder {index:50;}">
                <Coords points="393,2665 1267,2690 1315,2663 1377,2693 1519,2675 1520,2641 393,2617"/>
                <Baseline points="401,2660 456,2659 512,2659 567,2659 623,2659 678,2660 734,2660 789,2661 845,2662 900,2663 956,2664 1012,2664 1067,2665 1123,2666 1178,2667 1234,2668 1289,2668 1345,2669 1400,2669 1456,2669 1512,2669"/>
                <TextEquiv>
                    <Unicode>weil es in ihm nach Marie noch lauter ruft. Auch der</Unicode>
                </TextEquiv>
            </TextLine>
            <TextLine id="r1l52" custom="readingOrder {index:51;}">
                <Coords points="401,2705 1483,2735 1521,2685 402,2668"/>
                <Baseline points="409,2709 464,2710 519,2710 574,2711 629,2711 684,2712 739,2712 795,2713 850,2713 905,2714 960,2714 1015,2715 1070,2715 1125,2716 1181,2717 1236,2718 1291,2719 1346,2719 1401,2720 1456,2722 1512,2723"/>
                <TextEquiv>
                    <Unicode>bejahrte Doktor Schindler fühlt ein Sehnen nach einem</Unicode>
                </TextEquiv>
            </TextLine>
            <TextLine id="r1l53" custom="readingOrder {index:52;}">
                <Coords points="392,2778 1476,2788 1520,2744 393,2726"/>
                <Baseline points="400,2760 455,2760 511,2759 566,2759 622,2760 678,2760 733,2761 789,2761 844,2762 900,2763 956,2764 1011,2765 1067,2766 1122,2766 1178,2768 1234,2768 1289,2769 1345,2770 1400,2771 1456,2771 1512,2772"/>
                <TextEquiv>
                    <Unicode>andern Leben, als er bisher gelebt, in den Wechselfällen</Unicode>
                </TextEquiv>
            </TextLine>
            <TextLine id="r1l54" custom="readingOrder {index:53;}">
                <Coords points="399,2821 1508,2819 1508,2783 1443,2775 400,2775"/>
                <Baseline points="408,2809 462,2809 517,2810 571,2810 626,2811 681,2811 735,2812 790,2812 845,2813 899,2814 954,2814 1009,2815 1063,2815 1118,2816 1173,2817 1227,2818 1282,2818 1337,2819 1391,2820 1446,2821 1501,2822"/>
                <TextEquiv>
                    <Unicode>des Krieges hofft er es zu finden, er wird Feldarzt. Er</Unicode>
                </TextEquiv>
            </TextLine>
            <TextLine id="r1l55" custom="readingOrder {index:54;}">
                <Coords points="389,2867 1404,2892 1511,2867 1512,2829 389,2824"/>
                <Baseline points="396,2859 451,2859 506,2859 562,2860 617,2860 673,2861 728,2862 783,2863 839,2864 894,2865 950,2866 1005,2867 1060,2868 1116,2869 1171,2869 1227,2870 1282,2870 1337,2870 1393,2870 1448,2870 1504,2869"/>
                <TextEquiv>
                    <Unicode>denkt aber nicht nur an sich, er zeigt dem Forstadjunk¬</Unicode>
                </TextEquiv>
            </TextLine>
            <TextLine id="r1l56" custom="readingOrder {index:55;}">
                <Coords points="392,2911 1514,2926 1514,2882 392,2874"/>
                <Baseline points="399,2909 454,2909 509,2909 565,2910 620,2910 676,2910 731,2911 786,2912 842,2912 897,2913 953,2914 1008,2915 1063,2916 1119,2917 1174,2917 1230,2918 1285,2918 1340,2919 1396,2920 1451,2920 1507,2920"/>
                <TextEquiv>
                    <Unicode>ten, zeigt Marie den Weg zum Leben, und als diese ent¬</Unicode>
                </TextEquiv>
            </TextLine>
            <TextLine id="r1l57" custom="readingOrder {index:56;}">
                <Coords points="386,2951 1223,2994 1459,2983 1509,2926 386,2922"/>
                <Baseline points="394,2959 449,2959 504,2958 559,2958 615,2959 670,2959 725,2961 781,2961 836,2963 891,2964 947,2965 1002,2966 1057,2967 1112,2968 1168,2969 1223,2969 1278,2970 1334,2970 1389,2970 1444,2970 1500,2969"/>
                <TextEquiv>
                    <Unicode>setzt zurückfährt, denn sie hat gesehen. wie Frauen be¬</Unicode>
                </TextEquiv>
            </TextLine>
            <TextLine id="r1l58" custom="readingOrder {index:57;}">
                <Coords points="390,3007 1449,3035 1513,3022 1514,2987 390,2984"/>
                <Baseline points="398,3008 453,3009 508,3010 564,3011 619,3011 675,3012 730,3013 785,3014 841,3014 896,3015 952,3016 1007,3017 1062,3017 1118,3018 1173,3019 1229,3019 1284,3020 1339,3020 1395,3020 1450,3020 1506,3020"/>
                <TextEquiv>
                    <Unicode>trügen, locken, ehrlich sind und sterben, wie Männer</Unicode>
                </TextEquiv>
            </TextLine>
            <TextLine id="r1l59" custom="readingOrder {index:58;}">
                <Coords points="388,3083 1421,3089 1512,3059 1344,3024 388,3031"/>
                <Baseline points="396,3063 451,3062 506,3061 562,3061 617,3061 673,3061 728,3062 783,3062 839,3063 894,3064 950,3064 1005,3065 1060,3066 1116,3067 1171,3068 1227,3069 1282,3069 1337,3070 1393,3070 1448,3070 1504,3070"/>
                <TextEquiv>
                    <Unicode>zittern, spielen, höhnen und töten“, da weist er sie einen</Unicode>
                </TextEquiv>
            </TextLine>
            <TextLine id="r1l60" custom="readingOrder {index:59;}">
                <Coords points="388,3115 1379,3140 1508,3106 1170,3069 389,3086"/>
                <Baseline points="396,3113 451,3112 506,3112 561,3112 616,3112 672,3113 727,3113 782,3113 837,3114 892,3114 948,3115 1003,3116 1058,3116 1113,3117 1168,3118 1224,3118 1279,3119 1334,3119 1389,3120 1444,3120 1500,3120"/>
                <TextEquiv>
                    <Unicode>andern Weg, den lichten Weg des friedlichen Lebens.</Unicode>
                </TextEquiv>
            </TextLine>
            <TextLine id="r1l61" custom="readingOrder {index:60;}">
                <Coords points="392,3158 1491,3187 1492,3143 483,3115 393,3141"/>
                <Baseline points="400,3161 454,3162 508,3163 562,3163 616,3164 671,3164 725,3164 779,3165 833,3165 887,3165 942,3165 996,3166 1050,3166 1104,3166 1158,3166 1213,3167 1267,3167 1321,3168 1375,3168 1429,3168 1484,3169"/>
                <TextEquiv>
                    <Unicode>„Und wer weiß, ob Ihnen nicht später —viel später ein¬</Unicode>
                </TextEquiv>
            </TextLine>
            <TextLine id="r1l62" custom="readingOrder {index:61;}">
                <Coords points="385,3209 1495,3235 1475,3178 385,3178"/>
                <Baseline points="392,3213 446,3213 501,3214 556,3214 611,3214 665,3215 720,3215 775,3215 830,3216 884,3216 939,3217 994,3217 1049,3218 1103,3218 1158,3219 1213,3219 1268,3220 1322,3220 1377,3221 1432,3221 1487,3222"/>
                <TextEquiv>
                    <Unicode>mal aus einem Tag wie der heutige der Ruf des Lebens</Unicode>
                </TextEquiv>
            </TextLine>
            <TextLine id="r1l63" custom="readingOrder {index:62;}">
                <Coords points="380,3271 1494,3294 1495,3241 381,3204"/>
                <Baseline points="387,3262 444,3261 502,3262 560,3262 618,3262 676,3263 734,3263 791,3264 849,3265 907,3266 965,3267 1023,3268 1081,3268 1138,3269 1196,3270 1254,3270 1312,3271 1370,3271 1428,3271 1486,3271"/>
                <TextEquiv>
                    <Unicode>viel reiner und tiefer in die Seele klingen wird, als an</Unicode>
                </TextEquiv>
            </TextLine>
            <TextLine id="r1l64" custom="readingOrder {index:63;}">
                <Coords points="376,3319 1504,3334 1488,3280 376,3282"/>
                <Baseline points="383,3315 438,3315 494,3315 550,3314 605,3314 661,3315 717,3315 772,3315 828,3316 884,3316 940,3317 995,3317 1051,3317 1107,3318 1162,3318 1218,3318 1274,3318 1329,3318 1385,3318 1441,3317 1497,3316"/>
                <TextEquiv>
                    <Unicode>jenem andern, da Sie Dinge erlebt haben, die so furcht¬</Unicode>
                </TextEquiv>
            </TextLine>
            <TextLine id="r1l65" custom="readingOrder {index:64;}">
                <Coords points="379,3378 1404,3387 1483,3368 1484,3331 380,3321"/>
                <Baseline points="387,3360 441,3360 495,3361 550,3361 604,3361 659,3362 713,3363 768,3363 822,3364 877,3365 931,3365 985,3366 1040,3367 1094,3367 1149,3368 1203,3368 1258,3369 1312,3369 1367,3369 1421,3370 1476,3370"/>
                <TextEquiv>
                    <Unicode>bare und glühende Namen tragen wie Mord und Liebe.“</Unicode>
                </TextEquiv>
            </TextLine>
            <TextLine id="r1l66" custom="readingOrder {index:65;}">
                <Coords points="377,3423 1498,3415 1498,3381 1227,3370 377,3377"/>
                <Baseline points="384,3410 439,3409 494,3409 549,3409 605,3410 660,3410 715,3411 771,3412 826,3413 881,3414 937,3415 992,3416 1047,3417 1102,3418 1158,3419 1213,3419 1268,3419 1324,3419 1379,3419 1434,3419 1490,3418"/>
                <TextEquiv>
                    <Unicode>Selbst der alte kranke Vater klammert sich mit ver¬</Unicode>
                </TextEquiv>
            </TextLine>
            <TextLine id="r1l67" custom="readingOrder {index:66;}">
                <Coords points="385,3465 1495,3485 1495,3426 1463,3422 385,3420"/>
                <Baseline points="392,3463 446,3462 501,3462 556,3461 611,3461 666,3461 720,3462 775,3462 830,3463 885,3464 940,3465 994,3466 1049,3467 1104,3468 1159,3468 1214,3469 1268,3469 1323,3469 1378,3469 1433,3468 1488,3467"/>
                <TextEquiv>
                    <Unicode>zweifelter Kraft an das Leben. Er war es, der damals</Unicode>
                </TextEquiv>
            </TextLine>
            <TextLine id="r1l68" custom="readingOrder {index:67;}">
                <Coords points="373,3513 1488,3523 1488,3486 1422,3478 373,3477"/>
                <Baseline points="381,3513 438,3513 496,3512 554,3512 612,3512 670,3513 728,3513 785,3514 843,3515 901,3515 959,3516 1017,3517 1075,3518 1132,3518 1190,3519 1248,3519 1306,3520 1364,3520 1422,3519 1480,3519"/>
                <TextEquiv>
                    <Unicode>die Flucht der blauen Kürassiere verschuldet hat, und</Unicode>
                </TextEquiv>
            </TextLine>
            <TextLine id="r1l69" custom="readingOrder {index:68;}">
                <Coords points="370,3557 1487,3588 1487,3539 1435,3522 370,3532"/>
                <Baseline points="377,3566 432,3564 487,3564 542,3563 597,3563 652,3562 707,3562 762,3563 817,3563 872,3563 928,3564 983,3564 1038,3565 1093,3566 1148,3566 1203,3567 1258,3568 1313,3568 1368,3569 1423,3569 1479,3570"/>
                <TextEquiv>
                    <Unicode>nun lacht er höhnisch bei dem Gedanken, daß er allein</Unicode>
                </TextEquiv>
            </TextLine>
            <TextLine id="r1l70" custom="readingOrder {index:69;}">
                <Coords points="385,3618 1492,3618 1423,3575 385,3581"/>
                <Baseline points="392,3613 446,3613 501,3613 555,3613 610,3613 665,3613 719,3613 774,3613 828,3613 883,3614 938,3614 992,3615 1047,3615 1101,3616 1156,3616 1211,3617 1265,3617 1320,3618 1374,3618 1429,3618 1484,3619"/>
                <TextEquiv>
                    <Unicode>noch lebt, während so viele junge Leute um seiner</Unicode>
                </TextEquiv>
            </TextLine>
            <TextLine id="r1l71" custom="readingOrder {index:70;}">
                <Coords points="384,3671 1488,3664 1428,3624 384,3633"/>
                <Baseline points="392,3663 446,3663 500,3662 555,3662 609,3663 664,3663 718,3663 772,3664 827,3664 881,3665 936,3666 990,3666 1044,3667 1099,3667 1153,3667 1208,3667 1262,3667 1316,3667 1371,3666 1425,3665 1480,3664"/>
                <TextEquiv>
                    <Unicode>Schuld willen in den Tod gehen müßen. Und so schlin¬</Unicode>
                </TextEquiv>
            </TextLine>
            <TextLine id="r1l72" custom="readingOrder {index:71;}">
                <Coords points="383,3730 1491,3719 1491,3683 1370,3674 383,3669"/>
                <Baseline points="390,3715 444,3715 499,3715 553,3714 608,3714 663,3715 717,3715 772,3715 827,3715 881,3715 936,3716 991,3716 1045,3716 1100,3717 1155,3717 1209,3717 1264,3718 1319,3718 1373,3718 1428,3718 1483,3718"/>
                <TextEquiv>
                    <Unicode>gen sich all die Fäden, die dunklen und die lichten, zu</Unicode>
                </TextEquiv>
            </TextLine>
            <TextLine id="r1l73" custom="readingOrder {index:72;}">
                <Coords points="377,3783 1444,3781 1496,3764 1496,3715 377,3731"/>
                <Baseline points="384,3762 439,3763 494,3764 549,3764 604,3765 660,3765 715,3766 770,3766 825,3766 880,3766 936,3766 991,3766 1046,3766 1101,3766 1156,3766 1212,3766 1267,3765 1322,3765 1377,3765 1432,3765 1488,3765"/>
                <TextEquiv>
                    <Unicode>einem wunderbar feinen Gewebe, das nur äußerlich mit</Unicode>
                </TextEquiv>
            </TextLine>
            <TextLine id="r1l74" custom="readingOrder {index:73;}">
                <Coords points="370,3816 1475,3820 1475,3784 1420,3774 370,3777"/>
                <Baseline points="377,3811 431,3812 486,3813 540,3813 595,3814 649,3814 704,3814 758,3815 813,3815 867,3815 922,3815 977,3815 1031,3815 1086,3815 1140,3815 1195,3815 1249,3815 1304,3814 1358,3814 1413,3814 1468,3813"/>
                <TextEquiv>
                    <Unicode>ein paar bunten Blumen grell bemalt ist. Das Volks¬</Unicode>
                </TextEquiv>
            </TextLine>
            <TextLine id="r1l75" custom="readingOrder {index:74;}">
                <Coords points="366,3866 1485,3874 1451,3824 366,3823"/>
                <Baseline points="374,3864 429,3864 484,3865 539,3865 594,3865 650,3865 705,3865 760,3866 815,3866 870,3866 926,3866 981,3865 1036,3865 1091,3865 1146,3865 1202,3865 1257,3865 1312,3865 1367,3865 1422,3865 1478,3865"/>
                <TextEquiv>
                    <Unicode>theater hatte an das Schauspiel alle Mühe gewandt</Unicode>
                </TextEquiv>
            </TextLine>
            <TextLine id="r1l76" custom="readingOrder {index:75;}">
                <Coords points="365,3929 1504,3936 1491,3858 1409,3888 365,3868"/>
                <Baseline points="373,3912 429,3911 485,3911 541,3911 597,3910 653,3910 709,3910 766,3910 822,3910 878,3911 934,3911 990,3911 1046,3912 1102,3912 1159,3913 1215,3914 1271,3915 1327,3917 1383,3918 1439,3920 1496,3921"/>
                <TextEquiv>
                    <Unicode>und seine besten Kräfte ins Treffen geführt. Sollte man</Unicode>
                </TextEquiv>
            </TextLine>
            <TextLine id="r1l77" custom="readingOrder {index:76;}">
                <Coords points="398,4021 1516,4006 1516,3959 398,3955"/>
                <Baseline points="406,4002 461,4002 516,4002 571,4002 626,4002 681,4002 736,4002 791,4002 846,4002 901,4002 957,4002 1012,4002 1067,4002 1122,4002 1177,4002 1232,4002 1287,4002 1342,4002 1397,4003 1452,4003 1508,4003"/>
                <TextEquiv>
                    <Unicode>die Darstellung gebührend würdigen, müßte man eben¬</Unicode>
                </TextEquiv>
            </TextLine>
            <TextLine id="r1l78" custom="readingOrder {index:77;}">
                <Coords points="408,4059 1418,4086 1514,4075 1515,4036 408,4019"/>
                <Baseline points="415,4054 469,4054 524,4054 578,4054 633,4054 688,4054 742,4053 797,4053 851,4053 906,4053 961,4054 1015,4054 1070,4054 1124,4054 1179,4054 1234,4054 1288,4054 1343,4054 1397,4055 1452,4055 1507,4055"/>
                <TextEquiv>
                    <Unicode>so viel schreiben, wie über das Schauspiel selbst. Und</Unicode>
                </TextEquiv>
            </TextLine>
            <TextLine id="r1l79" custom="readingOrder {index:78;}">
                <Coords points="411,4137 508,4112 710,4132 860,4108 1083,4124 1067,4062 410,4065"/>
                <Baseline points="418,4107 450,4108 483,4108 516,4108 549,4108 582,4108 615,4108 647,4107 680,4106 713,4105 746,4105 779,4104 812,4103 845,4102 877,4101 910,4101 943,4100 976,4100 1009,4100 1042,4100 1075,4101"/>
                <TextEquiv>
                    <Unicode>dazu gebricht es leider an Raum.</Unicode>
                </TextEquiv>
            </TextLine>
            <TextLine id="r1l80" custom="readingOrder {index:79;}">
                <Coords points="1200,4163 1220,4171 1270,4171 1276,4176 1313,4169 1315,4095 1303,4093 1290,4081 1273,4086 1262,4076 1229,4084 1226,4081 1219,4087 1203,4085"/>
                <Baseline points="1208,4147 1240,4147 1273,4147 1306,4151"/>
                <TextEquiv>
                    <Unicode>#</Unicode>
                </TextEquiv>
            </TextLine>
            <TextEquiv>
                <Unicode>Vor drei Jahren hat Schnitzlers jüngstes Werk
in Berlin das Licht der Welt erblickt und drei volle
Jahre mußten vergehen, ehe es den Weg in seine Hei¬
mat fand. Es war der Weg zum Leben. In der Fremde
ist es ihm nicht wohl ergangen, die Berliner sahen nur
das Theaterstück und dieses hat ihnen mißfallen, da¬
heim aber wurde es liebevoll empfangen, die Wiener
haben ihren Dichter verstanden. Es ist ein starkes
Stück, ein Stück mit krassen Effekten, und doch keines
von jenen, die mit äußerlicher Pose, mit leerer Thea¬
tralik ihren Knoten schürzen. Nicht an der Oberfläche
liegt der Gedanke, er durchdringt das ganze Stück, jede
einzelne Person. Nicht nur Marie, die von ihrem alten
kranken Vater in selbstsüchtiger Mißgunst in dumpfer
Stube verspert gehalten wird, wohin kein Strahl des
lichten Lebens dringt, wo sie dahinwelken muß, ohne
zu erfahren, was Freude, was Glück ist, nicht nur ihr
gellt der Ruf des Lebens so überlaut, daß sie dem Va¬
ter Gift gibt, um nur einmal in des Geliebten Arme zu
eilen, ehe es zu spät. Auch alle die Anderen lockt der Ruf,
bald laut, bald leise. Die kleine Katharina, die dem
Tode verfallen ist, wie ihre beiden Schwestern, stürzt
sich blindlings in den tollen Strudel, um dann, wenn
das letzte Stündlein kommt, nicht trauern zu müssen,
daß sie nie gelebt. Da sind die blauen Kürassiere, deren
Regiment vor dreißig Jahren durch feige Flucht die
Schlacht verloren hat und die einander nun zugeschwo¬
ren haben, die Schmach ihrer Vorgänger zu tilgen, in
die vorderste Reihe zu treten und allesamt im Kampfe
zu sterben. Die Lust zu leben aber schreit in ihnen auf,
Albrecht eifert gegen das Schicksal, das sie unschuldig
büßen läßt, Max, der seinem Obersten die Frau gestoh¬
len, will nun zur Sühne in den Tod gehen, die Lockun¬
gen der Geliebten können ihn nicht wankend machen,
als aber Marie vor ihn tritt und mit ihr das Leben, da
stürmt er über die Leiche jener Frau mit ihr zu einer
letzten Liebesnacht. Des Obersten Leben aber ist der
Tod. Als er vor dreißig Jahren, ein junger Bursche
noch, in die Reihen der Krieger trat, da wurde eben
Frieden geschlossen, man hatte ihm vor seinem Lebens¬
wege die Thüre zugeschlagen. Dreißig Jahre mußte er
das als Spiel treiben, was ihm heiliger Ernst war.
Nun ist die Gelegenheit da. Ein neuer Krieg ist ausge¬
brochen und durch den Schwur der Offiziere sorgt er
dafür, daß er endlich im ersehnten Waffentanze stehen
werde. Vielleicht auch sucht er den Tod, weil ihn sein
junges Weib betrogen. Ihrem Verlangen nach Leben
macht er vorher durch einen raschen Schuß ein Ende.
Den stillen Forstadjunkten lockt das Leben in stillem
Jagdhaus am dunklen See, er wirft Katharina weg,
weil es in ihm nach Marie noch lauter ruft. Auch der
bejahrte Doktor Schindler fühlt ein Sehnen nach einem
andern Leben, als er bisher gelebt, in den Wechselfällen
des Krieges hofft er es zu finden, er wird Feldarzt. Er
denkt aber nicht nur an sich, er zeigt dem Forstadjunk¬
ten, zeigt Marie den Weg zum Leben, und als diese ent¬
setzt zurückfährt, denn sie hat gesehen. wie Frauen be¬
trügen, locken, ehrlich sind und sterben, wie Männer
zittern, spielen, höhnen und töten“, da weist er sie einen
andern Weg, den lichten Weg des friedlichen Lebens.
„Und wer weiß, ob Ihnen nicht später —viel später ein¬
mal aus einem Tag wie der heutige der Ruf des Lebens
viel reiner und tiefer in die Seele klingen wird, als an
jenem andern, da Sie Dinge erlebt haben, die so furcht¬
bare und glühende Namen tragen wie Mord und Liebe.“
Selbst der alte kranke Vater klammert sich mit ver¬
zweifelter Kraft an das Leben. Er war es, der damals
die Flucht der blauen Kürassiere verschuldet hat, und
nun lacht er höhnisch bei dem Gedanken, daß er allein
noch lebt, während so viele junge Leute um seiner
Schuld willen in den Tod gehen müßen. Und so schlin¬
gen sich all die Fäden, die dunklen und die lichten, zu
einem wunderbar feinen Gewebe, das nur äußerlich mit
ein paar bunten Blumen grell bemalt ist. Das Volks¬
theater hatte an das Schauspiel alle Mühe gewandt
und seine besten Kräfte ins Treffen geführt. Sollte man
die Darstellung gebührend würdigen, müßte man eben¬
so viel schreiben, wie über das Schauspiel selbst. Und
dazu gebricht es leider an Raum.
#</Unicode>
            </TextEquiv>
        </TextRegion>
        <TextRegion orientation="0.0" id="r2" custom="readingOrder {index:1;}">
            <Coords points="1752,1176 1752,3717 3013,3717 3013,1176"/>
            <TextLine id="r2l1" custom="readingOrder {index:0;}">
                <Coords points="2503,1211 2606,1234 2647,1219 2701,1237 2792,1214 2834,1232 2849,1219 2893,1232 2892,1137 2829,1137 2783,1159 2751,1144 2699,1167 2667,1166 2643,1145 2620,1162 2540,1168 2502,1145"/>
                <Baseline points="2511,1203 2537,1202 2564,1201 2591,1200 2617,1199 2644,1198 2671,1197 2698,1197 2724,1197 2751,1196 2778,1196 2804,1196 2831,1196 2858,1197 2885,1198"/>
                <TextEquiv>
                    <Unicode>Telephon 12.801.</Unicode>
                </TextEquiv>
            </TextLine>
            <TextLine id="r2l2" custom="readingOrder {index:1;}">
                <Coords points="2501,1330 2526,1318 2573,1321 2598,1304 2607,1312 2635,1313 2680,1298 2678,1263 2665,1269 2641,1253 2630,1258 2619,1251 2599,1271 2588,1261 2566,1259 2549,1249 2542,1257 2497,1255"/>
                <Baseline points="2508,1316 2535,1314 2563,1313 2590,1311 2618,1310 2645,1308 2673,1307"/>
                <TextEquiv>
                    <Unicode>Dee</Unicode>
                </TextEquiv>
            </TextLine>
            <TextLine id="r2l3" custom="readingOrder {index:2;}">
                <Coords points="1830,1346 1853,1351 1862,1342 1867,1345 1882,1337 1901,1340 1917,1333 1934,1338 1939,1333 1966,1335 1966,1301 1947,1299 1940,1303 1934,1299 1916,1308 1895,1304 1879,1307 1853,1294 1840,1307 1830,1305"/>
                <Baseline points="1838,1353 1868,1350 1898,1349 1928,1351 1958,1353"/>
                <TextEquiv>
                    <Unicode>S</Unicode>
                </TextEquiv>
            </TextLine>
            <TextLine id="r2l4" custom="readingOrder {index:3;}">
                <Coords points="2018,1389 2181,1369 2309,1390 2369,1367 2414,1389 2641,1335 2588,1310 2557,1338 2425,1333 2365,1288 2252,1296 2217,1323 2149,1293 2017,1316"/>
                <Baseline points="2025,1374 2055,1371 2085,1368 2116,1366 2146,1365 2177,1363 2207,1362 2237,1362 2268,1362 2298,1362 2329,1362 2359,1362 2389,1362 2420,1362 2450,1362 2481,1362 2511,1361 2541,1360 2572,1358 2602,1357 2633,1354"/>
                <TextEquiv>
                    <Unicode>„UBSENVEN</Unicode>
                </TextEquiv>
            </TextLine>
            <TextLine id="r2l5" custom="readingOrder {index:4;}">
                <Coords points="1805,1450 2890,1425 2888,1362 1804,1401"/>
                <Baseline points="1812,1440 1865,1439 1919,1437 1972,1435 2026,1433 2079,1432 2133,1431 2186,1429 2240,1428 2293,1427 2347,1426 2400,1425 2454,1424 2507,1423 2561,1422 2614,1421 2668,1420 2721,1418 2775,1416 2828,1415 2882,1412"/>
                <TextEquiv>
                    <Unicode>I. österr. behördl. konz. Unternehmen für Zeitungs-Ausschaltte</Unicode>
                </TextEquiv>
            </TextLine>
            <TextLine id="r2l6" custom="readingOrder {index:5;}">
                <Coords points="1928,1511 2772,1511 2771,1462 2715,1435 2693,1456 2454,1436 2355,1462 2304,1433 2185,1466 1927,1456"/>
                <Baseline points="1935,1501 1976,1502 2017,1503 2059,1503 2100,1503 2142,1503 2183,1502 2224,1502 2266,1501 2307,1500 2349,1499 2390,1498 2431,1496 2473,1495 2514,1494 2556,1493 2597,1492 2638,1491 2680,1490 2721,1489 2763,1488"/>
                <TextEquiv>
                    <Unicode>Wien, I., Concordiaplatz 4.</Unicode>
                </TextEquiv>
            </TextLine>
            <TextLine id="r2l7" custom="readingOrder {index:6;}">
                <Coords points="2125,1590 2177,1576 2202,1587 2239,1565 2331,1575 2343,1562 2441,1581 2492,1566 2513,1578 2571,1555 2571,1519 2479,1527 2378,1501 2360,1519 2320,1506 2241,1533 2175,1516 2124,1527"/>
                <Baseline points="2133,1562 2158,1562 2183,1563 2208,1563 2234,1563 2259,1563 2284,1563 2310,1563 2335,1563 2360,1562 2385,1562 2411,1561 2436,1561 2461,1560 2487,1559 2512,1558 2537,1557 2563,1555"/>
                <TextEquiv>
                    <Unicode>Vertretungen</Unicode>
                </TextEquiv>
            </TextLine>
            <TextLine id="r2l8" custom="readingOrder {index:7;}">
                <Coords points="1807,1625 2883,1611 2882,1577 2763,1561 1806,1597"/>
                <Baseline points="1815,1621 1868,1622 1921,1622 1974,1623 2027,1622 2080,1621 2133,1621 2186,1619 2239,1618 2292,1616 2345,1614 2398,1612 2451,1611 2504,1609 2557,1608 2610,1606 2663,1605 2716,1604 2769,1603 2822,1603 2875,1603"/>
                <TextEquiv>
                    <Unicode>in Berlin, Budapest, Chicago, Christiania, Genf, Kopen¬</Unicode>
                </TextEquiv>
            </TextLine>
            <TextLine id="r2l9" custom="readingOrder {index:8;}">
                <Coords points="1808,1683 2895,1648 2894,1620 2736,1604 1807,1625"/>
                <Baseline points="1816,1664 1869,1663 1923,1662 1976,1661 2030,1660 2083,1659 2137,1658 2190,1657 2244,1655 2297,1653 2351,1652 2405,1651 2458,1649 2512,1648 2565,1647 2619,1646 2672,1645 2726,1644 2779,1643 2833,1643 2887,1642"/>
                <TextEquiv>
                    <Unicode>hagen, London, Madrid, Mailand, Minneapolis, New-Vork,</Unicode>
                </TextEquiv>
            </TextLine>
            <TextLine id="r2l10" custom="readingOrder {index:9;}">
                <Coords points="1849,1714 2358,1687 2769,1715 2859,1692 2859,1657 1848,1681"/>
                <Baseline points="1857,1703 1906,1702 1956,1700 2006,1699 2055,1697 2105,1696 2155,1694 2204,1693 2254,1692 2304,1691 2354,1690 2403,1689 2453,1688 2503,1687 2552,1687 2602,1687 2652,1686 2701,1686 2751,1687 2801,1687 2851,1688"/>
                <TextEquiv>
                    <Unicode>Paris, Rom, San Francisco, Stockholm, St. Petersburg.</Unicode>
                </TextEquiv>
            </TextLine>
            <TextLine id="r2l11" custom="readingOrder {index:10;}">
                <Coords points="2141,1738 2299,1746 2317,1733 2342,1747 2381,1728 2401,1740 2450,1725 2499,1727 2531,1748 2562,1737 2561,1697 2512,1692 2303,1708 2141,1700"/>
                <Baseline points="2149,1731 2174,1729 2199,1728 2224,1726 2250,1726 2275,1725 2300,1724 2326,1724 2351,1723 2376,1723 2402,1723 2427,1723 2452,1723 2478,1723 2503,1722 2528,1722 2554,1722"/>
                <TextEquiv>
                    <Unicode>(Quelienangabe ohne Gowähr).</Unicode>
                </TextEquiv>
            </TextLine>
            <TextLine id="r2l12" custom="readingOrder {index:11;}">
                <Coords points="1796,1811 1945,1821 1966,1808 2038,1817 2062,1800 2081,1812 2175,1807 2174,1757 2108,1739 2055,1757 2011,1750 1993,1768 1960,1751 1936,1769 1856,1756 1837,1772 1795,1773"/>
                <Baseline points="1803,1810 1829,1810 1855,1810 1881,1810 1907,1810 1933,1810 1959,1810 1985,1809 2011,1809 2037,1808 2063,1807 2089,1807 2115,1805 2141,1804 2167,1802"/>
                <TextEquiv>
                    <Unicode>Ausschnitt aus</Unicode>
                </TextEquiv>
            </TextLine>
            <TextLine id="r2l13" custom="readingOrder {index:12;}">
                <Coords points="1910,1881 2749,1869 2930,1832 2929,1780 2187,1786 1908,1826"/>
                <Baseline points="1918,1870 1968,1868 2018,1865 2068,1863 2118,1861 2169,1859 2219,1858 2269,1857 2319,1855 2369,1854 2420,1852 2470,1851 2520,1849 2570,1848 2620,1846 2671,1845 2721,1843 2771,1841 2821,1839 2871,1837 2922,1834"/>
                <TextEquiv>
                    <Unicode>S OLLISOSonn- u. Montags Zeitung, Wien</Unicode>
                </TextEquiv>
            </TextLine>
            <TextLine id="r2l14" custom="readingOrder {index:13;}">
                <Coords points="2628,1892 2747,1888 2765,1900 2811,1888 2826,1898 2940,1889 2987,1900 2987,1845 2900,1863 2808,1853 2778,1870 2735,1868 2707,1848 2628,1856"/>
                <Baseline points="2635,1886 2661,1886 2687,1887 2714,1887 2740,1888 2767,1889 2793,1889 2820,1889 2846,1890 2873,1890 2899,1889 2926,1888 2952,1887 2979,1884"/>
                <TextEquiv>
                    <Unicode>nstagnlese.</Unicode>
                </TextEquiv>
            </TextLine>
            <TextLine id="r2l15" custom="readingOrder {index:14;}">
                <Coords points="1801,1955 1837,1946 1878,1922 1902,1917 1918,1927 1936,1924 1947,1933 1960,1931 1959,1886 1950,1888 1932,1877 1915,1885 1906,1877 1881,1886 1846,1879 1835,1884 1820,1873 1799,1882"/>
                <Baseline points="1807,1921 1836,1918 1865,1917 1894,1917 1923,1917 1953,1915"/>
                <TextEquiv>
                    <Unicode>vom:</Unicode>
                </TextEquiv>
            </TextLine>
            <TextLine id="r2l16" custom="readingOrder {index:15;}">
                <Coords points="2273,1997 2294,2006 2311,1997 2352,2004 2387,1992 2428,2008 2490,2001 2500,1992 2525,2009 2525,1960 2511,1962 2463,1928 2443,1933 2423,1925 2394,1939 2355,1920 2273,1926"/>
                <Baseline points="2280,1979 2306,1981 2332,1982 2359,1983 2385,1984 2411,1984 2438,1984 2464,1983 2490,1983 2517,1984"/>
                <TextEquiv>
                    <Unicode>Theater.</Unicode>
                </TextEquiv>
            </TextLine>
            <TextLine id="r2l17" custom="readingOrder {index:16;}">
                <Coords points="1916,2037 2954,2050 2986,1987 2448,2014 2175,1988 1916,2023"/>
                <Baseline points="1923,2049 1975,2047 2028,2045 2081,2044 2134,2042 2187,2041 2239,2040 2292,2040 2345,2039 2398,2039 2451,2039 2503,2039 2556,2039 2609,2040 2662,2040 2715,2040 2767,2040 2820,2041 2873,2041 2926,2041 2979,2041"/>
                <TextEquiv>
                    <Unicode>(Deutsches Volkstheater.) „Der Ruf des Lebens“ von</Unicode>
                </TextEquiv>
            </TextLine>
            <TextLine id="r2l18" custom="readingOrder {index:17;}">
                <Coords points="1805,2085 2926,2093 2985,2037 1805,2061"/>
                <Baseline points="1812,2090 1870,2089 1928,2088 1986,2087 2045,2086 2103,2085 2161,2085 2220,2084 2278,2083 2336,2082 2395,2081 2453,2080 2511,2080 2569,2079 2628,2079 2686,2079 2744,2079 2803,2080 2861,2081 2919,2081 2978,2083"/>
                <TextEquiv>
                    <Unicode>Artur Schnitzler. Das erste literarische Bühnenereignis dieser</Unicode>
                </TextEquiv>
            </TextLine>
            <TextLine id="r2l19" custom="readingOrder {index:18;}">
                <Coords points="1803,2135 2987,2135 2987,2067 1802,2086"/>
                <Baseline points="1810,2128 1868,2126 1927,2125 1985,2124 2044,2123 2102,2123 2161,2122 2219,2121 2278,2121 2336,2120 2395,2120 2453,2120 2512,2120 2570,2119 2629,2119 2687,2119 2746,2119 2804,2119 2863,2119 2921,2119 2980,2119"/>
                <TextEquiv>
                    <Unicode>Saison. Das Schauspiel des begabten Wiener Dichters ist keineswegs</Unicode>
                </TextEquiv>
            </TextLine>
            <TextLine id="r2l20" custom="readingOrder {index:19;}">
                <Coords points="1816,2175 2860,2175 2977,2131 1815,2131"/>
                <Baseline points="1824,2168 1881,2166 1938,2165 1995,2164 2053,2163 2110,2162 2167,2161 2225,2161 2282,2160 2339,2160 2397,2160 2454,2160 2511,2159 2568,2159 2626,2159 2683,2158 2740,2157 2798,2156 2855,2155 2912,2154 2970,2152"/>
                <TextEquiv>
                    <Unicode>einwandfrei. Seine technische Konstruktion — als Einheit genommen —</Unicode>
                </TextEquiv>
            </TextLine>
            <TextLine id="r2l21" custom="readingOrder {index:20;}">
                <Coords points="1808,2205 2772,2215 2957,2202 2982,2156 1808,2179"/>
                <Baseline points="1816,2209 1877,2207 1938,2205 1999,2204 2060,2203 2121,2202 2182,2201 2243,2200 2304,2199 2365,2199 2426,2198 2487,2198 2548,2197 2609,2197 2670,2196 2731,2196 2792,2195 2853,2195 2914,2194 2975,2193"/>
                <TextEquiv>
                    <Unicode>ist sozusagen verkehrt aufgezäumt. Die Katastrophe liegt im ersten</Unicode>
                </TextEquiv>
            </TextLine>
            <TextLine id="r2l22" custom="readingOrder {index:21;}">
                <Coords points="1819,2239 2964,2252 2984,2188 1819,2207"/>
                <Baseline points="1826,2246 1883,2245 1941,2245 1998,2244 2056,2243 2113,2242 2171,2242 2228,2241 2286,2240 2343,2240 2401,2239 2458,2239 2516,2238 2573,2238 2631,2237 2688,2237 2746,2237 2803,2237 2861,2237 2918,2238 2976,2238"/>
                <TextEquiv>
                    <Unicode>Akt, die eigentliche Begründung und Auseinanderlegung der Kräfte,</Unicode>
                </TextEquiv>
            </TextLine>
            <TextLine id="r2l23" custom="readingOrder {index:22;}">
                <Coords points="1810,2280 3021,2288 2997,2238 1809,2249"/>
                <Baseline points="1818,2287 1877,2286 1937,2284 1997,2283 2057,2282 2116,2281 2176,2280 2236,2279 2296,2279 2355,2278 2415,2278 2475,2277 2535,2277 2594,2277 2654,2276 2714,2276 2774,2276 2833,2276 2893,2275 2953,2275 3013,2275"/>
                <TextEquiv>
                    <Unicode>die das tragische Schicksal der Figuren bedingen, findet sich erst im</Unicode>
                </TextEquiv>
            </TextLine>
            <TextLine id="r2l24" custom="readingOrder {index:23;}">
                <Coords points="1815,2327 2938,2324 2990,2287 1814,2295"/>
                <Baseline points="1822,2324 1880,2323 1938,2323 1996,2322 2054,2322 2112,2321 2170,2320 2228,2320 2286,2319 2344,2319 2402,2318 2460,2317 2518,2317 2576,2316 2634,2315 2692,2314 2750,2313 2808,2312 2866,2311 2924,2310 2982,2309"/>
                <TextEquiv>
                    <Unicode>dritten Akt, der gleichzeitig als philosophischer Abgesang, als sym¬</Unicode>
                </TextEquiv>
            </TextLine>
            <TextLine id="r2l25" custom="readingOrder {index:24;}">
                <Coords points="1815,2367 2951,2360 2992,2306 1815,2328"/>
                <Baseline points="1822,2364 1880,2363 1938,2362 1996,2361 2054,2360 2112,2359 2170,2358 2228,2357 2286,2357 2344,2356 2403,2355 2461,2355 2519,2354 2577,2353 2635,2353 2693,2352 2751,2351 2809,2350 2867,2350 2925,2349 2984,2348"/>
                <TextEquiv>
                    <Unicode>bolischer Spruchsprecher der Moral von der Nichtigkeit alles Lebens</Unicode>
                </TextEquiv>
            </TextLine>
            <TextLine id="r2l26" custom="readingOrder {index:25;}">
                <Coords points="1815,2414 2551,2391 2660,2424 2952,2402 2982,2347 1814,2373"/>
                <Baseline points="1822,2404 1879,2401 1937,2399 1994,2397 2052,2396 2110,2395 2167,2394 2225,2393 2283,2393 2340,2393 2398,2392 2456,2392 2513,2392 2571,2392 2629,2392 2686,2391 2744,2391 2802,2390 2859,2389 2917,2387 2975,2385"/>
                <TextEquiv>
                    <Unicode>und der Nutzlosigkeit des Widerstandes gegen seine treibenden Instinkte</Unicode>
                </TextEquiv>
            </TextLine>
            <TextLine id="r2l27" custom="readingOrder {index:26;}">
                <Coords points="1855,2422 2591,2430 2601,2395 1855,2403"/>
                <Baseline points="1863,2422 1899,2421 1936,2420 1972,2418 2009,2418 2045,2417 2082,2417 2118,2417 2155,2417 2191,2417 2228,2417 2265,2417 2301,2417 2338,2417 2374,2417 2411,2416 2447,2416 2484,2416 2520,2415 2557,2414 2594,2413"/>
                <TextEquiv>
                    <Unicode>„hran dus Mronlags Wäluh</Unicode>
                </TextEquiv>
            </TextLine>
            <TextLine id="r2l28" custom="readingOrder {index:27;}">
                <Coords points="1751,2482 2953,2491 2970,2412 1751,2447"/>
                <Baseline points="1759,2479 1819,2481 1879,2482 1939,2483 1999,2484 2059,2485 2119,2485 2180,2486 2240,2486 2300,2486 2360,2486 2420,2485 2480,2485 2540,2484 2601,2483 2661,2483 2721,2482 2781,2481 2841,2479 2901,2478 2962,2477"/>
                <TextEquiv>
                    <Unicode>Ant. Aber mur dieser vote Moralsaden gibt dem Schauplele, biel 2</Unicode>
                </TextEquiv>
            </TextLine>
            <TextLine id="r2l29" custom="readingOrder {index:28;}">
                <Coords points="1762,2521 2983,2510 2917,2474 2674,2506 1762,2489"/>
                <Baseline points="1770,2524 1830,2525 1890,2526 1950,2526 2011,2527 2071,2527 2131,2527 2191,2527 2252,2527 2312,2527 2372,2527 2432,2526 2493,2525 2553,2525 2613,2524 2673,2523 2734,2523 2794,2522 2854,2521 2914,2520 2975,2519"/>
                <TextEquiv>
                    <Unicode>Einheit. Im Grunde sind es drei tragische Einzelfälle, bei denen es m</Unicode>
                </TextEquiv>
            </TextLine>
            <TextLine id="r2l30" custom="readingOrder {index:29;}">
                <Coords points="1748,2569 2787,2575 2922,2557 2922,2521 1748,2535"/>
                <Baseline points="1755,2565 1816,2565 1877,2565 1938,2565 1999,2565 2060,2565 2121,2566 2182,2566 2243,2567 2304,2567 2365,2567 2426,2567 2487,2567 2548,2567 2609,2566 2670,2565 2731,2564 2792,2562 2853,2559 2914,2556"/>
                <TextEquiv>
                    <Unicode>keineswegs der Entschuldigung symbolischer Absicht bedarf, um ihre</Unicode>
                </TextEquiv>
            </TextLine>
            <TextLine id="r2l31" custom="readingOrder {index:30;}">
                <Coords points="1747,2615 2925,2619 2925,2556 1747,2568"/>
                <Baseline points="1755,2606 1813,2605 1871,2605 1929,2604 1987,2604 2045,2604 2103,2604 2161,2604 2219,2605 2277,2605 2336,2605 2394,2605 2452,2605 2510,2604 2568,2604 2626,2603 2684,2602 2742,2601 2800,2599 2858,2597 2917,2594"/>
                <TextEquiv>
                    <Unicode>starke Wirkung zu erklären. Sie sind im besten Sinne tragisch, einfach</Unicode>
                </TextEquiv>
            </TextLine>
            <TextLine id="r2l32" custom="readingOrder {index:31;}">
                <Coords points="1745,2643 2957,2652 2966,2575 2714,2615 1745,2616"/>
                <Baseline points="1752,2644 1812,2644 1872,2644 1932,2644 1993,2644 2053,2644 2113,2644 2174,2644 2234,2644 2294,2644 2355,2644 2415,2644 2475,2643 2535,2643 2596,2643 2656,2642 2716,2642 2777,2641 2837,2640 2897,2638 2958,2637"/>
                <TextEquiv>
                    <Unicode>menschlich und auch in der technischen Form einwandfrei; wenigstens §</Unicode>
                </TextEquiv>
            </TextLine>
            <TextLine id="r2l33" custom="readingOrder {index:32;}">
                <Coords points="2918,2680 2928,2680 2929,2678 2934,2683 2940,2681 2944,2686 2949,2686 2963,2672 2975,2674 2975,2643 2963,2643 2955,2651 2954,2649 2944,2648 2940,2643 2929,2646 2918,2645"/>
                <Baseline points="2926,2673 2968,2673"/>
                <TextEquiv>
                    <Unicode>ch</Unicode>
                </TextEquiv>
            </TextLine>
            <TextLine id="r2l34" custom="readingOrder {index:33;}">
                <Coords points="1755,2678 2845,2691 2914,2681 2914,2645 1755,2655"/>
                <Baseline points="1763,2685 1820,2684 1877,2683 1934,2682 1991,2681 2049,2681 2106,2681 2163,2681 2220,2681 2277,2681 2335,2681 2392,2681 2449,2681 2506,2681 2563,2681 2621,2681 2678,2680 2735,2679 2792,2677 2849,2676 2907,2674"/>
                <TextEquiv>
                    <Unicode>soweit die beiden ersten Akte in Betracht kommen. Es sind</Unicode>
                </TextEquiv>
            </TextLine>
            <TextLine id="r2l35" custom="readingOrder {index:34;}">
                <Coords points="1763,2720 2978,2718 2822,2674 1763,2680"/>
                <Baseline points="1770,2722 1830,2721 1890,2721 1950,2721 2010,2721 2070,2721 2130,2721 2190,2721 2250,2721 2310,2721 2370,2721 2430,2721 2490,2720 2550,2720 2610,2719 2670,2718 2730,2717 2790,2716 2850,2715 2910,2712 2971,2710"/>
                <TextEquiv>
                    <Unicode>Tragödien von Weiblichkeiten, deren vehemente Sexualtriebe teilssn</Unicode>
                </TextEquiv>
            </TextLine>
            <TextLine id="r2l36" custom="readingOrder {index:35;}">
                <Coords points="1757,2757 2983,2759 2948,2717 1757,2722"/>
                <Baseline points="1765,2761 1825,2759 1886,2758 1946,2757 2007,2757 2067,2757 2128,2757 2188,2757 2249,2757 2309,2757 2370,2758 2430,2758 2491,2758 2551,2758 2612,2758 2672,2757 2733,2756 2793,2755 2854,2753 2914,2751 2975,2748"/>
                <TextEquiv>
                    <Unicode>durch Familienkonvention, teils durch eine unbefriedigende Ehe aufssu</Unicode>
                </TextEquiv>
            </TextLine>
            <TextLine id="r2l37" custom="readingOrder {index:36;}">
                <Coords points="1762,2806 2933,2799 2883,2758 1761,2762"/>
                <Baseline points="1769,2799 1826,2799 1884,2799 1942,2798 2000,2798 2058,2798 2115,2798 2173,2797 2231,2797 2289,2796 2347,2796 2404,2795 2462,2794 2520,2793 2578,2792 2636,2791 2693,2790 2751,2789 2809,2788 2867,2787 2925,2786"/>
                <TextEquiv>
                    <Unicode>höchste gereizt, die Hindernisse blind überwinden und dabei zugrund¬</Unicode>
                </TextEquiv>
            </TextLine>
            <TextLine id="r2l38" custom="readingOrder {index:37;}">
                <Coords points="1750,2844 2888,2826 2967,2861 2986,2780 1749,2804"/>
                <Baseline points="1757,2839 1818,2837 1879,2836 1940,2836 2001,2835 2062,2835 2123,2835 2184,2835 2245,2835 2306,2835 2368,2834 2429,2834 2490,2833 2551,2832 2612,2831 2673,2829 2734,2828 2795,2825 2856,2822 2917,2817 2979,2813"/>
                <TextEquiv>
                    <Unicode>gehen. Körperlich oder bloß seelisch. Diese drei verschiedenen Weiblich= i.</Unicode>
                </TextEquiv>
            </TextLine>
            <TextLine id="r2l39" custom="readingOrder {index:38;}">
                <Coords points="1760,2880 2605,2888 2920,2866 2920,2829 1759,2842"/>
                <Baseline points="1768,2876 1825,2875 1882,2875 1939,2875 1997,2875 2054,2875 2111,2875 2168,2875 2226,2875 2283,2875 2340,2875 2397,2874 2455,2874 2512,2873 2569,2872 2626,2870 2684,2868 2741,2866 2798,2864 2855,2860 2913,2857"/>
                <TextEquiv>
                    <Unicode>keiten werden von den Damen Hannemann, Müller und</Unicode>
                </TextEquiv>
            </TextLine>
            <TextLine id="r2l40" custom="readingOrder {index:39;}">
                <Coords points="1761,2915 2710,2926 2913,2902 2913,2861 1760,2881"/>
                <Baseline points="1769,2913 1825,2913 1882,2913 1939,2914 1996,2914 2053,2914 2110,2914 2166,2914 2223,2914 2280,2914 2337,2914 2394,2914 2451,2913 2508,2912 2564,2911 2621,2910 2678,2908 2735,2906 2792,2903 2849,2900 2906,2896"/>
                <TextEquiv>
                    <Unicode>Marberg getragen; es gibt einen Dreiklang von ganz außer¬</Unicode>
                </TextEquiv>
            </TextLine>
            <TextLine id="r2l41" custom="readingOrder {index:40;}">
                <Coords points="1759,2946 2924,2940 2923,2897 1758,2914"/>
                <Baseline points="1767,2953 1824,2953 1881,2952 1939,2952 1996,2952 2054,2952 2111,2951 2169,2951 2226,2951 2284,2951 2341,2951 2398,2951 2456,2950 2513,2949 2571,2948 2628,2947 2686,2945 2743,2943 2801,2941 2858,2938 2916,2934"/>
                <TextEquiv>
                    <Unicode>ordentlicher Wirkung; die herbe Selbstsicherheit der ersten, die liebliche</Unicode>
                </TextEquiv>
            </TextLine>
            <TextLine id="r2l42" custom="readingOrder {index:41;}">
                <Coords points="1760,3000 2916,2994 2916,2943 1760,2950"/>
                <Baseline points="1768,2993 1825,2992 1882,2992 1939,2992 1996,2992 2053,2991 2110,2991 2167,2991 2224,2991 2281,2990 2338,2990 2395,2989 2452,2989 2509,2988 2566,2987 2623,2986 2680,2984 2737,2983 2794,2981 2851,2979 2909,2976"/>
                <TextEquiv>
                    <Unicode>Bedenkenlosigkeit und Verlorenheit der anderen und die starke, derbe</Unicode>
                </TextEquiv>
            </TextLine>
            <TextLine id="r2l43" custom="readingOrder {index:42;}">
                <Coords points="1753,3032 2917,3018 2860,2984 1753,2995"/>
                <Baseline points="1761,3032 1818,3032 1875,3032 1933,3032 1990,3032 2048,3032 2105,3032 2162,3032 2220,3032 2277,3031 2335,3031 2392,3030 2449,3029 2507,3028 2564,3027 2622,3025 2679,3024 2736,3022 2794,3020 2851,3018 2909,3015"/>
                <TextEquiv>
                    <Unicode>Sinnlichkeit der dritten. Die Träger der männlichen Rollen kommen</Unicode>
                </TextEquiv>
            </TextLine>
            <TextLine id="r2l44" custom="readingOrder {index:43;}">
                <Coords points="1762,3080 2892,3070 2914,3028 1761,3040"/>
                <Baseline points="1769,3070 1825,3070 1882,3070 1939,3070 1996,3070 2053,3070 2110,3070 2166,3069 2223,3069 2280,3069 2337,3069 2394,3068 2451,3068 2508,3067 2564,3066 2621,3065 2678,3064 2735,3062 2792,3060 2849,3058 2906,3055"/>
                <TextEquiv>
                    <Unicode>auch beim Dichter weit schlechter weg. Sie sind beinahe durchaus</Unicode>
                </TextEquiv>
            </TextLine>
            <TextLine id="r2l45" custom="readingOrder {index:44;}">
                <Coords points="1753,3102 2476,3125 2901,3108 2915,3071 1753,3077"/>
                <Baseline points="1761,3108 1818,3109 1875,3109 1932,3110 1990,3110 2047,3110 2104,3110 2162,3110 2219,3110 2276,3110 2334,3109 2391,3108 2448,3107 2505,3106 2563,3105 2620,3103 2677,3102 2735,3100 2792,3099 2849,3097 2907,3095"/>
                <TextEquiv>
                    <Unicode>Poseure einer konventionellen Geste. Weder Männchen noch Männer;</Unicode>
                </TextEquiv>
            </TextLine>
            <TextLine id="r2l46" custom="readingOrder {index:45;}">
                <Coords points="1766,3161 2918,3148 2918,3109 1765,3115"/>
                <Baseline points="1773,3147 1829,3148 1886,3149 1943,3149 2000,3149 2057,3150 2114,3150 2171,3149 2228,3149 2285,3149 2342,3148 2398,3147 2455,3146 2512,3145 2569,3144 2626,3143 2683,3141 2740,3140 2797,3138 2854,3137 2911,3134"/>
                <TextEquiv>
                    <Unicode>bis auf den alten Moser, diesen Typus egoistischen Lebensdurstes,</Unicode>
                </TextEquiv>
            </TextLine>
            <TextLine id="r2l47" custom="readingOrder {index:46;}">
                <Coords points="1749,3196 2917,3177 2892,3138 1749,3164"/>
                <Baseline points="1757,3191 1814,3191 1872,3190 1929,3189 1987,3189 2045,3188 2102,3188 2160,3187 2217,3187 2275,3186 2333,3185 2390,3185 2448,3184 2505,3183 2563,3182 2621,3181 2678,3179 2736,3178 2793,3176 2851,3173 2909,3171"/>
                <TextEquiv>
                    <Unicode>dem Herr Homma noch immer einen Schimmer von Liebenswürdigkeit</Unicode>
                </TextEquiv>
            </TextLine>
            <TextLine id="r2l48" custom="readingOrder {index:47;}">
                <Coords points="1767,3242 2879,3225 2923,3185 1766,3202"/>
                <Baseline points="1774,3229 1831,3229 1888,3229 1945,3230 2002,3230 2059,3230 2116,3230 2173,3229 2230,3229 2287,3228 2345,3227 2402,3226 2459,3225 2516,3224 2573,3223 2630,3221 2687,3219 2744,3217 2801,3215 2858,3212 2916,3209"/>
                <TextEquiv>
                    <Unicode>verleiht. Winzig freilich, aber doch stark genug, um die vater¬</Unicode>
                </TextEquiv>
            </TextLine>
            <TextLine id="r2l49" custom="readingOrder {index:48;}">
                <Coords points="1761,3286 2840,3266 2924,3230 1760,3240"/>
                <Baseline points="1769,3266 1826,3267 1883,3267 1941,3267 1998,3267 2056,3267 2113,3266 2170,3266 2228,3266 2285,3265 2343,3264 2400,3264 2457,3263 2515,3261 2572,3261 2630,3259 2687,3258 2744,3256 2802,3254 2859,3252 2917,3250"/>
                <TextEquiv>
                    <Unicode>mörderische Tochter ins Unrecht zu setzen. Sehr gut Herr Weisse,</Unicode>
                </TextEquiv>
            </TextLine>
            <TextLine id="r2l50" custom="readingOrder {index:49;}">
                <Coords points="1766,3314 2752,3291 2939,3326 2938,3246 1766,3274"/>
                <Baseline points="1774,3304 1831,3305 1889,3305 1947,3305 2005,3305 2063,3305 2120,3305 2178,3305 2236,3305 2294,3305 2352,3304 2409,3304 2467,3303 2525,3302 2583,3300 2641,3299 2698,3297 2756,3295 2814,3292 2872,3289 2930,3286"/>
                <TextEquiv>
                    <Unicode>dessen Oberst eine gewisse edle Verhaltenheit zeigt; eine innerliche</Unicode>
                </TextEquiv>
            </TextLine>
            <TextLine id="r2l51" custom="readingOrder {index:50;}">
                <Coords points="1759,3357 2918,3347 2927,3296 1759,3311"/>
                <Baseline points="1767,3345 1824,3346 1882,3346 1939,3346 1997,3346 2055,3346 2112,3345 2170,3345 2227,3345 2285,3344 2343,3343 2400,3342 2458,3342 2515,3341 2573,3340 2631,3338 2688,3337 2746,3336 2803,3334 2861,3333 2919,3331"/>
                <TextEquiv>
                    <Unicode>Erregtheit, die beredter ist als Worte und doch noch nicht stark genug,</Unicode>
                </TextEquiv>
            </TextLine>
            <TextLine id="r2l52" custom="readingOrder {index:51;}">
                <Coords points="1753,3400 2927,3369 2871,3333 1753,3359"/>
                <Baseline points="1760,3386 1821,3385 1882,3384 1943,3384 2004,3383 2065,3383 2126,3383 2187,3383 2248,3382 2309,3382 2370,3381 2431,3381 2492,3380 2553,3378 2614,3377 2675,3376 2736,3374 2797,3371 2858,3368 2919,3365"/>
                <TextEquiv>
                    <Unicode>um die Brutalität des vorbereiteten Gattenmordes zu mildern. Die</Unicode>
                </TextEquiv>
            </TextLine>
            <TextLine id="r2l53" custom="readingOrder {index:52;}">
                <Coords points="1763,3422 2347,3437 2946,3394 2843,3363 1762,3393"/>
                <Baseline points="1771,3425 1829,3424 1887,3424 1946,3423 2004,3423 2063,3422 2121,3421 2179,3421 2238,3420 2296,3420 2355,3419 2413,3419 2471,3418 2530,3417 2588,3416 2647,3414 2705,3413 2763,3411 2822,3409 2880,3407 2939,3405"/>
                <TextEquiv>
                    <Unicode>Herren Kramer, Klitsch, Kutschera, Edthofer und Frau</Unicode>
                </TextEquiv>
            </TextLine>
            <TextLine id="r2l54" custom="readingOrder {index:53;}">
                <Coords points="1759,3447 2698,3466 2897,3459 2941,3414 1759,3421"/>
                <Baseline points="1767,3461 1825,3462 1883,3463 1941,3463 2000,3464 2058,3464 2116,3463 2175,3463 2233,3462 2291,3462 2350,3461 2408,3460 2466,3459 2524,3458 2583,3456 2641,3455 2699,3453 2758,3452 2816,3450 2874,3449 2933,3447"/>
                <TextEquiv>
                    <Unicode>Schweighofer haben durchwegs Lückenbüßerrollen, wenn aucht</Unicode>
                </TextEquiv>
            </TextLine>
            <TextLine id="r2l55" custom="readingOrder {index:54;}">
                <Coords points="1764,3503 2938,3506 2938,3458 1764,3474"/>
                <Baseline points="1771,3504 1832,3504 1893,3503 1954,3503 2015,3502 2076,3502 2137,3501 2198,3500 2259,3499 2320,3498 2381,3497 2442,3496 2503,3494 2564,3493 2625,3492 2686,3491 2747,3490 2808,3489 2869,3489 2930,3488"/>
                <TextEquiv>
                    <Unicode>zwei davon dem unerbittlichen Schiedsspruche des Dichters zum Opfer</Unicode>
                </TextEquiv>
            </TextLine>
            <TextLine id="r2l56" custom="readingOrder {index:55;}">
                <Coords points="1776,3547 2939,3535 2938,3498 2735,3487 1775,3512"/>
                <Baseline points="1783,3542 1840,3541 1897,3540 1955,3540 2012,3539 2070,3538 2127,3538 2184,3537 2242,3537 2299,3536 2357,3536 2414,3536 2471,3535 2529,3534 2586,3533 2644,3532 2701,3531 2758,3530 2816,3528 2873,3526 2931,3524"/>
                <TextEquiv>
                    <Unicode>fallen; überhaupt geht Schnitzlex mit dem Leben der Figuren gar</Unicode>
                </TextEquiv>
            </TextLine>
            <TextLine id="r2l57" custom="readingOrder {index:56;}">
                <Coords points="1777,3586 2935,3567 2900,3526 1777,3545"/>
                <Baseline points="1785,3579 1842,3579 1899,3579 1956,3578 2013,3578 2070,3578 2127,3578 2184,3577 2241,3577 2298,3576 2356,3575 2413,3575 2470,3574 2527,3573 2584,3572 2641,3571 2698,3570 2755,3568 2812,3567 2869,3565 2927,3563"/>
                <TextEquiv>
                    <Unicode>souveräu um; man würde dem milden Dichter, der sich wiederhol¬</Unicode>
                </TextEquiv>
            </TextLine>
            <TextLine id="r2l58" custom="readingOrder {index:57;}">
                <Coords points="1769,3621 2092,3651 2942,3617 2920,3565 1769,3585"/>
                <Baseline points="1777,3617 1834,3618 1892,3619 1950,3619 2008,3619 2066,3619 2124,3619 2182,3618 2240,3617 2298,3616 2356,3615 2413,3614 2471,3613 2529,3611 2587,3610 2645,3609 2703,3608 2761,3607 2819,3607 2877,3607 2935,3607"/>
                <TextEquiv>
                    <Unicode>dem Publikum zeigen mußte, so viel grausame Mordlust gar nich</Unicode>
                </TextEquiv>
            </TextLine>
            <TextLine id="r2l59" custom="readingOrder {index:58;}">
                <Coords points="1755,3654 1764,3652 1802,3685 1817,3672 1847,3664 1866,3677 1895,3662 1936,3666 1960,3659 1960,3641 1942,3641 1906,3624 1842,3630 1831,3623 1814,3629 1802,3622 1755,3622"/>
                <Baseline points="1763,3661 1790,3658 1817,3657 1844,3655 1871,3655 1898,3655 1925,3655 1953,3655"/>
                <TextEquiv>
                    <Unicode>zumuten.</Unicode>
                </TextEquiv>
            </TextLine>
            <TextLine id="r2l60" custom="readingOrder {index:59;}">
                <Coords points="1868,3720 2060,3732 2077,3719 2095,3732 2319,3717 2319,3648 2232,3652 2203,3632 2092,3674 2022,3658 1865,3672"/>
                <Baseline points="1875,3703 1900,3705 1926,3707 1952,3707 1978,3707 2003,3707 2029,3706 2055,3704 2081,3702 2106,3700 2132,3697 2158,3695 2184,3694 2209,3692 2235,3690 2261,3690 2287,3690 2313,3690"/>
                <TextEquiv>
                    <Unicode>(Volksoner##</Unicode>
                </TextEquiv>
            </TextLine>
            <TextEquiv>
                <Unicode>Telephon 12.801.
Dee
S
„UBSENVEN
I. österr. behördl. konz. Unternehmen für Zeitungs-Ausschaltte
Wien, I., Concordiaplatz 4.
Vertretungen
in Berlin, Budapest, Chicago, Christiania, Genf, Kopen¬
hagen, London, Madrid, Mailand, Minneapolis, New-Vork,
Paris, Rom, San Francisco, Stockholm, St. Petersburg.
(Quelienangabe ohne Gowähr).
Ausschnitt aus
S OLLISOSonn- u. Montags Zeitung, Wien
nstagnlese.
vom:
Theater.
(Deutsches Volkstheater.) „Der Ruf des Lebens“ von
Artur Schnitzler. Das erste literarische Bühnenereignis dieser
Saison. Das Schauspiel des begabten Wiener Dichters ist keineswegs
einwandfrei. Seine technische Konstruktion — als Einheit genommen —
ist sozusagen verkehrt aufgezäumt. Die Katastrophe liegt im ersten
Akt, die eigentliche Begründung und Auseinanderlegung der Kräfte,
die das tragische Schicksal der Figuren bedingen, findet sich erst im
dritten Akt, der gleichzeitig als philosophischer Abgesang, als sym¬
bolischer Spruchsprecher der Moral von der Nichtigkeit alles Lebens
und der Nutzlosigkeit des Widerstandes gegen seine treibenden Instinkte
„hran dus Mronlags Wäluh
Ant. Aber mur dieser vote Moralsaden gibt dem Schauplele, biel 2
Einheit. Im Grunde sind es drei tragische Einzelfälle, bei denen es m
keineswegs der Entschuldigung symbolischer Absicht bedarf, um ihre
starke Wirkung zu erklären. Sie sind im besten Sinne tragisch, einfach
menschlich und auch in der technischen Form einwandfrei; wenigstens §
ch
soweit die beiden ersten Akte in Betracht kommen. Es sind
Tragödien von Weiblichkeiten, deren vehemente Sexualtriebe teilssn
durch Familienkonvention, teils durch eine unbefriedigende Ehe aufssu
höchste gereizt, die Hindernisse blind überwinden und dabei zugrund¬
gehen. Körperlich oder bloß seelisch. Diese drei verschiedenen Weiblich= i.
keiten werden von den Damen Hannemann, Müller und
Marberg getragen; es gibt einen Dreiklang von ganz außer¬
ordentlicher Wirkung; die herbe Selbstsicherheit der ersten, die liebliche
Bedenkenlosigkeit und Verlorenheit der anderen und die starke, derbe
Sinnlichkeit der dritten. Die Träger der männlichen Rollen kommen
auch beim Dichter weit schlechter weg. Sie sind beinahe durchaus
Poseure einer konventionellen Geste. Weder Männchen noch Männer;
bis auf den alten Moser, diesen Typus egoistischen Lebensdurstes,
dem Herr Homma noch immer einen Schimmer von Liebenswürdigkeit
verleiht. Winzig freilich, aber doch stark genug, um die vater¬
mörderische Tochter ins Unrecht zu setzen. Sehr gut Herr Weisse,
dessen Oberst eine gewisse edle Verhaltenheit zeigt; eine innerliche
Erregtheit, die beredter ist als Worte und doch noch nicht stark genug,
um die Brutalität des vorbereiteten Gattenmordes zu mildern. Die
Herren Kramer, Klitsch, Kutschera, Edthofer und Frau
Schweighofer haben durchwegs Lückenbüßerrollen, wenn aucht
zwei davon dem unerbittlichen Schiedsspruche des Dichters zum Opfer
fallen; überhaupt geht Schnitzlex mit dem Leben der Figuren gar
souveräu um; man würde dem milden Dichter, der sich wiederhol¬
dem Publikum zeigen mußte, so viel grausame Mordlust gar nich
zumuten.
(Volksoner##</Unicode>
            </TextEquiv>
        </TextRegion>
    </Page>
</PcGts>
