3436 4352
1614 185 2081 276 box 24/4
308 200 1486 301 19. Der Ruf des Lebens
778 1310 3068 1423 brachte, sondern dem Ruf des Lebens folgte. Wie er's da= rend Fritz Goldhaber in der Rolle des Forstadjunkten durch¬
776 1362 3073 1480 mals tat, so vermag nun auch seine Tochter nicht zu wider= aus verfehlt am Platze war. — Die Ausstattung war in den
783 1418 3054 1505 stehen; aber auch ihr bringt der gewaltsam beschrittene Wegersten beiden Akten, die eigentlich allein in Frage kommen,
773 1450 3116 1557 nicht das erhoffte Neuland. In einer Nacht erlebt sie tau= würdig und geschmackvoll, das Zusammenspiel gut,so daß das  d
787 1494 3110 1587 send Seligkeiten, sieht aber auch die Schatten drohen, die in Anbetracht des Stücks überraschend gut besuchte Haus mit d
789 1542 3123 1643 sie vom Leben zurückschrecken. So muß sie sich im letzten Akt Recht am Beifall nicht sparte. Es war ein ehrlicher Ersol### in
773 1580 3110 1698 trösten lassen mit der vagen Hoffnung, daß später einmal wie man ihm nach den Neuheiten der letzten Zeit im=Schau= si.
769 1635 2574 1714 der Ruf zu einem schöneren, reiferen Leben an ihr Ohr spielhaus öfters begegnen möchte.
771 1665 1924 1743 dringen wird. Und ihre Freundin, die auch dem Ruf des
774 1712 1922 1788 Lebens folgte, da sie den Tod vor Augen sah, sie wird vom
2156 1707 2809 1797 Morgenfeier im Schauspielhatls.
764 1755 1936 1842 Leben draußen zerbrochen. Es klingt wie ein tiefes, ver¬
1925 1777 3097 1874 * In der gestr. Matinée im Schauspielhaus vom Sonntag!
769 1795 1924 1873 haltenes Weh durch die 3 Akte; eine müde Resignation, die
1914 1822 3056 1895 30. Nov. sprach 5## G. Traub-Dortmund über das
775 1843 1915 1915 sich am besten spiegelt in den Worten, die einer der tot¬
1921 1866 3068 1939 Thema „Wert oder Unwertder Arbeit" Er stellte
771 1891 1919 1959 geweihten Offiziere spricht: „Nichts kommt nach uns, alles
1909 1908 3069 1994 den Gegenstand seines Vortrags zunächst in den Zusammen.
766 1922 1911 2007 stirbt mit uns; unser eigener Mörder, während er uns den
1924 1952 3058 2022 hang großer volkswirtschaftlicher Fragen hinein, wie sie z. B.
774 1976 1917 2039 Dolch ins Herz gräbt, stirbt mit uns.“ Wozu also dem
1916 1998 3067 2071 Sombart in seinem Buch über Kapitalismus und Luxus ent¬
763 2015 1920 2079 Ruf des Lebens folgen, da doch alles sterben muß? — Wie
1915 2042 3056 2115 wickelt hat, und formulierte dann sein Thema genauer, in¬
762 2068 1910 2132 gesagt, eine lähmende, bleierne Atmosphäre in den 3 Akten,
1905 2082 3060 2172 dem er im Hauptteil seiner Rede die Frage behandelte: Ist der
761 2090 1924 2161 die noch verstärkt wird durch die mustergültige Aufführung,
1911 2132 3050 2202 Sinn der Arbeit der, daß wir uns freuen sollen auf die Zeit,
755 2133 1912 2225 die dem Schauspiel am Samstag zu teil ward. Adolf Teleky
1901 2168 3053 2249 da wir nicht mehr zu arbeiten brauchen? An der Hand
753 2190 1916 2265 leitete die Aufführung, und er war es auch, der im ersten
1903 2218 3056 2291 etymologischer Auseinandersetzungen, bei denen auch das sla¬
759 2239 1904 2308 Akt mit seiner meisterhaften Verkörperung des Vaters den
1915 2264 3060 2316 wische Wort robot, das die eigentliche Knechtsarbeit bezeich¬
755 2283 1912 2354 düsteren Grundton für das ganze Stück angab. Neben ihm
1901 2301 3055 2380 net, herbeigezogen wurde, setzte der Redner auseinander, daß
763 2328 1902 2390 ist Marie Andor zu nennen, eine neue Kraft des Theaters,
1910 2349 3058 2420 im deutschen wie im sonstigen Sprachgebrauch, so im griechi¬
755 2369 1900 2442 die in ihrem Spiel das nach dem Leben hungernde Weib
1902 2394 3058 2465 schen und lateinischen, die körperliche Arbeit gleichbedeutend
760 2415 1911 2494 zu einem Erlebnis machte. Man darf sich freuen, der Künst¬
1907 2436 3067 2507 sei mit Mühe und Not. Erst Luther hat in einer Stelle im
754 2450 3082 2503 lerin in anderen tiefen Rollen noch zu begegnen. Lucy Nor= Sirachbuch Arbeit gleichbedeutend gesetzt mit Beruf und damit ##
747 2494 3054 2595 berg gab die Schwindsüchtige, die ihr Leben bis zur Neige die tägliche Arbeit verklärt und auf eine höhere geistige Stufe
746 2541 1909 2624 kosten will, vielleicht mit etwas zu starken Mitteln, aber sehr
1902 2570 3036 2641 gehoben. Es wurde sodann der Unterschied von „Schaffen“
755 2590 3077 2685 gut, wenn man ihre Inanspruchnahme durch andere, leich= und „Arbeiten“ dargelegt und gezeigt. daß der letztere Be¬ d
746 2638 3055 2733 teste Rollen in Betracht zieht. Als ihre Mutter hielt sich griff eine höhere Stufe darstelle, insofern, als in ihm die
747 2667 3095 2777 wacker Anna Smith; Willi Meinberg gab einen sympathi= Offenbarung des eigenen Willens zum Ausdruck komme. Dem ##
745 2728 3123 2824 schen, geraden Arzt, Dir. Bernecker den etwas merkwürdigen Standpunkt, daß der Mensch arbeiten soll, um später nicht ns
753 2758 1911 2838 Oberst und Annie Reiter in wenigen Szenen wirkungsvoll
1901 2788 3100 2850 mehr arbeiten zu müssen, wurde ein gewisses Recht zugespro¬ dis
748 2797 3093 2905 seine Frau. Karl Eggers=Dechen und Werner Fricke boten chen. Die körperliche Arbeit, die reine Muskelarbeit, ist in
751 2843 3096 2967 in den kleinen Rollen der Offiziere Beachtenswertes, wäh¬ der Tat etwas den Menschen schwer Belastendes, sie wird viel¬ as
