<?xml version="1.0" encoding="UTF-8" standalone="yes"?>
<PcGts xmlns="http://schema.primaresearch.org/PAGE/gts/pagecontent/2013-07-15" xmlns:xsi="http://www.w3.org/2001/XMLSchema-instance" xsi:schemaLocation="http://schema.primaresearch.org/PAGE/gts/pagecontent/2013-07-15 http://schema.primaresearch.org/PAGE/gts/pagecontent/2013-07-15/pagecontent.xsd">
    <Metadata>
        <Creator>prov=University of Rostock/Institute of Mathematics/CITlab/Gundram Leifert/gundram.leifert@uni-rostock.de:name=ONB_Newseye_GT_M1+(htr_id=10810)::::v=2.4.2
prov=University of Rostock/Institute of Mathematics/CITlab/Tobias Gruening/tobias.gruening@uni-rostock.de:name=de.uros.citlab.module.baseline2polygon.B2PSeamMultiOriented:v=2.4.2
prov=University of Rostock/Institute of Mathematics/CITlab/Tobias Gruening/tobias.gruening@uni-rostock.de:name=/mnt/transkribus/LA/DEA/URO/LA_news_onb_att.pb:de.uros.citlab.segmentation.CITlab_LA_ML:v=2.4.2
Transkribus</Creator>
        <Created>2019-10-07T11:20:38.611+02:00</Created>
        <LastChange>2019-10-08T08:42:37.517+02:00</LastChange>
        <TranskribusMetadata docId="223969" pageId="9497673" pageNr="289" tsid="16508170" status="IN_PROGRESS" userId="40391" imgUrl="https://files.transkribus.eu/Get?id=DRATYTTEZNQSVDTHIKVDRSUO&amp;fileType=view" xmlUrl="https://files.transkribus.eu/Get?id=UBLQYSDPZESCLBADRLKJMFWB" imageId="6187900"/>
    </Metadata>
    <Page imageFilename="223969_0289.jpeg" imageWidth="3436" imageHeight="4352">
        <ReadingOrder>
            <OrderedGroup id="ro_1711451336039" caption="Regions reading order">
                <RegionRefIndexed index="0" regionRef="r1"/>
            </OrderedGroup>
        </ReadingOrder>
        <TextRegion orientation="0.0" id="r1" custom="readingOrder {index:0;}">
            <Coords points="549,98 549,3930 2998,3930 2998,98"/>
            <TextLine id="r1l1" custom="readingOrder {index:0;}">
                <Coords points="1747,142 2942,137 2941,69 2883,55 1747,100"/>
                <Baseline points="1762,129 1820,129 1878,129 1936,128 1995,128 2053,128 2111,127 2169,127 2228,127 2286,126 2344,126 2402,125 2461,125 2519,124 2577,124 2635,123 2694,123 2752,122 2810,122 2868,121 2927,121"/>
                <TextEquiv>
                    <Unicode> ere e.     eeeeeeneen</Unicode>
                </TextEquiv>
            </TextLine>
            <TextLine id="r1l2" custom="readingOrder {index:1;}">
                <Coords points="539,152 579,151 619,178 689,149 719,164 783,147 914,148 935,144 935,102 874,103 852,85 821,85 782,108 669,100 539,112"/>
                <Baseline points="553,138 579,140 605,140 631,141 658,141 684,141 710,140 737,139 763,139 789,138 815,136 842,136 868,135 894,135 921,134"/>
                <TextEquiv>
                    <Unicode>fare Mesterschlit.</Unicode>
                </TextEquiv>
            </TextLine>
            <TextLine id="r1l3" custom="readingOrder {index:2;}">
                <Coords points="1742,187 2964,171 2933,126 1741,141"/>
                <Baseline points="1756,180 1815,180 1875,179 1934,178 1994,178 2054,177 2113,177 2173,176 2233,176 2292,176 2352,176 2412,175 2471,175 2531,174 2591,174 2650,173 2710,173 2770,172 2829,171 2889,170 2949,169"/>
                <TextEquiv>
                    <Unicode>wirdig, in denen die gräusige Stimme d#r altnordischen</Unicode>
                </TextEquiv>
            </TextLine>
            <TextLine id="r1l4" custom="readingOrder {index:3;}">
                <Coords points="628,224 758,194 1740,194 1739,142 1620,110 1453,149 1068,117 916,162 627,163"/>
                <Baseline points="641,195 695,195 749,195 803,194 857,194 911,193 965,192 1019,191 1073,190 1127,189 1182,188 1236,187 1290,187 1344,186 1398,185 1452,185 1506,184 1560,184 1614,184 1668,184 1723,184"/>
                <TextEquiv>
                    <Unicode>Ihre Stellung als Lehrerin hatte sie nach dem Erfolg</Unicode>
                </TextEquiv>
            </TextLine>
            <TextLine id="r1l5" custom="readingOrder {index:4;}">
                <Coords points="1746,242 2956,226 2955,177 2909,175 1745,188"/>
                <Baseline points="1761,230 1820,229 1879,228 1938,228 1997,227 2056,226 2115,225 2174,225 2233,224 2292,224 2351,223 2410,222 2469,222 2528,221 2587,220 2646,220 2705,219 2764,218 2823,218 2882,217 2941,216"/>
                <TextEquiv>
                    <Unicode>Sage ertönt oder die weiche Melodie einer lieblichen Idylle</Unicode>
                </TextEquiv>
            </TextLine>
            <TextLine id="r1l6" custom="readingOrder {index:5;}">
                <Coords points="534,259 1612,257 1743,240 1743,189 533,191"/>
                <Baseline points="549,246 608,246 667,245 726,244 785,243 844,242 903,241 962,240 1021,240 1080,239 1139,238 1198,237 1257,236 1316,235 1375,235 1434,234 1493,234 1552,234 1611,233 1670,233 1729,233"/>
                <TextEquiv>
                    <Unicode>von Gösta Berling aufgegeben; ihr ganz von den Bildern</Unicode>
                </TextEquiv>
            </TextLine>
            <TextLine id="r1l7" custom="readingOrder {index:6;}">
                <Coords points="1739,281 2924,282 2973,273 2973,224 1739,251"/>
                <Baseline points="1755,276 1815,276 1875,275 1935,274 1995,274 2056,273 2116,273 2176,273 2236,272 2296,272 2357,272 2417,271 2477,271 2537,271 2597,270 2658,270 2718,270 2778,269 2838,268 2898,268 2959,267"/>
                <TextEquiv>
                    <Unicode>einen alltäglichen Vorgang umspielt. Wie ursprünglich</Unicode>
                </TextEquiv>
            </TextLine>
            <TextLine id="r1l8" custom="readingOrder {index:7;}">
                <Coords points="537,304 1744,286 1722,238 536,252"/>
                <Baseline points="551,297 609,296 668,294 727,293 786,292 845,291 904,290 963,289 1022,288 1081,287 1140,287 1198,286 1257,285 1316,285 1375,284 1434,284 1493,283 1552,283 1611,283 1670,282 1729,282"/>
                <TextEquiv>
                    <Unicode>der Heimat erfülltes und doch nach Märchenfernen sehn¬</Unicode>
                </TextEquiv>
            </TextLine>
            <TextLine id="r1l9" custom="readingOrder {index:8;}">
                <Coords points="1745,330 2757,335 2967,309 2967,270 1745,287"/>
                <Baseline points="1762,329 1821,327 1880,325 1940,324 1999,323 2059,322 2118,321 2178,321 2237,321 2297,321 2356,320 2415,320 2475,320 2534,320 2594,320 2653,320 2713,320 2772,319 2832,319 2891,318 2951,316"/>
                <TextEquiv>
                    <Unicode>groß die Phantasic dieser Frau ist, wie sie sich hineinver¬</Unicode>
                </TextEquiv>
            </TextLine>
            <TextLine id="r1l10" custom="readingOrder {index:9;}">
                <Coords points="537,363 1744,341 1743,286 537,305"/>
                <Baseline points="553,345 611,344 670,342 729,341 788,340 847,339 905,339 964,338 1023,337 1082,337 1141,336 1199,336 1258,335 1317,335 1376,334 1435,334 1493,333 1552,333 1611,332 1670,331 1729,331"/>
                <TextEquiv>
                    <Unicode>süchtiges Gemüt verlangte in die Fremde, und der größte</Unicode>
                </TextEquiv>
            </TextLine>
            <TextLine id="r1l11" custom="readingOrder {index:10;}">
                <Coords points="1746,379 2968,372 2967,335 2903,320 1745,334"/>
                <Baseline points="1762,377 1821,375 1880,372 1940,370 1999,369 2059,368 2118,367 2178,367 2237,366 2297,366 2356,366 2415,366 2475,366 2534,367 2594,367 2653,367 2713,367 2772,366 2832,366 2891,365 2951,364"/>
                <TextEquiv>
                    <Unicode>senten kann in die Mord= und Blutstimmung der Vorzeit,</Unicode>
                </TextEquiv>
            </TextLine>
            <TextLine id="r1l12" custom="readingOrder {index:11;}">
                <Coords points="550,399 1748,384 1747,345 1662,334 550,356"/>
                <Baseline points="566,392 624,392 682,392 740,391 799,390 857,390 915,389 974,388 1032,387 1090,386 1149,385 1207,384 1265,383 1323,382 1382,381 1440,381 1498,381 1557,381 1615,381 1673,381 1732,382"/>
                <TextEquiv>
                    <Unicode>Gegensatz zog sie an, die Schönheit des Südens, die My¬</Unicode>
                </TextEquiv>
            </TextLine>
            <TextLine id="r1l13" custom="readingOrder {index:12;}">
                <Coords points="1746,439 2286,408 2868,434 2959,418 2959,369 1746,378"/>
                <Baseline points="1762,424 1821,422 1880,421 1939,420 1998,419 2057,418 2116,418 2175,417 2234,417 2293,417 2352,417 2411,417 2470,417 2529,417 2588,417 2647,417 2706,416 2765,415 2824,414 2883,412 2943,410"/>
                <TextEquiv>
                    <Unicode>das zeigt zum Beispiel ihre Erzählung „Herrn Arnes</Unicode>
                </TextEquiv>
            </TextLine>
            <TextLine id="r1l14" custom="readingOrder {index:13;}">
                <Coords points="536,454 1752,447 1751,390 1678,384 535,386"/>
                <Baseline points="550,442 609,440 668,439 727,438 787,437 846,436 905,435 964,434 1024,434 1083,433 1142,432 1201,431 1261,431 1320,430 1379,429 1438,429 1498,428 1557,428 1616,427 1675,427 1735,426"/>
                <TextEquiv>
                    <Unicode>stit des Orients. Aber auch vor den Werken italienischer</Unicode>
                </TextEquiv>
            </TextLine>
            <TextLine id="r1l15" custom="readingOrder {index:14;}">
                <Coords points="1746,470 2971,454 2970,418 2803,412 1745,439"/>
                <Baseline points="1760,468 1819,468 1879,468 1939,467 1999,467 2059,467 2118,466 2178,466 2238,466 2298,465 2358,465 2417,464 2477,464 2537,464 2597,463 2657,463 2716,463 2776,463 2836,463 2896,463 2956,463"/>
                <TextEquiv>
                    <Unicode>Schatz“, in der der schrille Ton des Mordmessers, das zur</Unicode>
                </TextEquiv>
            </TextLine>
            <TextLine id="r1l16" custom="readingOrder {index:15;}">
                <Coords points="541,507 1705,491 1741,444 540,462"/>
                <Baseline points="555,493 613,491 672,489 730,487 789,486 848,484 906,483 965,482 1023,481 1082,480 1141,479 1199,479 1258,478 1316,478 1375,477 1434,477 1492,476 1551,476 1609,475 1668,475 1727,474"/>
                <TextEquiv>
                    <Unicode>Kunst, in der üppigen Sonnenhelle Siziliens, an den ge¬</Unicode>
                </TextEquiv>
            </TextLine>
            <TextLine id="r1l17" custom="readingOrder {index:16;}">
                <Coords points="1746,535 2971,525 2941,461 1746,468"/>
                <Baseline points="1762,517 1821,517 1881,516 1940,516 2000,516 2060,516 2119,516 2179,516 2239,515 2298,515 2358,515 2418,514 2477,514 2537,514 2597,513 2656,513 2716,512 2776,511 2835,511 2895,510 2955,509"/>
                <TextEquiv>
                    <Unicode>Untat gewetzt wird, beständig leitmotivisch anklingt und</Unicode>
                </TextEquiv>
            </TextLine>
            <TextLine id="r1l18" custom="readingOrder {index:17;}">
                <Coords points="547,547 1745,526 1744,471 547,501"/>
                <Baseline points="564,541 622,539 680,538 738,536 797,535 855,533 913,533 971,532 1030,531 1088,530 1146,530 1204,529 1263,529 1321,528 1379,527 1437,527 1496,526 1554,525 1612,524 1670,522 1729,521"/>
                <TextEquiv>
                    <Unicode>heiligten Stätten Jerusalems vergaß sie die heimliche</Unicode>
                </TextEquiv>
            </TextLine>
            <TextLine id="r1l19" custom="readingOrder {index:18;}">
                <Coords points="1753,586 2963,572 2963,523 2844,515 1753,516"/>
                <Baseline points="1768,566 1830,566 1892,565 1954,565 2016,565 2078,565 2140,565 2202,565 2264,565 2326,564 2388,564 2450,564 2512,564 2574,563 2636,562 2698,561 2760,561 2822,559 2884,558 2947,556"/>
                <TextEquiv>
                    <Unicode>das Verbrechen allmählich in gräßlicher Deutlichkeit vor</Unicode>
                </TextEquiv>
            </TextLine>
            <TextLine id="r1l20" custom="readingOrder {index:19;}">
                <Coords points="539,590 1639,592 1746,585 1745,527 538,547"/>
                <Baseline points="554,588 612,586 671,585 730,583 789,582 847,581 906,580 965,579 1024,578 1082,578 1141,577 1200,576 1259,576 1317,575 1376,574 1435,574 1494,573 1552,572 1611,571 1670,570 1729,569"/>
                <TextEquiv>
                    <Unicode>Nebelstimmung des Nordens nicht. Nach ihren Reisen</Unicode>
                </TextEquiv>
            </TextLine>
            <TextLine id="r1l21" custom="readingOrder {index:20;}">
                <Coords points="1751,635 2973,622 2973,570 1751,571"/>
                <Baseline points="1766,616 1825,615 1885,615 1944,614 2004,614 2063,613 2123,613 2182,612 2242,612 2301,611 2361,611 2421,610 2480,610 2540,609 2599,609 2659,608 2718,608 2778,607 2837,607 2897,607 2957,606"/>
                <TextEquiv>
                    <Unicode>uns aufwächst. Und daneben dente man an das herrliche</Unicode>
                </TextEquiv>
            </TextLine>
            <TextLine id="r1l22" custom="readingOrder {index:21;}">
                <Coords points="546,644 1741,629 1697,578 545,589"/>
                <Baseline points="562,639 620,637 678,635 736,633 794,632 852,630 910,629 968,628 1026,627 1084,626 1143,625 1201,624 1259,624 1317,623 1375,622 1433,622 1491,622 1549,621 1607,621 1665,620 1724,620"/>
                <TextEquiv>
                    <Unicode>hat sie sich wieder in einer schwedischen Provinzstadt nie¬</Unicode>
                </TextEquiv>
            </TextLine>
            <TextLine id="r1l23" custom="readingOrder {index:22;}">
                <Coords points="1740,659 2966,668 2965,619 2886,613 1740,622"/>
                <Baseline points="1755,662 1814,662 1874,661 1934,661 1994,660 2054,660 2113,660 2173,660 2233,659 2293,659 2353,659 2412,659 2472,659 2532,658 2592,658 2652,658 2711,657 2771,657 2831,656 2891,656 2951,655"/>
                <TextEquiv>
                    <Unicode>Kinderbuch, das, in den letzten Lahren geschaffen, an die</Unicode>
                </TextEquiv>
            </TextLine>
            <TextLine id="r1l24" custom="readingOrder {index:23;}">
                <Coords points="536,705 1727,682 1744,627 534,628"/>
                <Baseline points="550,685 609,684 668,683 727,683 786,682 845,680 904,679 963,678 1022,677 1081,676 1140,675 1199,674 1258,672 1317,671 1376,671 1435,670 1494,669 1553,669 1612,668 1671,668 1730,668"/>
                <TextEquiv>
                    <Unicode>dergelassen, in der alten Bergwerkstadt Falun, die der</Unicode>
                </TextEquiv>
            </TextLine>
            <TextLine id="r1l25" custom="readingOrder {index:24;}">
                <Coords points="1755,725 2962,715 2925,660 1755,664"/>
                <Baseline points="1769,711 1827,709 1886,708 1945,707 2004,706 2063,706 2122,706 2181,706 2240,706 2299,706 2358,707 2416,707 2475,707 2534,707 2593,707 2652,707 2711,706 2770,705 2829,704 2888,703 2947,701"/>
                <TextEquiv>
                    <Unicode>„wunderbare Reise des kleinen nie Holgersson“, der mit</Unicode>
                </TextEquiv>
            </TextLine>
            <TextLine id="r1l26" custom="readingOrder {index:25;}">
                <Coords points="548,738 1758,740 1757,670 548,695"/>
                <Baseline points="562,733 621,733 680,732 739,732 798,731 857,730 916,729 975,728 1034,727 1093,726 1152,725 1211,724 1270,723 1329,722 1388,721 1447,720 1506,719 1565,718 1624,717 1683,717 1743,716"/>
                <TextEquiv>
                    <Unicode>Schauplatz so vieler Sagen und Geschichten ist, in der</Unicode>
                </TextEquiv>
            </TextLine>
            <TextLine id="r1l27" custom="readingOrder {index:26;}">
                <Coords points="1751,757 2976,773 2976,700 1751,720"/>
                <Baseline points="1766,758 1825,757 1885,757 1945,757 2005,756 2064,756 2124,756 2184,756 2244,755 2303,755 2363,755 2423,755 2483,755 2542,754 2602,754 2662,753 2722,752 2781,752 2841,751 2901,749 2961,748"/>
                <TextEquiv>
                    <Unicode>den Wildgänsen ausziehi auf metinrdige Abenteuer, an</Unicode>
                </TextEquiv>
            </TextLine>
            <TextLine id="r1l28" custom="readingOrder {index:27;}">
                <Coords points="548,796 1752,766 1751,730 1644,719 547,735"/>
                <Baseline points="562,781 620,780 679,780 737,779 796,778 855,778 913,777 972,776 1031,776 1089,775 1148,774 1207,773 1265,772 1324,771 1383,770 1441,769 1500,768 1559,767 1617,766 1676,764 1735,763"/>
                <TextEquiv>
                    <Unicode>Hauptstadt des urschwedischen Dalekarlien, und die Erleb¬</Unicode>
                </TextEquiv>
            </TextLine>
            <TextLine id="r1l29" custom="readingOrder {index:28;}">
                <Coords points="1758,815 2931,823 2970,761 1757,763"/>
                <Baseline points="1772,810 1831,808 1890,807 1949,806 2008,806 2068,805 2127,805 2186,805 2245,805 2304,805 2364,805 2423,805 2482,805 2541,804 2600,804 2660,804 2719,803 2778,802 2837,801 2896,799 2956,797"/>
                <TextEquiv>
                    <Unicode>diese schönste Dichtung, die moht ein moderner Poet der</Unicode>
                </TextEquiv>
            </TextLine>
            <TextLine id="r1l30" custom="readingOrder {index:29;}">
                <Coords points="539,858 1740,839 1748,768 538,788"/>
                <Baseline points="554,829 612,829 671,829 730,828 789,827 848,827 907,825 966,825 1025,823 1084,822 1143,821 1201,820 1260,819 1319,818 1378,817 1437,817 1496,816 1555,816 1614,816 1673,816 1732,817"/>
                <TextEquiv>
                    <Unicode>nisse der fremden, wundersomen Gegenden vereinten sich</Unicode>
                </TextEquiv>
            </TextLine>
            <TextLine id="r1l31" custom="readingOrder {index:30;}">
                <Coords points="1745,855 2836,861 2976,847 2976,801 1745,825"/>
                <Baseline points="1759,861 1819,859 1879,856 1939,854 1999,853 2059,852 2119,851 2179,851 2239,851 2299,850 2360,850 2420,850 2480,850 2540,850 2600,850 2660,850 2720,849 2780,848 2840,847 2900,845 2961,843"/>
                <TextEquiv>
                    <Unicode>1 Jugend geschenkt hat und in der man die Kindlichkeit. An¬</Unicode>
                </TextEquiv>
            </TextLine>
            <TextLine id="r1l32" custom="readingOrder {index:31;}">
                <Coords points="550,881 1748,866 1747,832 1665,821 550,848"/>
                <Baseline points="566,880 624,880 682,879 740,879 799,878 857,878 915,877 973,876 1032,875 1090,874 1148,873 1206,872 1265,871 1323,870 1381,869 1439,868 1498,867 1556,866 1614,865 1672,864 1731,863"/>
                <TextEquiv>
                    <Unicode>mit ihrer tiefen Liebe zum Vaterland in der Synthese</Unicode>
                </TextEquiv>
            </TextLine>
            <TextLine id="r1l33" custom="readingOrder {index:32;}">
                <Coords points="1748,906 2973,915 2973,848 1747,860"/>
                <Baseline points="1762,905 1821,903 1881,902 1941,901 2001,900 2061,900 2120,900 2180,900 2240,900 2300,900 2360,900 2419,900 2479,900 2539,900 2599,900 2659,900 2718,899 2778,898 2838,897 2898,895 2958,893"/>
                <TextEquiv>
                    <Unicode>dersens, mit einer klugen Weltweiehei vereint, findet. Es</Unicode>
                </TextEquiv>
            </TextLine>
            <TextLine id="r1l34" custom="readingOrder {index:33;}">
                <Coords points="542,933 1688,931 1758,918 1757,872 541,891"/>
                <Baseline points="556,931 615,930 674,928 734,927 793,925 852,924 912,923 971,922 1030,921 1090,920 1149,919 1208,918 1268,917 1327,917 1386,916 1446,915 1505,915 1564,914 1624,913 1683,913 1743,912"/>
                <TextEquiv>
                    <Unicode>ihres großartigsten Romans „Jerusalem". Vorher hat sie</Unicode>
                </TextEquiv>
            </TextLine>
            <TextLine id="r1l35" custom="readingOrder {index:34;}">
                <Coords points="1753,963 2948,970 2981,902 1753,908"/>
                <Baseline points="1768,954 1827,953 1887,952 1947,952 2007,951 2067,951 2127,950 2186,950 2246,950 2306,949 2366,949 2426,949 2486,949 2546,948 2605,948 2665,947 2725,947 2785,946 2845,945 2905,945 2965,943"/>
                <TextEquiv>
                    <Unicode>scheint, als ob in der Seele Selma Lagerlöfs mannigfache</Unicode>
                </TextEquiv>
            </TextLine>
            <TextLine id="r1l36" custom="readingOrder {index:35;}">
                <Coords points="542,1004 1751,960 1750,917 1668,912 541,934"/>
                <Baseline points="556,980 615,978 674,976 733,974 792,973 851,972 910,971 969,971 1028,970 1087,970 1146,969 1205,969 1264,968 1323,968 1382,967 1441,966 1500,965 1559,964 1618,962 1677,960 1737,958"/>
                <TextEquiv>
                    <Unicode>im „A#christ“ den stärksten Gegensatz zu ihrem Hymnus</Unicode>
                </TextEquiv>
            </TextLine>
            <TextLine id="r1l37" custom="readingOrder {index:36;}">
                <Coords points="1760,1011 2927,1012 2975,999 2975,951 1759,959"/>
                <Baseline points="1774,1000 1833,999 1892,998 1951,997 2011,997 2070,996 2129,996 2188,996 2248,996 2307,996 2366,996 2425,996 2485,996 2544,996 2603,996 2662,995 2722,995 2781,994 2840,994 2899,993 2959,992"/>
                <TextEquiv>
                    <Unicode>Wesen ihrer vaterländischen Vergangenbeit lebendig gewor¬</Unicode>
                </TextEquiv>
            </TextLine>
            <TextLine id="r1l38" custom="readingOrder {index:37;}">
                <Coords points="537,1031 1641,1032 1753,1009 1753,966 537,1000"/>
                <Baseline points="554,1026 613,1025 672,1025 731,1024 791,1024 850,1023 909,1022 968,1021 1028,1020 1087,1019 1146,1018 1205,1017 1265,1016 1324,1015 1383,1014 1442,1013 1502,1012 1561,1011 1620,1010 1679,1009 1739,1008"/>
                <TextEquiv>
                    <Unicode>auf Schwedens Schönheit angeschlagen und die klassische</Unicode>
                </TextEquiv>
            </TextLine>
            <TextLine id="r1l39" custom="readingOrder {index:38;}">
                <Coords points="1748,1068 2899,1060 2969,1010 1747,1004"/>
                <Baseline points="1763,1052 1822,1051 1882,1050 1941,1048 2001,1047 2061,1046 2120,1045 2180,1044 2239,1043 2299,1043 2359,1042 2418,1041 2478,1041 2537,1041 2597,1040 2657,1040 2716,1040 2776,1040 2835,1040 2895,1041 2955,1041"/>
                <TextEquiv>
                    <Unicode>den sind, etwas vom Skalden und eiwas vom Wikinger:</Unicode>
                </TextEquiv>
            </TextLine>
            <TextLine id="r1l40" custom="readingOrder {index:39;}">
                <Coords points="542,1088 1746,1071 1745,1028 1693,1017 541,1030"/>
                <Baseline points="556,1079 614,1077 673,1076 732,1075 791,1074 849,1073 908,1072 967,1070 1026,1070 1084,1068 1143,1068 1202,1067 1261,1066 1319,1065 1378,1064 1437,1063 1496,1062 1554,1061 1613,1060 1672,1060 1731,1059"/>
                <TextEquiv>
                    <Unicode>Landschaft Siziliens zum Rahmen einer tiefsinnigen Er¬</Unicode>
                </TextEquiv>
            </TextLine>
            <TextLine id="r1l41" custom="readingOrder {index:40;}">
                <Coords points="1754,1108 2934,1109 2976,1099 2976,1038 1754,1065"/>
                <Baseline points="1768,1098 1827,1096 1887,1095 1946,1094 2006,1093 2066,1093 2125,1092 2185,1092 2245,1092 2304,1092 2364,1092 2424,1092 2483,1092 2543,1092 2603,1092 2662,1092 2722,1091 2782,1091 2841,1090 2901,1090 2961,1089"/>
                <TextEquiv>
                    <Unicode>die männlichsten Elemente leben in ihr, aber im Grunde</Unicode>
                </TextEquiv>
            </TextLine>
            <TextLine id="r1l42" custom="readingOrder {index:41;}">
                <Coords points="546,1140 1753,1123 1752,1071 1664,1063 546,1088"/>
                <Baseline points="561,1125 619,1125 678,1124 737,1123 796,1122 855,1121 913,1120 972,1119 1031,1118 1090,1117 1149,1116 1207,1115 1266,1113 1325,1112 1384,1111 1443,1110 1501,1110 1560,1109 1619,1108 1678,1108 1737,1108"/>
                <TextEquiv>
                    <Unicode>zählung gewählt. Signorellis Fresken in Orvieto, die den</Unicode>
                </TextEquiv>
            </TextLine>
            <TextLine id="r1l43" custom="readingOrder {index:42;}">
                <Coords points="1753,1159 2984,1137 2983,1097 2791,1087 1752,1107"/>
                <Baseline points="1769,1150 1829,1148 1889,1147 1949,1146 2009,1145 2069,1144 2129,1143 2189,1142 2249,1142 2309,1141 2369,1141 2429,1141 2489,1140 2549,1140 2609,1140 2669,1140 2729,1139 2789,1139 2849,1139 2909,1139 2969,1139"/>
                <TextEquiv>
                    <Unicode>ist es doch die Güte und Herzensstärted#r Frau, die ihren</Unicode>
                </TextEquiv>
            </TextLine>
            <TextLine id="r1l44" custom="readingOrder {index:43;}">
                <Coords points="545,1179 1743,1163 1724,1115 545,1133"/>
                <Baseline points="562,1173 620,1172 678,1172 737,1172 795,1171 853,1170 912,1170 970,1169 1028,1168 1087,1167 1145,1166 1203,1165 1262,1164 1320,1164 1378,1163 1437,1162 1495,1161 1553,1161 1612,1160 1670,1160 1729,1160"/>
                <TextEquiv>
                    <Unicode>Ernst und das Grausen des Jüngsten Gerichtes so er¬</Unicode>
                </TextEquiv>
            </TextLine>
            <TextLine id="r1l45" custom="readingOrder {index:44;}">
                <Coords points="2670,1225 2719,1224 2779,1186 2828,1216 2852,1200 2938,1202 2937,1144 2842,1145 2830,1133 2809,1146 2669,1145"/>
                <Baseline points="2684,1188 2710,1188 2736,1188 2763,1187 2789,1187 2815,1186 2842,1185 2868,1185 2894,1185 2921,1185"/>
                <TextEquiv>
                    <Unicode>Dr. P. 2.</Unicode>
                </TextEquiv>
            </TextLine>
            <TextLine id="r1l46" custom="readingOrder {index:45;}">
                <Coords points="1749,1208 1792,1232 1965,1202 2002,1226 2365,1196 2463,1219 2487,1216 2486,1146 1748,1157"/>
                <Baseline points="1763,1200 1798,1199 1833,1197 1869,1197 1904,1196 1940,1195 1975,1194 2010,1193 2046,1193 2081,1192 2117,1192 2152,1191 2187,1191 2223,1191 2258,1190 2294,1190 2329,1190 2364,1189 2400,1189 2435,1189 2471,1189"/>
                <TextEquiv>
                    <Unicode>Dichten die persönlichste Note gile.</Unicode>
                </TextEquiv>
            </TextLine>
            <TextLine id="r1l47" custom="readingOrder {index:46;}">
                <Coords points="546,1226 1756,1204 1755,1158 546,1183"/>
                <Baseline points="562,1227 624,1224 686,1222 748,1220 810,1219 872,1218 934,1217 996,1216 1058,1216 1120,1215 1182,1215 1244,1214 1306,1214 1368,1213 1430,1212 1492,1211 1554,1209 1616,1207 1678,1205 1741,1202"/>
                <TextEquiv>
                    <Unicode>schütternd malen, erweckten in ihr den Plan, die Wunder</Unicode>
                </TextEquiv>
            </TextLine>
            <TextLine id="r1l48" custom="readingOrder {index:47;}">
                <Coords points="548,1288 1758,1249 1757,1204 548,1227"/>
                <Baseline points="564,1273 626,1270 688,1269 750,1268 812,1266 874,1265 936,1265 998,1264 1060,1264 1122,1263 1184,1262 1246,1262 1308,1261 1370,1260 1432,1260 1494,1259 1556,1257 1618,1256 1680,1254 1743,1251"/>
                <TextEquiv>
                    <Unicode>des Antichrist in der Gegenwart aufleben zu lassen und</Unicode>
                </TextEquiv>
            </TextLine>
            <TextLine id="r1l49" custom="readingOrder {index:48;}">
                <Coords points="2304,1278 2320,1278 2344,1291 2362,1288 2374,1301 2399,1283 2420,1286 2421,1216 2406,1216 2364,1194 2330,1209 2327,1205 2306,1205"/>
                <Baseline points="2321,1266 2348,1264 2376,1265 2404,1267"/>
                <TextEquiv>
                    <Unicode></Unicode>
                </TextEquiv>
            </TextLine>
            <TextLine id="r1l50" custom="readingOrder {index:49;}">
                <Coords points="548,1332 1709,1305 1761,1335 1742,1250 548,1290"/>
                <Baseline points="562,1317 621,1316 680,1316 739,1315 798,1314 857,1313 916,1313 976,1312 1035,1311 1094,1310 1153,1309 1212,1308 1271,1306 1330,1305 1390,1305 1449,1304 1508,1303 1567,1302 1626,1301 1685,1300 1745,1299"/>
                <TextEquiv>
                    <Unicode>mit der sosialen Frage zu vekbinden. Aber ihre Phautasie</Unicode>
                </TextEquiv>
            </TextLine>
            <TextLine id="r1l51" custom="readingOrder {index:50;}">
                <Coords points="538,1379 1723,1372 1762,1313 537,1330"/>
                <Baseline points="554,1366 613,1365 673,1364 733,1363 792,1362 852,1361 912,1360 971,1358 1031,1357 1091,1356 1151,1355 1210,1354 1270,1353 1330,1352 1389,1352 1449,1351 1509,1351 1568,1351 1628,1351 1688,1351 1748,1351"/>
                <TextEquiv>
                    <Unicode>hob alles empor aus der nüchternen Wirklichkeit in die</Unicode>
                </TextEquiv>
            </TextLine>
            <TextLine id="r1l52" custom="readingOrder {index:51;}">
                <Coords points="541,1424 1742,1412 1769,1354 541,1378"/>
                <Baseline points="556,1411 615,1410 675,1409 735,1408 795,1407 855,1406 915,1406 974,1405 1034,1404 1094,1403 1154,1403 1214,1402 1274,1402 1334,1401 1393,1401 1453,1401 1513,1400 1573,1400 1633,1400 1693,1399 1753,1399"/>
                <TextEquiv>
                    <Unicode>romantische Traümhelle der Wunderstadt Diamante, über¬</Unicode>
                </TextEquiv>
            </TextLine>
            <TextLine id="r1l53" custom="readingOrder {index:52;}">
                <Coords points="1809,1423 2845,1420 2918,1386 2916,1212 2803,1223 2591,1335 2267,1296 2143,1334 1914,1288 1808,1344"/>
                <Baseline points="1825,1418 1878,1415 1932,1412 1986,1409 2040,1407 2094,1406 2148,1405 2202,1404 2256,1404 2310,1404 2364,1404 2417,1404 2471,1404 2525,1404 2579,1404 2633,1404 2687,1403 2741,1402 2795,1401 2849,1399 2903,1397"/>
                <TextEquiv>
                    <Unicode>„Der Ruf des Leitens“ von Artur</Unicode>
                </TextEquiv>
            </TextLine>
            <TextLine id="r1l54" custom="readingOrder {index:53;}">
                <Coords points="550,1471 1800,1479 1798,1372 1722,1407 549,1422"/>
                <Baseline points="566,1463 626,1461 687,1460 748,1459 809,1458 870,1457 931,1456 992,1456 1053,1455 1114,1454 1175,1453 1235,1453 1296,1452 1357,1451 1418,1451 1479,1450 1540,1449 1601,1448 1662,1447 1723,1446 1784,1444"/>
                <TextEquiv>
                    <Unicode>goß alles mit Purpur, Gold und Azur. Und doch ist diese </Unicode>
                </TextEquiv>
            </TextLine>
            <TextLine id="r1l55" custom="readingOrder {index:54;}">
                <Coords points="551,1524 1687,1511 1763,1494 1763,1455 550,1472"/>
                <Baseline points="566,1511 625,1509 684,1508 743,1507 802,1506 861,1504 920,1503 979,1503 1038,1502 1097,1501 1156,1500 1215,1500 1274,1499 1333,1499 1392,1498 1451,1498 1510,1498 1569,1497 1628,1497 1687,1497 1747,1497"/>
                <TextEquiv>
                    <Unicode>schönheitstrunkene Schilderung ewigen Himmelbläus und</Unicode>
                </TextEquiv>
            </TextLine>
            <TextLine id="r1l56" custom="readingOrder {index:55;}">
                <Coords points="1749,1519 2545,1536 2773,1500 2825,1533 2983,1501 2982,1443 2900,1422 1748,1434"/>
                <Baseline points="1763,1505 1823,1506 1883,1506 1943,1506 2003,1506 2064,1506 2124,1506 2184,1505 2244,1505 2304,1504 2365,1504 2425,1503 2485,1503 2545,1502 2605,1501 2666,1500 2726,1499 2786,1498 2846,1497 2906,1495 2967,1493"/>
                <TextEquiv>
                    <Unicode>Schnitzler in Berlin, Prag und Wien.</Unicode>
                </TextEquiv>
            </TextLine>
            <TextLine id="r1l57" custom="readingOrder {index:56;}">
                <Coords points="556,1565 1543,1566 1723,1552 1750,1497 555,1519"/>
                <Baseline points="570,1559 628,1558 686,1557 744,1556 803,1555 861,1554 919,1554 978,1553 1036,1553 1094,1553 1153,1552 1211,1552 1269,1552 1327,1551 1386,1551 1444,1550 1502,1550 1561,1550 1619,1549 1677,1548 1736,1547"/>
                <TextEquiv>
                    <Unicode>üppiger Fruchtbarkeit der sehnsüchtige Lobgesang eines</Unicode>
                </TextEquiv>
            </TextLine>
            <TextLine id="r1l58" custom="readingOrder {index:57;}">
                <Coords points="1890,1570 2092,1596 2841,1570 2841,1530 2731,1515 2533,1538 2295,1506 2222,1531 2183,1498 1890,1524"/>
                <Baseline points="1907,1566 1953,1567 1999,1567 2045,1568 2091,1568 2137,1568 2183,1568 2229,1568 2275,1568 2321,1567 2367,1567 2413,1567 2459,1566 2505,1566 2551,1565 2597,1565 2643,1564 2689,1563 2735,1563 2781,1562 2827,1561"/>
                <TextEquiv>
                    <Unicode>Wiener Theaterbrief von Withelm v. Wymetal.</Unicode>
                </TextEquiv>
            </TextLine>
            <TextLine id="r1l59" custom="readingOrder {index:58;}">
                <Coords points="555,1614 1747,1610 1746,1546 554,1562"/>
                <Baseline points="570,1609 628,1608 686,1606 744,1605 802,1604 860,1603 918,1602 976,1602 1034,1601 1092,1600 1151,1600 1209,1600 1267,1599 1325,1598 1383,1598 1441,1597 1499,1596 1557,1595 1615,1593 1673,1592 1732,1590"/>
                <TextEquiv>
                    <Unicode>Nordländers, der seine eigene Mysterien- und Märchen</Unicode>
                </TextEquiv>
            </TextLine>
            <TextLine id="r1l60" custom="readingOrder {index:59;}">
                <Coords points="1761,1646 2922,1640 2980,1627 2980,1572 1761,1579"/>
                <Baseline points="1776,1629 1835,1629 1895,1629 1954,1629 2014,1629 2073,1629 2133,1629 2192,1629 2252,1629 2311,1629 2371,1629 2430,1629 2490,1628 2549,1628 2609,1628 2668,1627 2728,1626 2787,1625 2847,1624 2906,1622 2966,1621"/>
                <TextEquiv>
                    <Unicode>Das Leben ruft, winkt, lockt. Hütet euch, seinen Ruf zu</Unicode>
                </TextEquiv>
            </TextLine>
            <TextLine id="r1l61" custom="readingOrder {index:60;}">
                <Coords points="549,1668 1756,1644 1719,1602 549,1616"/>
                <Baseline points="563,1656 621,1655 680,1654 739,1654 798,1653 857,1652 916,1652 975,1651 1034,1651 1093,1650 1152,1650 1210,1650 1269,1649 1328,1649 1387,1648 1446,1648 1505,1647 1564,1646 1623,1645 1682,1644 1741,1643"/>
                <TextEquiv>
                    <Unicode>stimmung hineinträgt in die klare Heiterkeit der antiken</Unicode>
                </TextEquiv>
            </TextLine>
            <TextLine id="r1l62" custom="readingOrder {index:61;}">
                <Coords points="1754,1690 2985,1679 2984,1624 1753,1638"/>
                <Baseline points="1770,1682 1829,1682 1889,1682 1949,1682 2009,1682 2069,1682 2129,1682 2189,1682 2249,1682 2309,1681 2369,1681 2428,1681 2488,1680 2548,1680 2608,1679 2668,1679 2728,1678 2788,1677 2848,1676 2908,1675 2968,1674"/>
                <TextEquiv>
                    <Unicode>überhören! „Zu spät“ klingt furchtbarer als „niemals“. Das</Unicode>
                </TextEquiv>
            </TextLine>
            <TextLine id="r1l63" custom="readingOrder {index:62;}">
                <Coords points="554,1715 1749,1704 1748,1649 554,1666"/>
                <Baseline points="569,1705 627,1705 685,1704 743,1704 802,1703 860,1702 918,1702 977,1701 1035,1700 1093,1700 1152,1699 1210,1698 1268,1697 1326,1697 1385,1696 1443,1695 1501,1694 1560,1694 1618,1693 1676,1692 1735,1691"/>
                <TextEquiv>
                    <Unicode>Landschaft, der die Sonnenhelle durch den Schleier einer</Unicode>
                </TextEquiv>
            </TextLine>
            <TextLine id="r1l64" custom="readingOrder {index:63;}">
                <Coords points="1751,1751 2961,1732 2978,1668 1750,1693"/>
                <Baseline points="1766,1733 1829,1733 1892,1733 1955,1733 2018,1733 2081,1733 2144,1732 2207,1731 2270,1731 2333,1730 2397,1729 2460,1728 2523,1727 2586,1725 2649,1724 2712,1723 2775,1722 2838,1721 2901,1720 2965,1719"/>
                <TextEquiv>
                    <Unicode>Leben ist so kurz. Und nur die sich an viel zu erinnern haben,</Unicode>
                </TextEquiv>
            </TextLine>
            <TextLine id="r1l65" custom="readingOrder {index:64;}">
                <Coords points="554,1761 1752,1744 1724,1699 553,1715"/>
                <Baseline points="570,1755 628,1754 686,1754 745,1753 803,1753 861,1752 920,1751 978,1751 1036,1750 1095,1749 1153,1749 1211,1748 1270,1747 1328,1747 1386,1746 1445,1745 1503,1744 1561,1744 1620,1743 1678,1742 1737,1741"/>
                <TextEquiv>
                    <Unicode>dunklen Schwärmerei dämpft. Das ewige Sinnen und</Unicode>
                </TextEquiv>
            </TextLine>
            <TextLine id="r1l66" custom="readingOrder {index:65;}">
                <Coords points="1750,1796 2987,1770 2986,1718 1749,1732"/>
                <Baseline points="1765,1784 1825,1784 1885,1783 1945,1782 2006,1782 2066,1781 2126,1780 2187,1780 2247,1779 2307,1779 2368,1778 2428,1777 2488,1777 2548,1776 2609,1775 2669,1774 2729,1773 2790,1771 2850,1769 2910,1768 2971,1766"/>
                <TextEquiv>
                    <Unicode>schlafen ruhig in der Erde, die andern flattern und klagen</Unicode>
                </TextEquiv>
            </TextLine>
            <TextLine id="r1l67" custom="readingOrder {index:66;}">
                <Coords points="547,1820 1751,1797 1750,1761 1677,1746 546,1759"/>
                <Baseline points="562,1801 620,1801 679,1801 737,1800 796,1800 855,1800 913,1799 972,1799 1031,1798 1089,1797 1148,1797 1207,1796 1265,1795 1324,1794 1383,1793 1441,1793 1500,1792 1559,1791 1617,1791 1676,1790 1735,1790"/>
                <TextEquiv>
                    <Unicode>Trachten der germanischen Seele nach wunderbaren Wei¬</Unicode>
                </TextEquiv>
            </TextLine>
            <TextLine id="r1l68" custom="readingOrder {index:67;}">
                <Coords points="1753,1828 2890,1839 2972,1820 2972,1778 1753,1795"/>
                <Baseline points="1768,1834 1827,1832 1886,1830 1946,1829 2005,1828 2065,1827 2124,1827 2184,1827 2243,1826 2303,1826 2362,1826 2421,1826 2481,1826 2540,1825 2600,1825 2659,1824 2719,1824 2778,1823 2838,1821 2897,1820 2957,1818"/>
                <TextEquiv>
                    <Unicode>über der Erde umher. Darum nütze die jungen Tage, hör'</Unicode>
                </TextEquiv>
            </TextLine>
            <TextLine id="r1l69" custom="readingOrder {index:68;}">
                <Coords points="548,1856 1694,1856 1757,1797 547,1820"/>
                <Baseline points="564,1854 622,1852 681,1851 740,1850 799,1849 858,1849 917,1848 976,1847 1035,1847 1094,1846 1153,1845 1211,1845 1270,1844 1329,1844 1388,1843 1447,1843 1506,1842 1565,1841 1624,1841 1683,1840 1742,1839"/>
                <TextEquiv>
                    <Unicode>ten lebt sich aus in diesem Lobgesang auf des Südens</Unicode>
                </TextEquiv>
            </TextLine>
            <TextLine id="r1l70" custom="readingOrder {index:69;}">
                <Coords points="1753,1888 2783,1891 2990,1876 2990,1827 1752,1839"/>
                <Baseline points="1767,1884 1827,1883 1887,1883 1948,1882 2008,1881 2069,1880 2129,1879 2190,1878 2250,1876 2311,1875 2371,1874 2431,1873 2492,1872 2552,1871 2613,1871 2673,1870 2734,1869 2794,1869 2855,1869 2915,1868 2976,1868"/>
                <TextEquiv>
                    <Unicode>auf den Ruf des Lebens! Wo aber erklingt dieser Ruf am</Unicode>
                </TextEquiv>
            </TextLine>
            <TextLine id="r1l71" custom="readingOrder {index:70;}">
                <Coords points="541,1907 1751,1899 1714,1844 541,1856"/>
                <Baseline points="555,1904 614,1902 673,1902 732,1901 791,1900 850,1899 909,1898 968,1897 1027,1897 1086,1896 1146,1896 1205,1895 1264,1895 1323,1894 1382,1893 1441,1893 1500,1892 1559,1891 1618,1890 1677,1889 1737,1887"/>
                <TextEquiv>
                    <Unicode>Herrlichkeit, und sie hat diesen tief innerlichen Drang ob¬</Unicode>
                </TextEquiv>
            </TextLine>
            <TextLine id="r1l72" custom="readingOrder {index:71;}">
                <Coords points="1763,1940 2997,1930 2996,1875 2956,1872 1762,1888"/>
                <Baseline points="1779,1933 1839,1932 1899,1931 1959,1930 2019,1929 2079,1929 2139,1928 2199,1928 2259,1927 2319,1927 2380,1927 2440,1926 2500,1925 2560,1925 2620,1924 2680,1922 2740,1921 2800,1920 2860,1918 2920,1916 2981,1914"/>
                <TextEquiv>
                    <Unicode>hellsten, am lautesten? Woher? Ach, es gilt gleich, wo und</Unicode>
                </TextEquiv>
            </TextLine>
            <TextLine id="r1l73" custom="readingOrder {index:72;}">
                <Coords points="545,1962 1569,1963 1754,1939 1754,1899 544,1894"/>
                <Baseline points="561,1950 619,1950 678,1950 737,1950 796,1950 855,1949 914,1948 972,1947 1031,1947 1090,1946 1149,1945 1208,1944 1267,1943 1326,1942 1384,1941 1443,1940 1502,1939 1561,1938 1620,1938 1679,1937 1738,1936"/>
                <TextEquiv>
                    <Unicode>jektiv in der Schilderung der schwedischen Bauern gestal¬</Unicode>
                </TextEquiv>
            </TextLine>
            <TextLine id="r1l74" custom="readingOrder {index:73;}">
                <Coords points="1759,1979 2838,1990 2996,1971 2996,1931 1759,1939"/>
                <Baseline points="1773,1979 1833,1978 1893,1978 1954,1977 2014,1977 2074,1977 2135,1976 2195,1976 2255,1976 2316,1976 2376,1976 2436,1976 2497,1975 2557,1975 2617,1975 2678,1974 2738,1973 2798,1972 2859,1971 2919,1970 2980,1969"/>
                <TextEquiv>
                    <Unicode>woher der Ruf ertönt, sofern du ihm nur folgst. Mag der</Unicode>
                </TextEquiv>
            </TextLine>
            <TextLine id="r1l75" custom="readingOrder {index:74;}">
                <Coords points="537,2032 723,1998 1728,2003 1758,1935 536,1974"/>
                <Baseline points="552,2000 611,1999 671,1998 730,1998 790,1997 849,1996 909,1995 968,1994 1028,1994 1087,1993 1147,1992 1206,1991 1266,1990 1325,1989 1385,1989 1444,1988 1504,1987 1563,1986 1623,1985 1682,1984 1742,1984"/>
                <TextEquiv>
                    <Unicode>tet, die aus schwerer Seelennot heraus nach dem gelobten</Unicode>
                </TextEquiv>
            </TextLine>
            <TextLine id="r1l76" custom="readingOrder {index:75;}">
                <Coords points="1753,2035 2966,2035 2989,1970 1752,1984"/>
                <Baseline points="1769,2030 1829,2029 1889,2029 1949,2028 2010,2027 2070,2026 2130,2025 2191,2024 2251,2023 2311,2022 2372,2021 2432,2021 2492,2020 2552,2019 2613,2019 2673,2018 2733,2018 2794,2018 2854,2019 2914,2019 2975,2020"/>
                <TextEquiv>
                    <Unicode>Ruf des Lebens aus dunkeln Abenteuern klingen, von Krieg</Unicode>
                </TextEquiv>
            </TextLine>
            <TextLine id="r1l77" custom="readingOrder {index:76;}">
                <Coords points="551,2060 1231,2064 1429,2022 1755,2049 1754,1997 1565,1987 551,2005"/>
                <Baseline points="566,2049 624,2048 683,2047 742,2046 801,2045 859,2044 918,2043 977,2042 1036,2042 1094,2041 1153,2040 1212,2040 1271,2039 1329,2039 1388,2038 1447,2038 1506,2037 1564,2036 1623,2036 1682,2035 1741,2035"/>
                <TextEquiv>
                    <Unicode>Lande ziehen. Dieser Roman „Jerusalem“ an Größe der</Unicode>
                </TextEquiv>
            </TextLine>
            <TextLine id="r1l78" custom="readingOrder {index:77;}">
                <Coords points="1752,2098 2986,2087 2964,2014 1751,2028"/>
                <Baseline points="1767,2078 1827,2077 1887,2077 1947,2076 2007,2075 2068,2074 2128,2073 2188,2073 2248,2072 2308,2071 2369,2070 2429,2070 2489,2069 2549,2068 2609,2068 2670,2067 2730,2067 2790,2066 2850,2066 2910,2065 2971,2065"/>
                <TextEquiv>
                    <Unicode>und Mord und Haß und Liebe, oder mag er, reiner und</Unicode>
                </TextEquiv>
            </TextLine>
            <TextLine id="r1l79" custom="readingOrder {index:78;}">
                <Coords points="555,2100 1762,2107 1761,2046 1432,2022 554,2060"/>
                <Baseline points="570,2097 628,2097 687,2096 746,2096 805,2095 863,2094 922,2093 981,2093 1040,2092 1098,2091 1157,2091 1216,2090 1275,2089 1333,2088 1392,2088 1451,2087 1510,2086 1568,2086 1627,2085 1686,2085 1745,2085"/>
                <TextEquiv>
                    <Unicode>Komposition und Inbrunst des Erlebens noch über der</Unicode>
                </TextEquiv>
            </TextLine>
            <TextLine id="r1l80" custom="readingOrder {index:79;}">
                <Coords points="1763,2139 3004,2135 3003,2058 1763,2090"/>
                <Baseline points="1777,2126 1837,2127 1898,2127 1958,2127 2019,2127 2079,2126 2140,2126 2200,2126 2261,2125 2321,2125 2382,2124 2443,2123 2503,2122 2564,2121 2624,2120 2685,2120 2745,2118 2806,2117 2866,2117 2927,2116 2988,2115"/>
                <TextEquiv>
                    <Unicode>tiefer, aus kühlen Tannenwäldern und vom schwerblauen</Unicode>
                </TextEquiv>
            </TextLine>
            <TextLine id="r1l81" custom="readingOrder {index:80;}">
                <Coords points="557,2148 1758,2142 1757,2099 1711,2091 556,2102"/>
                <Baseline points="572,2145 630,2144 688,2144 747,2143 805,2143 864,2142 922,2142 981,2141 1039,2141 1098,2140 1156,2139 1214,2139 1273,2138 1331,2137 1390,2136 1448,2136 1507,2134 1565,2133 1624,2132 1682,2131 1741,2130"/>
                <TextEquiv>
                    <Unicode>Gösta Berling-Saga stehend, ist eine gewaltige Epopoc, in</Unicode>
                </TextEquiv>
            </TextLine>
            <TextLine id="r1l82" custom="readingOrder {index:81;}">
                <Coords points="542,2205 2779,2203 3010,2129 541,2141"/>
                <Baseline points="558,2195 679,2195 801,2194 923,2193 1045,2191 1167,2189 1289,2187 1410,2185 1532,2183 1654,2181 1776,2179 1898,2177 2020,2175 2142,2173 2263,2171 2385,2170 2507,2169 2629,2168 2751,2168 2873,2168 2995,2169"/>
                <TextEquiv>
                    <Unicode>der die Dichterin grandiose Töne der Tragik findet und Sommerhimmel schallen, hört mir den Ruf und verliegt euch</Unicode>
                </TextEquiv>
            </TextLine>
            <TextLine id="r1l83" custom="readingOrder {index:82;}">
                <Coords points="1756,2254 1771,2254 1792,2238 1832,2250 1871,2234 1908,2230 1907,2182 1822,2186 1812,2180 1782,2190 1770,2178 1754,2178"/>
                <Baseline points="1771,2225 1801,2223 1832,2222 1862,2222 1893,2223"/>
                <TextEquiv>
                    <Unicode>nicht!</Unicode>
                </TextEquiv>
            </TextLine>
            <TextLine id="r1l84" custom="readingOrder {index:83;}">
                <Coords points="544,2251 1773,2257 1772,2190 1662,2183 544,2205"/>
                <Baseline points="558,2245 618,2244 678,2243 738,2242 798,2241 858,2240 918,2239 978,2238 1038,2237 1098,2237 1158,2236 1218,2235 1278,2234 1338,2233 1398,2232 1458,2232 1518,2231 1578,2230 1638,2229 1698,2228 1758,2228"/>
                <TextEquiv>
                    <Unicode>eine monumentale Schilderungskunst entfaltet. Besonders</Unicode>
                </TextEquiv>
            </TextLine>
            <TextLine id="r1l85" custom="readingOrder {index:84;}">
                <Coords points="1841,2286 2999,2267 2998,2225 2702,2198 1840,2234"/>
                <Baseline points="1857,2276 1913,2276 1969,2277 2025,2277 2082,2276 2138,2276 2194,2275 2251,2274 2307,2273 2363,2272 2420,2271 2476,2270 2532,2269 2588,2268 2645,2267 2701,2266 2757,2266 2814,2265 2870,2265 2926,2265 2983,2266"/>
                <TextEquiv>
                    <Unicode>Die Moser=Marie ist nahe daran, die Stunde zu ver¬</Unicode>
                </TextEquiv>
            </TextLine>
            <TextLine id="r1l86" custom="readingOrder {index:85;}">
                <Coords points="561,2306 1756,2290 1734,2235 560,2251"/>
                <Baseline points="576,2293 634,2292 692,2292 750,2291 808,2290 867,2289 925,2288 983,2288 1041,2287 1099,2286 1158,2285 1216,2284 1274,2283 1332,2282 1390,2282 1449,2281 1507,2280 1565,2280 1623,2279 1681,2279 1740,2279"/>
                <TextEquiv>
                    <Unicode>der erste Teil ist recht eigentlich der Roman des schwedi¬</Unicode>
                </TextEquiv>
            </TextLine>
            <TextLine id="r1l87" custom="readingOrder {index:86;}">
                <Coords points="561,2352 3002,2326 3001,2268 2641,2258 560,2297"/>
                <Baseline points="575,2343 695,2342 816,2341 936,2340 1057,2338 1178,2336 1298,2333 1419,2331 1539,2329 1660,2327 1781,2325 1901,2323 2022,2321 2142,2320 2263,2319 2384,2317 2504,2317 2625,2316 2745,2317 2866,2317 2987,2318"/>
                <TextEquiv>
                    <Unicode>schen Bauern, dessen Seele sich am tiefsten in seinen reli= [säumen, die nie wiederkehrt. Sie ist schon sechsundzwanzig</Unicode>
                </TextEquiv>
            </TextLine>
            <TextLine id="r1l88" custom="readingOrder {index:87;}">
                <Coords points="1761,2382 2931,2380 2998,2370 2998,2315 1761,2336"/>
                <Baseline points="1777,2375 1837,2374 1897,2374 1958,2373 2018,2373 2078,2372 2139,2372 2199,2371 2259,2371 2320,2370 2380,2369 2440,2369 2501,2368 2561,2368 2621,2368 2682,2367 2742,2367 2802,2367 2863,2367 2923,2366 2984,2367"/>
                <TextEquiv>
                    <Unicode>Jahre alt und muß ihr Leben am Bett eines neunundsiebzig¬</Unicode>
                </TextEquiv>
            </TextLine>
            <TextLine id="r1l89" custom="readingOrder {index:88;}">
                <Coords points="550,2412 1314,2377 1693,2405 1756,2392 1756,2334 549,2363"/>
                <Baseline points="565,2394 623,2393 682,2392 741,2391 800,2389 859,2389 917,2387 976,2387 1035,2386 1094,2385 1153,2384 1211,2383 1270,2382 1329,2381 1388,2381 1447,2380 1505,2380 1564,2379 1623,2378 1682,2378 1741,2377"/>
                <TextEquiv>
                    <Unicode>giösen Anschauungen offenbart. Ein historischer Vorgang,</Unicode>
                </TextEquiv>
            </TextLine>
            <TextLine id="r1l90" custom="readingOrder {index:89;}">
                <Coords points="1760,2428 3007,2412 2988,2363 1760,2382"/>
                <Baseline points="1777,2428 1837,2427 1898,2425 1959,2424 2020,2423 2081,2422 2141,2421 2202,2420 2263,2419 2324,2418 2385,2417 2445,2417 2506,2416 2567,2416 2628,2415 2689,2415 2749,2415 2810,2415 2871,2415 2932,2415 2993,2415"/>
                <TextEquiv>
                    <Unicode>jährigen, kranken, sekkanten alten Vaters vertrauern, der sie,</Unicode>
                </TextEquiv>
            </TextLine>
            <TextLine id="r1l91" custom="readingOrder {index:90;}">
                <Coords points="552,2457 1765,2434 1736,2364 552,2405"/>
                <Baseline points="568,2444 627,2443 686,2442 745,2441 804,2440 863,2439 922,2438 981,2437 1040,2436 1099,2435 1158,2434 1217,2433 1276,2432 1335,2431 1394,2430 1453,2429 1512,2428 1571,2427 1630,2427 1689,2426 1749,2425"/>
                <TextEquiv>
                    <Unicode>das Auftreten des seltsamen Propheten Erik Jansson in</Unicode>
                </TextEquiv>
            </TextLine>
            <TextLine id="r1l92" custom="readingOrder {index:91;}">
                <Coords points="1761,2471 2225,2496 2721,2460 2755,2490 2998,2466 2998,2418 1761,2428"/>
                <Baseline points="1775,2476 1835,2475 1895,2474 1956,2473 2016,2472 2077,2471 2137,2471 2197,2470 2258,2470 2318,2469 2379,2469 2439,2468 2499,2468 2560,2467 2620,2467 2681,2466 2741,2465 2801,2464 2862,2463 2922,2462 2983,2461"/>
                <TextEquiv>
                    <Unicode>seine einzige Pflegerin, keine Stunde aus dem Haus lassen</Unicode>
                </TextEquiv>
            </TextLine>
            <TextLine id="r1l93" custom="readingOrder {index:92;}">
                <Coords points="560,2504 1764,2485 1763,2436 1693,2425 559,2443"/>
                <Baseline points="576,2493 634,2490 693,2488 751,2486 810,2485 868,2484 927,2483 985,2482 1044,2481 1102,2481 1161,2480 1220,2480 1278,2480 1337,2479 1395,2479 1454,2478 1512,2477 1571,2477 1629,2476 1688,2474 1747,2472"/>
                <TextEquiv>
                    <Unicode>Dalekarlien und die Auswanderung einer ganzen Schar</Unicode>
                </TextEquiv>
            </TextLine>
            <TextLine id="r1l94" custom="readingOrder {index:93;}">
                <Coords points="1759,2521 2765,2539 2999,2512 2999,2466 1759,2479"/>
                <Baseline points="1775,2524 1835,2523 1895,2523 1956,2522 2016,2521 2077,2521 2137,2520 2198,2520 2258,2519 2319,2519 2379,2519 2439,2518 2500,2518 2560,2517 2621,2517 2681,2516 2742,2515 2802,2514 2863,2513 2923,2511 2984,2510"/>
                <TextEquiv>
                    <Unicode>will. Marie hat schon fast resigniert. Der Arzt, der ihren</Unicode>
                </TextEquiv>
            </TextLine>
            <TextLine id="r1l95" custom="readingOrder {index:94;}">
                <Coords points="558,2548 1765,2529 1746,2475 558,2500"/>
                <Baseline points="572,2540 630,2539 689,2539 748,2538 807,2537 866,2536 925,2536 983,2535 1042,2534 1101,2533 1160,2532 1219,2531 1278,2530 1337,2529 1395,2528 1454,2527 1513,2526 1572,2525 1631,2524 1690,2523 1749,2521"/>
                <TextEquiv>
                    <Unicode>von Bauern nach Palästina, gaben den Ausgangspunkt.</Unicode>
                </TextEquiv>
            </TextLine>
            <TextLine id="r1l96" custom="readingOrder {index:95;}">
                <Coords points="1765,2581 2890,2578 2990,2566 2990,2514 1765,2538"/>
                <Baseline points="1781,2571 1840,2571 1900,2571 1959,2571 2019,2571 2079,2571 2138,2571 2198,2570 2258,2570 2317,2570 2377,2569 2437,2569 2496,2568 2556,2568 2616,2567 2675,2567 2735,2566 2795,2565 2854,2564 2914,2563 2974,2562"/>
                <TextEquiv>
                    <Unicode>Vater behandelt, liebt sie, ein F## djunkt, der im Haus</Unicode>
                </TextEquiv>
            </TextLine>
            <TextLine id="r1l97" custom="readingOrder {index:96;}">
                <Coords points="553,2592 1766,2583 1765,2531 552,2537"/>
                <Baseline points="568,2590 627,2589 686,2588 745,2586 804,2585 863,2584 922,2583 981,2582 1040,2581 1099,2580 1159,2578 1218,2578 1277,2577 1336,2576 1395,2575 1454,2575 1513,2574 1572,2574 1631,2574 1690,2574 1750,2574"/>
                <TextEquiv>
                    <Unicode>Die Dichterin führt uns mitten hinein in die enge, düstere,</Unicode>
                </TextEquiv>
            </TextLine>
            <TextLine id="r1l98" custom="readingOrder {index:97;}">
                <Coords points="1767,2633 2974,2627 3010,2557 1767,2582"/>
                <Baseline points="1782,2622 1842,2622 1903,2621 1963,2620 2024,2620 2085,2620 2145,2620 2206,2619 2266,2619 2327,2619 2388,2619 2448,2619 2509,2618 2569,2617 2630,2617 2691,2615 2751,2614 2812,2612 2872,2611 2933,2609 2994,2606"/>
                <TextEquiv>
                    <Unicode>verkehrt, liebt sie gleichfalls und sie hat diese Liebe sogar</Unicode>
                </TextEquiv>
            </TextLine>
            <TextLine id="r1l99" custom="readingOrder {index:98;}">
                <Coords points="540,2659 1762,2627 1761,2581 1597,2571 539,2577"/>
                <Baseline points="556,2640 615,2638 675,2636 734,2635 794,2634 854,2632 913,2631 973,2630 1032,2629 1092,2629 1152,2628 1211,2627 1271,2626 1330,2626 1390,2625 1450,2625 1509,2624 1569,2623 1628,2623 1688,2622 1748,2622"/>
                <TextEquiv>
                    <Unicode>leidenschaftliche wilde und ertatisch erregte Welt der</Unicode>
                </TextEquiv>
            </TextLine>
            <TextLine id="r1l100" custom="readingOrder {index:99;}">
                <Coords points="1761,2695 3002,2667 3001,2621 2949,2615 1761,2615"/>
                <Baseline points="1777,2672 1837,2672 1897,2671 1958,2670 2018,2670 2079,2669 2139,2669 2200,2668 2260,2668 2321,2667 2381,2667 2441,2666 2502,2666 2562,2665 2623,2664 2683,2664 2744,2663 2804,2662 2865,2661 2925,2660 2986,2659"/>
                <TextEquiv>
                    <Unicode>ein wenig erwidert, dann ist der Leutnant Max gekommen</Unicode>
                </TextEquiv>
            </TextLine>
            <TextLine id="r1l101" custom="readingOrder {index:100;}">
                <Coords points="551,2683 1722,2685 1770,2669 1770,2621 551,2646"/>
                <Baseline points="568,2688 627,2687 686,2686 746,2685 805,2684 864,2683 924,2682 983,2681 1042,2680 1102,2679 1161,2678 1220,2677 1280,2676 1339,2675 1398,2674 1458,2673 1517,2672 1576,2672 1636,2671 1695,2671 1755,2670"/>
                <TextEquiv>
                    <Unicode> Bauern, indem sie die Geschichte eines Geschlechts, der</Unicode>
                </TextEquiv>
            </TextLine>
            <TextLine id="r1l102" custom="readingOrder {index:101;}">
                <Coords points="1758,2727 2999,2713 2974,2665 1758,2681"/>
                <Baseline points="1774,2721 1834,2720 1894,2719 1955,2719 2015,2718 2076,2718 2136,2717 2196,2717 2257,2717 2317,2716 2378,2716 2438,2716 2498,2716 2559,2715 2619,2714 2680,2714 2740,2713 2800,2712 2861,2710 2921,2709 2982,2707"/>
                <TextEquiv>
                    <Unicode>von den blauen Kürassieren, den Marie auf ihrem einzigen</Unicode>
                </TextEquiv>
            </TextLine>
            <TextLine id="r1l103" custom="readingOrder {index:102;}">
                <Coords points="549,2741 1697,2737 1774,2727 1773,2660 548,2686"/>
                <Baseline points="564,2737 623,2736 683,2734 742,2734 802,2733 862,2731 921,2731 981,2730 1041,2729 1100,2728 1160,2727 1220,2726 1279,2725 1339,2725 1399,2724 1458,2723 1518,2722 1578,2722 1637,2721 1697,2720 1757,2720"/>
                <TextEquiv>
                    <Unicode>Ingmarsöhne, darstellt. Aus tiefer Not und felsenfestem</Unicode>
                </TextEquiv>
            </TextLine>
            <TextLine id="r1l104" custom="readingOrder {index:103;}">
                <Coords points="1756,2779 2926,2775 3011,2716 1755,2727"/>
                <Baseline points="1771,2769 1832,2769 1893,2768 1954,2768 2016,2767 2077,2767 2138,2767 2199,2767 2261,2766 2322,2766 2383,2766 2444,2765 2506,2765 2567,2764 2628,2764 2689,2763 2751,2762 2812,2761 2873,2759 2934,2758 2996,2755"/>
                <TextEquiv>
                    <Unicode>Ball kennen gelernt und mit dem sie im Innersten sofort</Unicode>
                </TextEquiv>
            </TextLine>
            <TextLine id="r1l105" custom="readingOrder {index:104;}">
                <Coords points="552,2806 1774,2787 1773,2726 551,2742"/>
                <Baseline points="566,2785 625,2784 685,2783 744,2782 804,2781 863,2780 923,2779 982,2778 1042,2777 1101,2775 1161,2775 1221,2773 1280,2773 1340,2772 1399,2771 1459,2771 1518,2771 1578,2771 1637,2771 1697,2771 1757,2771"/>
                <TextEquiv>
                    <Unicode>Glauben erwächst diesen Menschen notwendig das lockende</Unicode>
                </TextEquiv>
            </TextLine>
            <TextLine id="r1l106" custom="readingOrder {index:105;}">
                <Coords points="551,2838 2800,2829 3010,2812 3010,2748 551,2777"/>
                <Baseline points="568,2833 689,2831 810,2828 931,2827 1053,2825 1174,2824 1295,2822 1417,2821 1538,2820 1659,2820 1781,2819 1902,2818 2023,2817 2144,2816 2266,2815 2387,2814 2508,2813 2630,2811 2751,2810 2872,2808 2994,2805"/>
                <TextEquiv>
                    <Unicode>Verheitungswort: Jerusalem. Wie sich nun aus diesem die Liebe auf den ersten Blick vereint hat; allen aber ent¬</Unicode>
                </TextEquiv>
            </TextLine>
            <TextLine id="r1l107" custom="readingOrder {index:106;}">
                <Coords points="1774,2880 2841,2877 2996,2848 2996,2811 1774,2826"/>
                <Baseline points="1789,2870 1848,2869 1908,2868 1967,2867 2027,2867 2087,2866 2146,2865 2206,2865 2266,2864 2325,2863 2385,2863 2445,2862 2504,2862 2564,2861 2624,2860 2683,2860 2743,2859 2803,2858 2862,2857 2922,2855 2982,2854"/>
                <TextEquiv>
                    <Unicode>sagte sie um des lieblosen, boshaften Vaters willen, der un¬</Unicode>
                </TextEquiv>
            </TextLine>
            <TextLine id="r1l108" custom="readingOrder {index:107;}">
                <Coords points="562,2887 1778,2889 1777,2809 561,2857"/>
                <Baseline points="578,2883 637,2882 696,2881 755,2880 815,2879 874,2877 933,2876 992,2875 1052,2874 1111,2873 1170,2873 1229,2872 1289,2871 1348,2870 1407,2869 1466,2869 1526,2868 1585,2868 1644,2868 1703,2867 1763,2867"/>
                <TextEquiv>
                    <Unicode>einen Teil die ganze Bewegung entfaltet, wie sich die</Unicode>
                </TextEquiv>
            </TextLine>
            <TextLine id="r1l109" custom="readingOrder {index:108;}">
                <Coords points="1780,2925 3011,2925 3010,2846 1779,2876"/>
                <Baseline points="1794,2917 1854,2917 1914,2917 1974,2917 2034,2916 2094,2916 2154,2915 2214,2915 2274,2914 2334,2913 2394,2913 2454,2912 2514,2911 2574,2910 2634,2909 2694,2908 2754,2907 2814,2906 2874,2905 2934,2904 2994,2903"/>
                <TextEquiv>
                    <Unicode>heilbar krank ist, dessen Leiden jedoch noch viele Jahre</Unicode>
                </TextEquiv>
            </TextLine>
            <TextLine id="r1l110" custom="readingOrder {index:109;}">
                <Coords points="564,2944 1701,2934 1771,2914 1771,2878 564,2895"/>
                <Baseline points="578,2929 636,2929 695,2928 754,2927 813,2927 872,2926 931,2925 990,2924 1049,2923 1108,2923 1167,2922 1225,2921 1284,2920 1343,2920 1402,2919 1461,2918 1520,2918 1579,2918 1638,2917 1697,2917 1756,2917"/>
                <TextEquiv>
                    <Unicode>Schwärmerei zu immer wilderer Extafe entwickelt und</Unicode>
                </TextEquiv>
            </TextLine>
            <TextLine id="r1l111" custom="readingOrder {index:110;}">
                <Coords points="1766,2966 3007,2954 2970,2906 1766,2914"/>
                <Baseline points="1781,2967 1841,2966 1901,2966 1962,2965 2022,2964 2083,2964 2143,2964 2204,2963 2264,2963 2325,2963 2385,2963 2445,2962 2506,2962 2566,2961 2627,2960 2687,2960 2748,2958 2808,2957 2869,2956 2929,2954 2990,2952"/>
                <TextEquiv>
                    <Unicode>währen kann. Allein in einer Nacht ertönt der Ruf des</Unicode>
                </TextEquiv>
            </TextLine>
            <TextLine id="r1l112" custom="readingOrder {index:111;}">
                <Coords points="565,2994 1772,2982 1771,2927 1667,2914 565,2954"/>
                <Baseline points="580,2982 638,2980 697,2979 756,2977 815,2976 874,2974 932,2973 991,2972 1050,2971 1109,2970 1168,2969 1226,2968 1285,2967 1344,2967 1403,2966 1462,2966 1520,2965 1579,2965 1638,2965 1697,2965 1756,2964"/>
                <TextEquiv>
                    <Unicode>endlich zur Lawine anwächst, das wird in dem ersten Band</Unicode>
                </TextEquiv>
            </TextLine>
            <TextLine id="r1l113" custom="readingOrder {index:112;}">
                <Coords points="1764,3048 3007,2994 2982,2955 1763,2965"/>
                <Baseline points="1777,3015 1837,3014 1898,3014 1959,3013 2019,3013 2080,3012 2141,3012 2201,3012 2262,3012 2323,3012 2384,3012 2444,3011 2505,3011 2566,3010 2626,3010 2687,3009 2748,3008 2808,3006 2869,3005 2930,3003 2991,3001"/>
                <TextEquiv>
                    <Unicode>Lebens dicht vor Mariens Tür, „so lockend und laut, als</Unicode>
                </TextEquiv>
            </TextLine>
            <TextLine id="r1l114" custom="readingOrder {index:113;}">
                <Coords points="569,3036 1767,3016 1766,2967 568,2981"/>
                <Baseline points="584,3032 642,3030 700,3028 759,3026 817,3024 875,3023 934,3022 992,3020 1050,3019 1109,3018 1167,3017 1225,3017 1284,3016 1342,3015 1400,3015 1459,3015 1517,3014 1575,3014 1634,3014 1692,3014 1751,3014"/>
                <TextEquiv>
                    <Unicode>von „Jerusalem“ geschildert. Vor dem Seherblick der Er¬</Unicode>
                </TextEquiv>
            </TextLine>
            <TextLine id="r1l115" custom="readingOrder {index:114;}">
                <Coords points="1766,3080 2909,3068 2988,3053 2988,3001 1766,3028"/>
                <Baseline points="1781,3062 1840,3062 1900,3062 1959,3062 2019,3062 2078,3061 2138,3061 2197,3060 2257,3060 2316,3060 2376,3059 2436,3059 2495,3058 2555,3058 2614,3057 2674,3057 2733,3056 2793,3055 2852,3055 2912,3054 2972,3054"/>
                <TextEquiv>
                    <Unicode>wartete das Leben selbst, das ersehnte, das herrliche, drau¬</Unicode>
                </TextEquiv>
            </TextLine>
            <TextLine id="r1l116" custom="readingOrder {index:115;}">
                <Coords points="558,3070 1777,3061 1776,3006 558,3036"/>
                <Baseline points="574,3079 633,3077 692,3075 752,3074 811,3072 870,3071 930,3070 989,3068 1048,3067 1108,3066 1167,3065 1226,3064 1286,3064 1345,3063 1404,3062 1464,3062 1523,3062 1582,3061 1642,3061 1701,3061 1761,3061"/>
                <TextEquiv>
                    <Unicode>weckten verschwindet die ärmliche Heimat, und die Weite</Unicode>
                </TextEquiv>
            </TextLine>
            <TextLine id="r1l117" custom="readingOrder {index:116;}">
                <Coords points="1774,3142 3008,3110 3007,3052 1773,3069"/>
                <Baseline points="1789,3112 1849,3111 1909,3110 1969,3110 2029,3109 2089,3109 2149,3109 2210,3108 2270,3108 2330,3108 2390,3108 2450,3107 2510,3107 2570,3106 2631,3106 2691,3105 2751,3104 2811,3103 2871,3102 2931,3100 2992,3098"/>
                <TextEquiv>
                    <Unicode>ßen vor der Tür — und warteie nur in dieser einen Nacht</Unicode>
                </TextEquiv>
            </TextLine>
            <TextLine id="r1l118" custom="readingOrder {index:117;}">
                <Coords points="570,3135 1761,3125 1764,3070 569,3086"/>
                <Baseline points="586,3125 644,3124 702,3122 760,3121 818,3120 876,3119 934,3117 993,3116 1051,3115 1109,3114 1167,3113 1225,3112 1283,3111 1341,3111 1400,3110 1458,3110 1516,3110 1574,3110 1632,3110 1690,3110 1749,3111"/>
                <TextEquiv>
                    <Unicode>der ganzen Welt lut sich vor ihnen auf, die unendliche lockende</Unicode>
                </TextEquiv>
            </TextLine>
            <TextLine id="r1l119" custom="readingOrder {index:118;}">
                <Coords points="1793,3175 3009,3152 2969,3107 1792,3132"/>
                <Baseline points="1808,3164 1867,3162 1926,3160 1985,3159 2044,3159 2104,3158 2163,3157 2222,3157 2281,3156 2340,3156 2400,3156 2459,3155 2518,3155 2577,3155 2636,3154 2696,3154 2755,3153 2814,3153 2873,3152 2932,3151 2992,3150"/>
                <TextEquiv>
                    <Unicode>... und niemals wieder.“ Es ist die Nacht vor dem Mor¬</Unicode>
                </TextEquiv>
            </TextLine>
            <TextLine id="r1l120" custom="readingOrder {index:119;}">
                <Coords points="565,3179 1626,3182 1775,3171 1775,3116 565,3139"/>
                <Baseline points="580,3176 639,3174 698,3172 757,3171 816,3170 875,3168 934,3168 993,3167 1052,3166 1111,3166 1170,3165 1229,3165 1288,3164 1347,3164 1406,3164 1465,3163 1524,3163 1583,3162 1642,3162 1701,3161 1761,3160"/>
                <TextEquiv>
                    <Unicode>Ferne des Meeres, die Pforte des heiligen Zion; mit dem</Unicode>
                </TextEquiv>
            </TextLine>
            <TextLine id="r1l121" custom="readingOrder {index:120;}">
                <Coords points="1779,3226 3004,3221 3004,3151 1779,3174"/>
                <Baseline points="1793,3214 1852,3212 1912,3211 1972,3210 2032,3209 2092,3208 2151,3208 2211,3207 2271,3207 2331,3206 2391,3206 2450,3206 2510,3206 2570,3205 2630,3205 2690,3205 2749,3204 2809,3203 2869,3202 2929,3200 2989,3199"/>
                <TextEquiv>
                    <Unicode>gen, an dem die blauen Kürassiere in den Krieg ziehen, in</Unicode>
                </TextEquiv>
            </TextLine>
            <TextLine id="r1l122" custom="readingOrder {index:121;}">
                <Coords points="567,3230 1204,3249 1441,3211 1530,3243 1740,3230 1785,3165 566,3178"/>
                <Baseline points="582,3226 641,3225 700,3224 760,3223 819,3222 879,3220 938,3219 998,3218 1057,3217 1117,3216 1176,3215 1235,3214 1295,3213 1354,3212 1414,3211 1473,3209 1533,3209 1592,3208 1652,3207 1711,3206 1771,3205"/>
                <TextEquiv>
                    <Unicode>Auszug nach Jerusalem schließt der erste Teil in einem</Unicode>
                </TextEquiv>
            </TextLine>
            <TextLine id="r1l123" custom="readingOrder {index:122;}">
                <Coords points="1770,3271 2928,3271 3004,3264 3004,3219 1769,3213"/>
                <Baseline points="1784,3264 1844,3263 1904,3262 1964,3261 2025,3260 2085,3259 2145,3259 2206,3258 2266,3257 2326,3257 2387,3256 2447,3255 2507,3255 2567,3254 2628,3254 2688,3253 2748,3253 2809,3253 2869,3252 2929,3252 2990,3252"/>
                <TextEquiv>
                    <Unicode>den sicheren Tod ziehen. So haben sich's nämlich die Offi¬</Unicode>
                </TextEquiv>
            </TextLine>
            <TextLine id="r1l124" custom="readingOrder {index:123;}">
                <Coords points="563,3292 652,3303 779,3273 852,3286 928,3273 984,3293 1087,3266 1086,3223 1067,3221 992,3238 857,3222 806,3239 562,3231"/>
                <Baseline points="579,3271 604,3271 630,3271 656,3271 682,3270 708,3270 734,3269 759,3269 785,3268 811,3268 837,3267 863,3266 889,3266 914,3265 940,3265 966,3264 992,3263 1018,3263 1044,3262 1070,3262"/>
                <TextEquiv>
                    <Unicode>ergreifenden Finale ab.</Unicode>
                </TextEquiv>
            </TextLine>
            <TextLine id="r1l125" custom="readingOrder {index:124;}">
                <Coords points="1773,3314 2831,3324 3001,3314 3001,3247 1773,3265"/>
                <Baseline points="1787,3314 1846,3313 1906,3310 1966,3309 2026,3308 2086,3307 2146,3306 2206,3306 2266,3305 2326,3305 2386,3305 2445,3305 2505,3304 2565,3304 2625,3304 2685,3303 2745,3303 2805,3302 2865,3301 2925,3299 2985,3297"/>
                <TextEquiv>
                    <Unicode>ziere des Regiments zugeschworen: keiner soll lebend zurück¬</Unicode>
                </TextEquiv>
            </TextLine>
            <TextLine id="r1l126" custom="readingOrder {index:125;}">
                <Coords points="633,3335 1688,3333 1779,3320 1779,3265 633,3286"/>
                <Baseline points="649,3324 704,3324 760,3324 816,3324 872,3324 928,3324 983,3323 1039,3323 1095,3323 1151,3322 1207,3322 1262,3321 1318,3321 1374,3320 1430,3320 1486,3319 1541,3318 1597,3318 1653,3317 1709,3316 1765,3315"/>
                <TextEquiv>
                    <Unicode>Die dichterische Schönheit dieses Werkes ist von einer</Unicode>
                </TextEquiv>
            </TextLine>
            <TextLine id="r1l127" custom="readingOrder {index:126;}">
                <Coords points="1780,3362 2951,3366 3002,3350 3002,3305 1780,3319"/>
                <Baseline points="1795,3361 1854,3360 1914,3358 1973,3357 2033,3356 2093,3355 2152,3354 2212,3354 2271,3353 2331,3353 2391,3353 2450,3352 2510,3352 2569,3351 2629,3351 2689,3350 2748,3349 2808,3348 2867,3346 2927,3345 2987,3343"/>
                <TextEquiv>
                    <Unicode>kommen, damit eine alte Schande des Regimentes getilgt</Unicode>
                </TextEquiv>
            </TextLine>
            <TextLine id="r1l128" custom="readingOrder {index:127;}">
                <Coords points="557,3402 1773,3375 1736,3320 556,3320"/>
                <Baseline points="573,3377 632,3376 691,3375 750,3375 809,3374 868,3373 927,3373 987,3372 1046,3371 1105,3370 1164,3370 1223,3369 1282,3369 1341,3368 1401,3368 1460,3367 1519,3367 1578,3367 1637,3366 1696,3366 1756,3366"/>
                <TextEquiv>
                    <Unicode>einsachen Klarheit, von einer überzeugenden Kraft, die</Unicode>
                </TextEquiv>
            </TextLine>
            <TextLine id="r1l129" custom="readingOrder {index:128;}">
                <Coords points="1767,3426 3007,3416 2976,3343 1821,3379 1766,3349"/>
                <Baseline points="1781,3412 1841,3410 1901,3408 1962,3407 2022,3406 2083,3405 2143,3404 2204,3403 2264,3403 2325,3403 2385,3402 2445,3402 2506,3402 2566,3401 2627,3401 2687,3400 2748,3400 2808,3399 2869,3398 2929,3397 2990,3395"/>
                <TextEquiv>
                    <Unicode>werde, das vor dreißig Jahren durch vorzeitige Flucht den</Unicode>
                </TextEquiv>
            </TextLine>
            <TextLine id="r1l130" custom="readingOrder {index:129;}">
                <Coords points="564,3434 1753,3428 1771,3376 564,3397"/>
                <Baseline points="580,3428 638,3427 697,3426 756,3425 815,3424 874,3423 933,3423 991,3423 1050,3422 1109,3422 1168,3421 1227,3421 1286,3420 1345,3419 1403,3419 1462,3418 1521,3416 1580,3415 1639,3414 1698,3412 1757,3410"/>
                <TextEquiv>
                    <Unicode>jedes übermaß des Gefühls und der Worte vermeidet. Die</Unicode>
                </TextEquiv>
            </TextLine>
            <TextLine id="r1l131" custom="readingOrder {index:130;}">
                <Coords points="1773,3476 2940,3463 3010,3450 3010,3407 1773,3424"/>
                <Baseline points="1788,3462 1848,3460 1908,3458 1969,3456 2029,3454 2090,3453 2150,3452 2210,3451 2271,3450 2331,3450 2392,3449 2452,3449 2512,3448 2573,3448 2633,3448 2694,3448 2754,3447 2814,3447 2875,3447 2935,3446 2996,3446"/>
                <TextEquiv>
                    <Unicode>Verlust einer Schlacht verschuldet hat. .. Auf jenem Ball¬</Unicode>
                </TextEquiv>
            </TextLine>
            <TextLine id="r1l132" custom="readingOrder {index:131;}">
                <Coords points="562,3469 1674,3482 1781,3460 1780,3411 561,3438"/>
                <Baseline points="578,3478 637,3475 696,3474 756,3473 815,3472 874,3471 934,3470 993,3470 1052,3470 1112,3470 1171,3470 1230,3470 1290,3469 1349,3469 1408,3469 1468,3468 1527,3467 1586,3466 1646,3464 1705,3462 1765,3459"/>
                <TextEquiv>
                    <Unicode>beiden Tonarten, über die Selma Lagerlöf als Meisterin</Unicode>
                </TextEquiv>
            </TextLine>
            <TextLine id="r1l133" custom="readingOrder {index:132;}">
                <Coords points="1780,3530 2838,3517 3005,3485 3005,3451 1780,3472"/>
                <Baseline points="1794,3510 1853,3507 1913,3506 1973,3504 2033,3503 2093,3502 2152,3501 2212,3501 2272,3500 2332,3500 2392,3500 2451,3500 2511,3499 2571,3499 2631,3499 2691,3498 2750,3498 2810,3497 2870,3496 2930,3495 2990,3493"/>
                <TextEquiv>
                    <Unicode>hat Marie dem Leutnant Max versprochen, zu ihm zu kom¬</Unicode>
                </TextEquiv>
            </TextLine>
            <TextLine id="r1l134" custom="readingOrder {index:133;}">
                <Coords points="563,3535 1770,3527 1769,3472 1556,3460 563,3483"/>
                <Baseline points="577,3525 635,3525 694,3525 753,3525 812,3524 871,3524 930,3522 989,3521 1048,3520 1107,3519 1166,3518 1224,3516 1283,3515 1342,3514 1401,3512 1460,3512 1519,3510 1578,3510 1637,3509 1696,3509 1755,3509"/>
                <TextEquiv>
                    <Unicode>gebietet, der unruhig schwere, andeutende Balladenton und</Unicode>
                </TextEquiv>
            </TextLine>
            <TextLine id="r1l135" custom="readingOrder {index:134;}">
                <Coords points="1783,3563 2999,3562 2998,3486 1783,3526"/>
                <Baseline points="1798,3557 1857,3556 1916,3555 1975,3553 2035,3552 2094,3551 2153,3551 2213,3550 2272,3549 2331,3549 2391,3548 2450,3548 2509,3548 2568,3547 2628,3547 2687,3546 2746,3546 2806,3545 2865,3544 2924,3544 2984,3543"/>
                <TextEquiv>
                    <Unicode>men. Sie hat dies leicht gegebene Versprechen nicht gehal¬</Unicode>
                </TextEquiv>
            </TextLine>
            <TextLine id="r1l136" custom="readingOrder {index:135;}">
                <Coords points="570,3589 1770,3559 1769,3516 1684,3512 569,3540"/>
                <Baseline points="586,3578 644,3576 703,3575 761,3574 820,3573 878,3571 937,3570 995,3569 1054,3568 1112,3567 1171,3566 1229,3565 1288,3564 1346,3563 1405,3562 1463,3561 1522,3559 1580,3558 1639,3557 1697,3555 1756,3553"/>
                <TextEquiv>
                    <Unicode>die einfach kindliche Märchenbuntheit, haben ihre Wir¬</Unicode>
                </TextEquiv>
            </TextLine>
            <TextLine id="r1l137" custom="readingOrder {index:136;}">
                <Coords points="1781,3608 2930,3609 3009,3599 3009,3560 1781,3562"/>
                <Baseline points="1797,3606 1856,3605 1916,3604 1976,3604 2036,3603 2096,3602 2156,3601 2216,3601 2276,3600 2336,3599 2396,3599 2455,3598 2515,3597 2575,3596 2635,3596 2695,3595 2755,3594 2815,3593 2875,3593 2935,3592 2995,3591"/>
                <TextEquiv>
                    <Unicode>ten. Jetzt will sie zu ihm, hinweg über ihres Vaters Leiche,</Unicode>
                </TextEquiv>
            </TextLine>
            <TextLine id="r1l138" custom="readingOrder {index:137;}">
                <Coords points="573,3630 1777,3612 1776,3554 573,3584"/>
                <Baseline points="588,3629 646,3626 705,3624 763,3622 822,3620 881,3618 939,3617 998,3616 1057,3615 1115,3614 1174,3614 1233,3613 1291,3613 1350,3612 1409,3612 1467,3611 1526,3610 1585,3609 1643,3607 1702,3606 1761,3604"/>
                <TextEquiv>
                    <Unicode>kungen miteinander vereinigt, um einen ganz neuen Stil</Unicode>
                </TextEquiv>
            </TextLine>
            <TextLine id="r1l139" custom="readingOrder {index:138;}">
                <Coords points="1773,3666 2901,3661 3010,3614 1772,3605"/>
                <Baseline points="1787,3654 1847,3654 1907,3653 1968,3652 2028,3651 2089,3651 2149,3650 2210,3650 2270,3649 2331,3648 2391,3647 2451,3647 2512,3646 2572,3645 2633,3644 2693,3644 2754,3643 2814,3642 2875,3641 2935,3640 2996,3639"/>
                <TextEquiv>
                    <Unicode>dem sie, ein zweites Gretchen, so viel Schlaftrank ins Was¬</Unicode>
                </TextEquiv>
            </TextLine>
            <TextLine id="r1l140" custom="readingOrder {index:139;}">
                <Coords points="569,3677 1758,3682 1785,3614 569,3634"/>
                <Baseline points="584,3674 643,3672 702,3670 761,3668 821,3666 880,3665 939,3664 998,3663 1058,3662 1117,3662 1176,3661 1235,3661 1295,3660 1354,3660 1413,3659 1472,3659 1532,3658 1591,3657 1650,3656 1709,3655 1769,3654"/>
                <TextEquiv>
                    <Unicode>hervorzubringen. Schon im zweiten Teil von „Jerusalem",</Unicode>
                </TextEquiv>
            </TextLine>
            <TextLine id="r1l141" custom="readingOrder {index:140;}">
                <Coords points="1785,3718 3013,3687 2982,3641 1784,3666"/>
                <Baseline points="1799,3702 1862,3702 1925,3701 1988,3700 2051,3700 2114,3699 2177,3698 2240,3698 2303,3697 2366,3697 2430,3696 2493,3695 2556,3695 2619,3694 2682,3693 2745,3693 2808,3692 2871,3691 2934,3690 2998,3690"/>
                <TextEquiv>
                    <Unicode>ser träufelt, daß er nie wieder erwacht. Sie stürzt in die</Unicode>
                </TextEquiv>
            </TextLine>
            <TextLine id="r1l142" custom="readingOrder {index:141;}">
                <Coords points="564,3734 1774,3715 1773,3663 563,3673"/>
                <Baseline points="579,3719 638,3719 697,3719 756,3719 815,3718 874,3717 933,3717 992,3716 1051,3715 1110,3713 1169,3712 1228,3711 1287,3710 1346,3709 1405,3707 1464,3706 1523,3706 1582,3705 1641,3705 1700,3704 1759,3705"/>
                <TextEquiv>
                    <Unicode>der ins heilige Land führt und das Schicksal der dalekar¬</Unicode>
                </TextEquiv>
            </TextLine>
            <TextLine id="r1l143" custom="readingOrder {index:142;}">
                <Coords points="1779,3750 2918,3758 3001,3745 3000,3693 1778,3711"/>
                <Baseline points="1795,3752 1854,3751 1913,3749 1973,3748 2032,3747 2092,3747 2151,3746 2211,3745 2270,3745 2330,3745 2389,3744 2448,3744 2508,3744 2567,3743 2627,3743 2686,3742 2746,3742 2805,3741 2865,3740 2924,3739 2984,3738"/>
                <TextEquiv>
                    <Unicode>Kaserne, findet Marens Zimmer leer und offen und schlüpft</Unicode>
                </TextEquiv>
            </TextLine>
            <TextLine id="r1l144" custom="readingOrder {index:143;}">
                <Coords points="565,3773 1769,3765 1768,3714 1634,3710 565,3734"/>
                <Baseline points="579,3768 637,3768 696,3767 755,3767 814,3766 873,3765 931,3764 990,3763 1049,3761 1108,3760 1167,3758 1225,3757 1284,3756 1343,3755 1402,3754 1461,3753 1519,3753 1578,3752 1637,3752 1696,3753 1755,3753"/>
                <TextEquiv>
                    <Unicode>lischen Bauern in dem fremdartigen Milien des Morgen¬</Unicode>
                </TextEquiv>
            </TextLine>
            <TextLine id="r1l145" custom="readingOrder {index:144;}">
                <Coords points="1788,3809 2937,3803 3001,3796 3001,3744 1788,3767"/>
                <Baseline points="1804,3800 1863,3798 1922,3797 1981,3796 2040,3795 2099,3794 2158,3793 2218,3792 2277,3791 2336,3791 2395,3790 2454,3790 2513,3789 2572,3789 2632,3789 2691,3789 2750,3789 2809,3789 2868,3789 2927,3789 2987,3789"/>
                <TextEquiv>
                    <Unicode>hinter einen Vorhang. in einen Alkoven. Da drinnen erlebt</Unicode>
                </TextEquiv>
            </TextLine>
            <TextLine id="r1l146" custom="readingOrder {index:145;}">
                <Coords points="570,3816 1734,3818 1783,3811 1782,3762 569,3779"/>
                <Baseline points="586,3817 645,3816 704,3816 763,3815 822,3814 881,3813 940,3812 999,3811 1058,3810 1117,3809 1176,3807 1235,3806 1294,3805 1353,3804 1412,3803 1471,3802 1530,3801 1589,3801 1648,3800 1707,3800 1767,3800"/>
                <TextEquiv>
                    <Unicode>landes darstellt, versagt bisweilen die Kraft und eine ver¬</Unicode>
                </TextEquiv>
            </TextLine>
            <TextLine id="r1l147" custom="readingOrder {index:146;}">
                <Coords points="1778,3877 2408,3835 2921,3857 2987,3844 2987,3795 1777,3822"/>
                <Baseline points="1794,3857 1852,3853 1911,3850 1970,3848 2029,3846 2088,3844 2147,3843 2206,3842 2265,3841 2324,3840 2383,3840 2441,3840 2500,3840 2559,3840 2618,3839 2677,3839 2736,3839 2795,3839 2854,3839 2913,3838 2972,3837"/>
                <TextEquiv>
                    <Unicode>sie als Zuschauerin ##are Singe. Mar erscheint, ge¬</Unicode>
                </TextEquiv>
            </TextLine>
            <TextLine id="r1l148" custom="readingOrder {index:147;}">
                <Coords points="567,3871 1780,3859 1779,3810 1676,3800 567,3826"/>
                <Baseline points="581,3865 640,3866 699,3866 758,3866 818,3866 877,3865 936,3864 995,3864 1055,3863 1114,3861 1173,3860 1232,3859 1292,3857 1351,3856 1410,3855 1469,3854 1529,3853 1588,3853 1647,3852 1706,3852 1766,3853"/>
                <TextEquiv>
                    <Unicode>schwimmende Weichheit tritt an die Stelle der großen</Unicode>
                </TextEquiv>
            </TextLine>
            <TextLine id="r1l149" custom="readingOrder {index:148;}">
                <Coords points="574,3941 2972,3918 3007,3838 573,3881"/>
                <Baseline points="590,3920 710,3919 830,3917 950,3915 1070,3914 1190,3912 1310,3909 1430,3907 1550,3905 1670,3903 1791,3901 1911,3899 2031,3897 2151,3895 2271,3893 2391,3892 2511,3891 2631,3890 2751,3889 2871,3888 2992,3888"/>
                <TextEquiv>
                    <Unicode>Konturen. Das biblische Pathos und die energische Wucht! meinsam mit seiner leiten Geliebten Irene, der Frau seines</Unicode>
                </TextEquiv>
            </TextLine>
            <TextEquiv>
                <Unicode> ere e.     eeeeeeneen
fare Mesterschlit.
wirdig, in denen die gräusige Stimme d#r altnordischen
Ihre Stellung als Lehrerin hatte sie nach dem Erfolg
Sage ertönt oder die weiche Melodie einer lieblichen Idylle
von Gösta Berling aufgegeben; ihr ganz von den Bildern
einen alltäglichen Vorgang umspielt. Wie ursprünglich
der Heimat erfülltes und doch nach Märchenfernen sehn¬
groß die Phantasic dieser Frau ist, wie sie sich hineinver¬
süchtiges Gemüt verlangte in die Fremde, und der größte
senten kann in die Mord= und Blutstimmung der Vorzeit,
Gegensatz zog sie an, die Schönheit des Südens, die My¬
das zeigt zum Beispiel ihre Erzählung „Herrn Arnes
stit des Orients. Aber auch vor den Werken italienischer
Schatz“, in der der schrille Ton des Mordmessers, das zur
Kunst, in der üppigen Sonnenhelle Siziliens, an den ge¬
Untat gewetzt wird, beständig leitmotivisch anklingt und
heiligten Stätten Jerusalems vergaß sie die heimliche
das Verbrechen allmählich in gräßlicher Deutlichkeit vor
Nebelstimmung des Nordens nicht. Nach ihren Reisen
uns aufwächst. Und daneben dente man an das herrliche
hat sie sich wieder in einer schwedischen Provinzstadt nie¬
Kinderbuch, das, in den letzten Lahren geschaffen, an die
dergelassen, in der alten Bergwerkstadt Falun, die der
„wunderbare Reise des kleinen nie Holgersson“, der mit
Schauplatz so vieler Sagen und Geschichten ist, in der
den Wildgänsen ausziehi auf metinrdige Abenteuer, an
Hauptstadt des urschwedischen Dalekarlien, und die Erleb¬
diese schönste Dichtung, die moht ein moderner Poet der
nisse der fremden, wundersomen Gegenden vereinten sich
1 Jugend geschenkt hat und in der man die Kindlichkeit. An¬
mit ihrer tiefen Liebe zum Vaterland in der Synthese
dersens, mit einer klugen Weltweiehei vereint, findet. Es
ihres großartigsten Romans „Jerusalem". Vorher hat sie
scheint, als ob in der Seele Selma Lagerlöfs mannigfache
im „A#christ“ den stärksten Gegensatz zu ihrem Hymnus
Wesen ihrer vaterländischen Vergangenbeit lebendig gewor¬
auf Schwedens Schönheit angeschlagen und die klassische
den sind, etwas vom Skalden und eiwas vom Wikinger:
Landschaft Siziliens zum Rahmen einer tiefsinnigen Er¬
die männlichsten Elemente leben in ihr, aber im Grunde
zählung gewählt. Signorellis Fresken in Orvieto, die den
ist es doch die Güte und Herzensstärted#r Frau, die ihren
Ernst und das Grausen des Jüngsten Gerichtes so er¬
Dr. P. 2.
Dichten die persönlichste Note gile.
schütternd malen, erweckten in ihr den Plan, die Wunder
des Antichrist in der Gegenwart aufleben zu lassen und

mit der sosialen Frage zu vekbinden. Aber ihre Phautasie
hob alles empor aus der nüchternen Wirklichkeit in die
romantische Traümhelle der Wunderstadt Diamante, über¬
„Der Ruf des Leitens“ von Artur
goß alles mit Purpur, Gold und Azur. Und doch ist diese 
schönheitstrunkene Schilderung ewigen Himmelbläus und
Schnitzler in Berlin, Prag und Wien.
üppiger Fruchtbarkeit der sehnsüchtige Lobgesang eines
Wiener Theaterbrief von Withelm v. Wymetal.
Nordländers, der seine eigene Mysterien- und Märchen
Das Leben ruft, winkt, lockt. Hütet euch, seinen Ruf zu
stimmung hineinträgt in die klare Heiterkeit der antiken
überhören! „Zu spät“ klingt furchtbarer als „niemals“. Das
Landschaft, der die Sonnenhelle durch den Schleier einer
Leben ist so kurz. Und nur die sich an viel zu erinnern haben,
dunklen Schwärmerei dämpft. Das ewige Sinnen und
schlafen ruhig in der Erde, die andern flattern und klagen
Trachten der germanischen Seele nach wunderbaren Wei¬
über der Erde umher. Darum nütze die jungen Tage, hör'
ten lebt sich aus in diesem Lobgesang auf des Südens
auf den Ruf des Lebens! Wo aber erklingt dieser Ruf am
Herrlichkeit, und sie hat diesen tief innerlichen Drang ob¬
hellsten, am lautesten? Woher? Ach, es gilt gleich, wo und
jektiv in der Schilderung der schwedischen Bauern gestal¬
woher der Ruf ertönt, sofern du ihm nur folgst. Mag der
tet, die aus schwerer Seelennot heraus nach dem gelobten
Ruf des Lebens aus dunkeln Abenteuern klingen, von Krieg
Lande ziehen. Dieser Roman „Jerusalem“ an Größe der
und Mord und Haß und Liebe, oder mag er, reiner und
Komposition und Inbrunst des Erlebens noch über der
tiefer, aus kühlen Tannenwäldern und vom schwerblauen
Gösta Berling-Saga stehend, ist eine gewaltige Epopoc, in
der die Dichterin grandiose Töne der Tragik findet und Sommerhimmel schallen, hört mir den Ruf und verliegt euch
nicht!
eine monumentale Schilderungskunst entfaltet. Besonders
Die Moser=Marie ist nahe daran, die Stunde zu ver¬
der erste Teil ist recht eigentlich der Roman des schwedi¬
schen Bauern, dessen Seele sich am tiefsten in seinen reli= [säumen, die nie wiederkehrt. Sie ist schon sechsundzwanzig
Jahre alt und muß ihr Leben am Bett eines neunundsiebzig¬
giösen Anschauungen offenbart. Ein historischer Vorgang,
jährigen, kranken, sekkanten alten Vaters vertrauern, der sie,
das Auftreten des seltsamen Propheten Erik Jansson in
seine einzige Pflegerin, keine Stunde aus dem Haus lassen
Dalekarlien und die Auswanderung einer ganzen Schar
will. Marie hat schon fast resigniert. Der Arzt, der ihren
von Bauern nach Palästina, gaben den Ausgangspunkt.
Vater behandelt, liebt sie, ein F## djunkt, der im Haus
Die Dichterin führt uns mitten hinein in die enge, düstere,
verkehrt, liebt sie gleichfalls und sie hat diese Liebe sogar
leidenschaftliche wilde und ertatisch erregte Welt der
ein wenig erwidert, dann ist der Leutnant Max gekommen
 Bauern, indem sie die Geschichte eines Geschlechts, der
von den blauen Kürassieren, den Marie auf ihrem einzigen
Ingmarsöhne, darstellt. Aus tiefer Not und felsenfestem
Ball kennen gelernt und mit dem sie im Innersten sofort
Glauben erwächst diesen Menschen notwendig das lockende
Verheitungswort: Jerusalem. Wie sich nun aus diesem die Liebe auf den ersten Blick vereint hat; allen aber ent¬
sagte sie um des lieblosen, boshaften Vaters willen, der un¬
einen Teil die ganze Bewegung entfaltet, wie sich die
heilbar krank ist, dessen Leiden jedoch noch viele Jahre
Schwärmerei zu immer wilderer Extafe entwickelt und
währen kann. Allein in einer Nacht ertönt der Ruf des
endlich zur Lawine anwächst, das wird in dem ersten Band
Lebens dicht vor Mariens Tür, „so lockend und laut, als
von „Jerusalem“ geschildert. Vor dem Seherblick der Er¬
wartete das Leben selbst, das ersehnte, das herrliche, drau¬
weckten verschwindet die ärmliche Heimat, und die Weite
ßen vor der Tür — und warteie nur in dieser einen Nacht
der ganzen Welt lut sich vor ihnen auf, die unendliche lockende
... und niemals wieder.“ Es ist die Nacht vor dem Mor¬
Ferne des Meeres, die Pforte des heiligen Zion; mit dem
gen, an dem die blauen Kürassiere in den Krieg ziehen, in
Auszug nach Jerusalem schließt der erste Teil in einem
den sicheren Tod ziehen. So haben sich's nämlich die Offi¬
ergreifenden Finale ab.
ziere des Regiments zugeschworen: keiner soll lebend zurück¬
Die dichterische Schönheit dieses Werkes ist von einer
kommen, damit eine alte Schande des Regimentes getilgt
einsachen Klarheit, von einer überzeugenden Kraft, die
werde, das vor dreißig Jahren durch vorzeitige Flucht den
jedes übermaß des Gefühls und der Worte vermeidet. Die
Verlust einer Schlacht verschuldet hat. .. Auf jenem Ball¬
beiden Tonarten, über die Selma Lagerlöf als Meisterin
hat Marie dem Leutnant Max versprochen, zu ihm zu kom¬
gebietet, der unruhig schwere, andeutende Balladenton und
men. Sie hat dies leicht gegebene Versprechen nicht gehal¬
die einfach kindliche Märchenbuntheit, haben ihre Wir¬
ten. Jetzt will sie zu ihm, hinweg über ihres Vaters Leiche,
kungen miteinander vereinigt, um einen ganz neuen Stil
dem sie, ein zweites Gretchen, so viel Schlaftrank ins Was¬
hervorzubringen. Schon im zweiten Teil von „Jerusalem",
ser träufelt, daß er nie wieder erwacht. Sie stürzt in die
der ins heilige Land führt und das Schicksal der dalekar¬
Kaserne, findet Marens Zimmer leer und offen und schlüpft
lischen Bauern in dem fremdartigen Milien des Morgen¬
hinter einen Vorhang. in einen Alkoven. Da drinnen erlebt
landes darstellt, versagt bisweilen die Kraft und eine ver¬
sie als Zuschauerin ##are Singe. Mar erscheint, ge¬
schwimmende Weichheit tritt an die Stelle der großen
Konturen. Das biblische Pathos und die energische Wucht! meinsam mit seiner leiten Geliebten Irene, der Frau seines</Unicode>
            </TextEquiv>
        </TextRegion>
    </Page>
</PcGts>
