3484 4352
1467 159 2036 283 box 24/3
242 199 1406 296 19. DerRufdes-Lebens
598 927 1540 1164 Aunn Lse Lest hier
2909 1080 2988 1166 479
1516 1120 1978 1230 „Wiener Mode“ XXIII.
509 1181 661 1265 heft 8
1741 1182 2986 1284 Da steigt der Herr Oberst durchs Fenster, schießt sie fir nieder, so daß
1754 1243 2980 1329 sie tot ist (Kadaver Nummer zwei), bittet Max, den Mord auf sich
603 1256 1704 1378 Kleine Wiener Theaterchronik.
1753 1275 2987 1369 zu nehmen, welche kleine Gefälligkeit Max nicht abzuschlagen vermag,
1757 1313 2983 1418 und verläßt die Stätte seiner Sänseit mit festem Schritt. Max und
618 1322 1761 1413 Im Deutschen Vollstheater kam man mit einem neuen
527 1369 1755 1463 Stück von Arthur Schnitzler heraus, das „Der Ruf des
1751 1392 2246 1463 Marie enteilen — in ihr
534 1406 1759 1499 Lebens“ heißt. Die neunmel Theaterweisen prophezeiten auf Grund
1765 1427 2260 1493 Glück. Der tote Papa zu
526 1462 1755 1545 der Lektüre, der Generalprobe und fest gestützt auf üble Erfahrungen
1755 1465 2247 1537 Hause, die nicht minder
541 1492 1756 1578 an anderm Ort das Schlimmste, einen Theaterstandal erster Un¬
1761 1497 2259 1576 tote Oberstin vermögen
530 1526 1770 1612 ordnung. Aber es ward wieder einmal nichts daraus, kam wieder
1773 1547 2253 1620 das Pärchen nicht von
534 1573 1749 1665 ganz anders. Die angesagten Revolutionen lösen sich meistens in
1763 1586 2255 1652 seinen Wünschen und
541 1589 1768 1690 patriotische Kundgebungen auf. Der Respekt vor dem Dichternamen
1768 1631 2132 1689 Zielen abzuhalten.
550 1635 1768 1730 hielt auch jene Wenigen im Banne, die gern ihrer Unzufriedenheit
1770 1644 2259 1731 Die sentimentale Marie
543 1684 1764 1773 scharfen Ausdruck gegeben hätten. Die überwiegende Mehrheit war
1774 1692 2258 1765 hat ein munteres Bäschen,
540 1729 1766 1817 dem Poeten von Haus aus wohlgewogen, hatte den Enthustasmus
1775 1747 2255 1806 namens Katharina, an
1775 1774 2269 1839 die der Ruf des Lebens
551 1768 1777 1858 gewissermaßen konserviert mitgebracht, so daß er bloß am Feuer der
1771 1809 2263 1885 gleichfalls, und zwar sehr
537 1827 1364 1903 Darstellung nachgewärmt zu werden brauchte.
655 1830 1780 1926 Das Leben ruft Fräulein Marie vom Krankenlager ihres
1774 1852 2265 1927 heftig ergeht. Da die junge
556 1877 1786 1959 79jährigen Vaters in die Kaserne, in die Arme des von ihr geliebten
1784 1891 2260 1963 Dame infolge erblicher
543 1921 1779 2027 Kürassierofsiziers Max. Dieser Jüngling muß demnächst, und zwar
1783 1938 2275 2000 Veranlagung nur noch
558 1956 1774 2051 ehebaldigst eines großartigen Heldentodes auf dem Felde der Ehre
1777 1975 2277 2044 zwei Jährchen zu leben
555 1988 1783 2088 versterben und sämtliche blauen Kürassiere vom Obersten abwärts mit
1792 2010 2278 2082 hat, wünscht sie die ihr
551 2049 1787 2132 ihm. Weil nämlich Schmach auf dem Regimente liegt. Vor dreißig
1789 2048 2279 2119 zugemessene knapte Frist,
560 2075 1790 2170 Jahren ist es auf= und davongerannt vor dem Feind. Mariens Vater,
1788 2091 2268 2162 nach Tunlichkeit vergnügt
572 2099 1777 2207 damals Rittmeister, folgte damals dem Ruf des Lebens und philo¬
1783 2124 2270 2201 durchzutollen. Im dritten
575 2149 1784 2252 sophierte anstatt zu sechten, wie Ritter Falstaff über Ehre, die sich
1788 2175 2272 2239 Akt, der geistreichen, retro¬
574 2179 1786 2281 nicht auf die Chirurgie versteht. Marie bringt den Vater einfach um,
1796 2211 2277 2282 spektiven Betrachtungen
570 2212 1788 2341 weil der ihr den Schlüssel, die Tür und den Weg nicht freigeben mag
1786 2256 2291 2315 und resigniertem Tiefsinn
561 2271 1788 2382 zu ihrem Max in die Kaserne. Sie tropft ihm eine unerhörte Menge
1792 2287 2282 2363 gewidmet ist, sind die
573 2313 1788 2393 Morphium in den Abenderfrischungsirunk, die brave Tochter. Ja,
1801 2330 2292 2398 blauen Reiter schon alle
576 2346 1792 2440 wenn das Leben ruft! Entschuldigungsmotive: 3) Papa ist ohnehin
1803 2367 2280 2427 gefallen. Auch die beiden
2445 2361 2900 2467 Schriftstellerin Mia Evers.
569 2387 1796 2474 schon 79 Jahre. Wie alt will er denn noch werden? b) Er ist krank
1800 2405 2279 2472 Mädchen, jedes auf seine
573 2427 1788 2519 und leidet. Also gewissermaßen Erlösung. c) Er ist ein Quälgeist ein
1807 2435 2286 2513 Art. Marie trägt schwarz
1798 2452 3033 2545 um den seligen Papa, den seligen Max, den seligen Oberst,
570 2466 1792 2561 böser, tückischer, undankbarer, alter Herr, ein unangenehmer, lästiger
1799 2493 3034 2583 die selige Oberstin und sämtliche Regimensangehörige. Nun ist sie
583 2508 1795 2598 Patient. d) Er ist doch Schuld daran, daß die feschen, blauen Kürassiere
1808 2521 3039 2629 frei — und doch nicht frei. Sie ward frei durch Schuld. Und das ist
584 2545 1804 2635 sterben müssen, daß sie sich zugeschworen haben, zu sterben! Im zweiten,
1801 2551 3040 2657 nicht das Rechte. Käthchen kommt in holdem Wahnsinn durch den
584 2577 1805 2675 dem Kasernenakt, macht Marie böse Erfahrungen. Furchtbare Ent¬
1811 2601 3038 2701 Straßenstaub heimgewankt, um zu sterben. Sie hat ein gar zu lustiges
573 2615 1801 2708 tänschungen warten auf sie, die hinterm Vorhang lauscht und lauert. Der
1812 2639 3050 2743 Leben gehabt. Der weise, abgeklärte Arzt, ein kleiner, grün=passe¬
589 2655 1815 2750 Max ist nämlich der Geliebte der blendend wunderschönen Frau
1816 2681 3035 2792 poilierter Forstadjunkt, Kathis Mutter, alle besprechen in feinen, wohl¬
580 2696 1802 2799 Oberstin (der Oberst ist ein alter Philosoph, Kriegskunsthandwerker)
1805 2721 3038 2821 gesetzten, abgedämpften Worten die Vorfälle. Die Komödie, das Puppen
576 2732 1812 2828 und die Dame kommt jetzt zum Max, um sich ihm an den Hals und zu
587 2780 1814 2867 Füßen zu werfen, um ihn zu beschwören, für sie am Leben zu verbleiben.
2014 2926 2919 3023 Die seit dem Jahre 1824 bestehende
1160 3059 1253 3118 P
769 3081 1654 3200 CiomADrOdeT
1995 2999 2972 3228 anorhannt heste Garnmarbe
1712 3151 1915 3244 18)
1675 3224 1846 3286 —
1330 3098 1663 3303 Po
973 3201 1435 3342 G8 I
2028 3239 2924 3347 Frankreichs ist nunmehr auch in
2035 3296 2925 3407 Oesterreich-Ungarn unter dem Namen
1564 3314 1698 3399 NN
1346 3362 1964 3477 eSSS
838 3276 1373 3493 Ge
2026 3431 2935 3576 C-B (Kreuzmarke)
2030 3597 3119 3714 in allen besseren Tanisseriegeschäften (0
600 3700 719 3774 40
