3436 4352
1090 185 1410 252 Lebens
886 192 951 254 d
259 173 1421 298 19. Der Ruf.   K . S
442 367 655 471 Seite 8
1098 395 1350 486 Samstag
407 511 1506 573 Probleme die Logik vermissen, aber schließlich beis Z
395 561 1514 638 Werken krasser theatralischer Gegensätze, wie Schnitz ig
394 604 1450 697 lers vorliegendem Stück den Maßstab Logik auch
407 657 1023 724 nicht allein anwenden dürfen.
492 699 1449 778 Die hiesige Erstaufführung hatte wieder zahl¬
396 763 1445 846 reiche Interessenten ins Theater gelockt, die sich
402 815 1445 879 Stück und Darstellung gegenüber sehr anerkennend
400 864 607 932 erwiesen.
502 892 1455 990 Fräulein Sorel gab das von einem selbst¬
404 954 1451 1009 süchtigen bösartigen Kranken förmlich gefangen ge¬
400 1010 1458 1087 haltene junge Mädchen, das endlich zur Mörderin
386 1054 1443 1108 wird, um in wenigen Stunden ein ganzes Leben
390 1107 1453 1180 durchzukosten. Ihre Leistung darf jedenfalls als die
394 1166 1441 1211 gelungenste, die vollkommen einwandfreieste des Abends
397 1205 800 1273 bezeichnet werden.
499 1237 1453 1314 Fräulein Fasser, die Sentimentale, war das
387 1310 1451 1370 lebenshungrige brustkranke Mädel und F äulein
396 1359 1443 1431 Hartenau, eine neue Kraft, die ehebrecherische
398 1400 695 1462 Offiziersfrau.
493 1428 1457 1521 Schlicht, einfach und natürlich spielte Frau!
396 1500 1444 1581 Maugsch die unglückliche Mutter der Schwind¬
394 1548 617 1616 süchtigen.
494 1599 1460 1650 Einen sehr wenig gefestigten Eindruck vermochte:
386 1648 1495 1716 diesmal Herr Heim (Forstadjunkt Rainer) zu hinter=
398 1688 1506 1747 lassen. Anscheinend fühlte er sich in der Rolle etwatz)“
385 1742 1505 1821 unbehaglich. Angenehm fiel durch seine Nuürlichkeit
396 1809 1449 1863 ein zum erstenmale auftretendes neues Mitglied un¬
393 1849 1449 1904 seres Schauspielverbandes, Herr Hermann Czell!
394 1899 1447 1952 (Dr. Schindler) auf. Er sprach vielleicht etwas zu
393 1938 1467 2008 sehr im Predigerton, vielleicht liegt dies aber auch in
395 1998 1222 2058 der ganzen Anlage der Rolle begründet.
487 2047 1463 2110 Die übrigen Gestalten des Schauspieles er¬
390 2075 1440 2179 hielten durch die Herren Zaglauer, der den bös¬
393 2148 1428 2192 willig=engherzigen tyrannischen Vater glaubhaft ver¬
392 2200 1438 2267 körperte, Sußmann (Oberst), sowie Ferstl und
384 2244 1429 2312 Märton, die beiden Leutnants, entsprechende Ver¬
381 2288 542 2360 treter.
484 2349 1458 2431 Dienstag den 24. d. M. fand eine Aufführung
378 2409 1446 2467 des bereits im sommerlichen Spielplan erschienenen
383 2456 1444 2519 Operettenzyklus „Das dumme Herz“ (Musik von
390 2518 1429 2570 C. M. Ztehrer) statt. Nichdem das Werk bei un¬
389 2560 1445 2645 serem dankbaren Sommerpublikum in keiner Hinsicht
385 2616 1445 2690 durchzudringen vermochte, hätte man eigentlich nicht
379 2656 1442 2728 geglaubt, ihm noch einmal auf der Winterbühne be¬
386 2717 1443 2787 gegnen zu müss n. Es ist doch wahrlich schade um
385 2761 1444 2836 die Arbeit, welche die wenn auch nur teilweise Neu¬
379 2809 1441 2904 studierung dieses textlich ebenso seicht als schwächlich
378 2855 1307 2940 geratenen musikalischen Einaktertrios verlangt.
487 2923 1457 2997 Donnerstag den 26. d. M. gastierte die Hof¬
381 2956 1350 3030 burgschauspielerin Fräulein Blanka Glossy
371 3013 1456 3111 Anzengrubers „G’wissenswurm“ als Horlacherlies.
377 3061 1438 3141 Es war vor zwel Jahren, als Fräulein Glossy
373 3106 1450 3212 zum erstenmal die Badener Bühne betreten. Damals
370 3169 1436 3240 noch vollkommen Neuling auf den Brettern, aber so
373 3218 1441 3294 talentiert, daß man angesichts ihrer Edrita und Rahel
389 3265 1429 3348 ihrer vollen künstlerischen Weiterentwclung die
373 3320 1434 3389 günstigsten Pognosen stellen durfte. Seit jener Zeit
375 3374 1441 3442 hat wohl das Interesse der Badener für die junge
371 3407 1442 3489 strebsame Kraft eingesetzt, es hat ihr Fortschreiten
370 3451 1429 3553 auf den damals betretenen Pfaden begleitet und ist
379 3518 1438 3591 nun erfreulich zum Ausbruche gelangt, als es galt,
379 3567 1434 3622 die junge Dame an der Stätte ihrer ersten Erfolge
377 3620 1432 3681 nun zu begrüßen. Daß Fräulein Glossy die
379 3658 1433 3747 Horlacheilies spielte, also durch einen Abstecher in
377 3713 1432 3778 das Volkslümliche gleichsam eine neuerliche Probe
377 3741 1430 3829 ihres Talentes ablegte, mag wohl ein Relz mhri
374 3799 1418 3884 gewesen sein. Jedenfalls kamen die Besucher auf
385 3847 1422 3936 ihre Rechnung und die labfrische Horlacherlies mit
379 3909 1422 3984 ihren lachenden Angen und ihrer koboldartigen Lustig¬
378 3944 1428 4018 keit, so recht das Dirndl „dem Teufel aus der
382 3995 1427 4049 Butt'n g'sprungen“, verstand es auch, sich ihrer Zu¬
370 4043 1420 4134 stimmung auf das nachd ücklichste zu versichern. Un¬
376 4105 1273 4149 gleich wertvoller darf die Leistung der aes
1588 182 2044 264 box 24/5
1680 1529 2075 1608 -cALitt aub.
1880 1585 2129 1620 . hu d mnnn
1840 1605 2157 1681 1-062.1910
1633 1619 1785 1689 vom:
2143 1618 2723 1729 BOHIEMIA, PFOA
2417 1738 2757 1848 Nachdruck verdoten.
2772 1764 3347 1842 einen strafenden Tod vielleich
1894 1775 2339 1870 Chrtutern
2786 1826 3353 1898 er es doch gewesen, der in se
2780 1859 3358 1938 Liebe zum Leben ein Regin
2019 1855 2605 1957 Allerlei Operetten.
2791 1914 3345 1977 mitgerissen hatte, als Greis
2073 1936 2511 2012 Wiener Theaterbrief.
2785 1959 3347 2026 unbarmherziger Lebensgier
1891 1995 3360 2049 Ich meine damit nicht etwa „Gold gab ich für sich lassen wollte: zum L#denz
2804 2041 3355 2110 so gern — Auswahl des Ta
1815 2044 2787 2114 Eisen“ oder die neue Eyslersche Operette „Frühling
2784 2088 3347 2155 zieren verkörpert. Sinniger
1806 2099 2791 2154 am Rhein“, durch die Treumann das Wiener
2785 2131 3352 2195 Kürassier, dem Marie Mol
1808 2142 2789 2216 Bürgertheater bevölkert, die durch ihr wirbelndes
1805 2186 3359 2240 Tempo, die Marionettenhaftigkeit ihrer Kunstfigu= demselben Regiment an, das
1795 2229 3328 2283 ren sich den leichtbeschwingteren Regionen nähern. in den Ruf der Feigheit
2215 2260 3327 2343 #heispielsweise erweist sich bricht aus, und der Oberst
1797 2276 2132 2355 Arthur Sch
1810 2287 3339 2372 in seinem „muf des Lebens“ als Meister der will diese „Schmach“ durch
1800 2364 3337 2419 dämonischen Operette. Mögen andere Autoren nun, Soldaten sühnen. (Vielleicht
1804 2385 3356 2461 da der Krieg auch das Geld der Bürger antastet, bens Unzufriedenheiten, die
1798 2443 3346 2506 die Verlobungen ihrer Schlußakte zu ermäßigten in Blut ersticken.) Eine Nacht
1792 2486 3346 2558 und den Qualitäten ihrer Geduldspiele entsprechend Kürassiere in der Stadt weil
1798 2531 3348 2591 herabgesetzten Preisen stattfinden lassen, sein Werk, falso noch schnell für ihren Te
1791 2574 3341 2645 sein nachdenklicher Schauerschwank wahrt in schwerer Vaters abreagieren und in
1801 2605 3338 2682 Zeit noch einigermaßen des Dekorum eines gern ktodgeweihten Osfiziere eilen,
2832 2660 3359 2723 die alte Garde stirbt nich
1801 2665 2788 2744 in unliterarische Verwahrlosung verhallenden Ge¬
2800 2701 3317 2774 uns — versperrt die Tür
1797 2710 2803 2768 schäftstheaters. Man bereitete dem „Ruf des Le¬
2796 2716 3356 2820 ziftet ihn, um diese eine Na¬
1799 2753 2792 2800 bens“ im „Deutschen Volkstheater“ eine wahre Mu¬
2842 2787 3353 2856 Aber jede Schuld räckt sich
1794 2809 2797 2858 steraufführung, trotzdem man dies Drama ursprüng¬
1806 2844 3350 2906 lich wohl nur einigen zeitgemäßen Säbelklirrens Erde. Als Marie Moser in
1801 2881 3360 2947 und Revolvergeknalls wegen aus der Versenkung jihr geliebten Leutnants trit
1801 2933 3360 2991 hervorgeholt haben dürfte. Der erste Akt brachte, muß sich hinter einem Vrha
1793 2962 3343 3024 wie's vom effeminierten Zeitalter, von der Aera klauscht ein Gespräch, das ihr
1793 3012 3352 3079 der Suffragetten nicht anders zu erwarten war, lseiner Geliebten, der Gautin
2795 3055 3343 3131 Im Interesse einer theatrali
1801 3065 2795 3119 die seministische Umstülpung eines alten Problems
1799 3107 3352 3162 Früher befreite der Held die Jungfrau vom drachen= (sogar dieser und knallt sein!
1794 3143 3351 3214 gleich sie behütenden Vater, im Schnitzlerstück ver= nieder. (Bei Sudermann wi
1808 3186 3358 3240 gistet die aber schon sehr aktive Jungfrau den Ruf „Ha!“ ausstoßen, aber
1798 3236 3350 3294 Vater=Drachen und eilt zu dessen sich keineswegs Der schuldbewußte Leutnant
1799 3282 3341 3340 versehendem Helden. (Vergistungen sind sehr gute Schicksal der Oberstensgattin
1795 3313 3356 3409 Aktschlüsse!) Im Speziallfall mochte der alte Moser vom Regimentschef zum Se##
