3436 4352
1548 197 1997 277 box 24/3
227 205 1393 296 19. Der Ruf des Lebens
1803 401 2162 492 Telephon 12.801.
1233 504 1912 643 „OBSERVER‘
1069 629 2172 705 1 österr. behördl. konz. Unternehmen für Zeitungs-Ausschnitte
1216 693 2049 770 Wien, I., Concordiaplatz 4.
1422 768 1843 834 Vertretungen
1079 824 2162 879 in Berlin, Budapest, Chicago, Christiania, Genf, Kopen¬
1088 872 2168 915 hagen, London, Madrid, Mailand, Minneapolis, New-Vork,
1135 918 2137 970 Paris, Rom, San Francisco, Stockholm, St. Petersburg.
1425 947 1843 1010 (Quellenangabe ohne Gewähr).
1080 1003 1459 1088 Ausschnitt aus:
1078 1011 2187 1158 latir Sistorr. Vollsprosse, Wien
1114 1211 2113 1317 Korrespondenz der Redaktion.
1177 1293 2108 1380 Theaterfreund: Wieder hat sich ein Er¬
1101 1361 2123 1435 eignis vollzogen. Arthur Schnitzler, einer
1099 1413 2110 1490 der ganz Modernen, hat dem Deutschen Volks¬
1097 1472 2109 1529 theater ein Schauspiel, betitel „Der Ruf des
1090 1529 2108 1582 Lebens“ zur Verfügung gestellt und hat die erste
1099 1560 2095 1616 Aufführung vergangene Woche Samstag statt¬
1094 1620 2109 1668 gefunden. Es soll keine Voreingenommenheit gegen
1099 1680 2111 1733 den gewiß höchst begabten Dichter Arthur Schnitzler
1096 1718 2105 1771 sein, wenn wir auf Ihre Zuschrift um unsere An¬
1094 1763 2116 1827 sicht über dieses Stück antworten, und zwar kurz
1096 1815 2120 1881 und lapidar mit der Bezeichnung: es war ein
1098 1864 1498 1937 großer Dreck!
1166 1920 2094 1991 Direktor Schlenther hat Glück. Wie hätten
1087 1974 2101 2044 sich die „sachverständigen“ Kritiker gefreut.
1090 2021 2100 2086 wenn dieser moderne Unsinn im Burgtheater
1092 2083 2099 2131 zur Aufführung gelangt wäre, um dann ihre Ge¬
1095 2113 2095 2181 hässigkeit gegen Direktor Schlenther einmal moti¬
1085 2171 2101 2225 viert ausdrücken zu können. Freilich steht noch die
1092 2220 2111 2263 Frage aus, ob man gegen Bruder Schnitzler den
1094 2269 2109 2332 Mut aufgebracht hätte, den man gegen Schlenther
1096 2318 2110 2381 aufbringt. Tatsache ist aber, daß ein so ödes,
1089 2367 2103 2429 von Widersprüchen gespicktes Schau¬
1103 2417 2115 2471 spiel wohl seit Bestand des Deutschen
1088 2468 2125 2541 Volkstheaters noch nicht aufgeführt
1093 2516 1296 2575 wurde.
1168 2566 2119 2628 Abgesehen von dem geradezu zur Schau ge¬
1094 2629 2122 2686 stellten Massenmord, den dieses Stück beinhaltet,
1105 2678 2106 2731 muß man staunen, daß ein Poet von der Be¬
1092 2719 2109 2783 deutung Schnitzlers auf einer erstklassigen Bühne
1101 2766 2115 2836 so viel Unsinn bekunden darf. Es ist höchst un¬
1088 2820 2112 2864 logisch, eine Tochter zur Mörderin ihres Vaters
1096 2871 2115 2924 werden zu lassen, wenn sie durch 10 Tropfen
1102 2912 2114 2973 Schlaftrunk denselben angestrebten Zweck erreicht
1100 2962 2115 3028 hätte. Abgesehen davon, daß es ja ein Unsinn
1099 3018 2117 3079 ist, eine Tochter ununterbrochen zur
1099 3061 2107 3124 Krankenpflegerin zu zwingen, da die Natur
1091 3120 2112 3167 eines jungen Mädchens höchstens zwei Nächte den
1092 3164 2111 3221 Schlaf zu bekämpfen imstande wäre und daher alle
1099 3219 2116 3281 Bosheit selbst des giftigsten Kranken gegenstands¬
1095 3261 1428 3328 los sein müßte.
1172 3312 2109 3375 Die zweite Unmöglichkeit, um uns gelinde
1095 3370 2120 3426 auszudrücken, ist der Umstand, daß ein Oberst ein
1097 3420 2112 3478 Regiment überhaupt nicht irgendwo selbständig
1095 3479 2115 3528 hin dirigieren kann und dazu gar noch mit der
1093 3509 2114 3566 Bestimmung, daß kein einziger zurückkehren dürfe.
1104 3563 2123 3616 Die Bestimmung, wo ein Regiment im Kriegsfall
1093 3613 2118 3682 Aufstellung zu nehmen hat, trifft der Korps¬
1089 3661 2118 3721 kommandant und der Brigadier und der
1104 3715 2109 3774 Oberst hat sich dorthin zu stellen, wohin er
1090 3761 2111 3824 befohlen wird. Und wenn man auch noch so
1106 3809 2120 3868 viel Heldenmut beim Militär wünscht, einen Mut,
1105 3856 2120 3911 der gar keinen anderen Zweck hat, als ein
1096 3900 2117 3965 Regiment bis zum letzten Mann aufzu¬
1096 3948 2126 4027 reiben, nur deshalb, weil den Oberst seine Frau
1109 3999 2107 4052 betrügt, den duldet man selbst in der dis¬
1099 4047 1850 4104 zipliniertesten Armee nicht.
1677 4099 1790 4151 es
1263 4101 1326 4163 L
