3484 4352
1560 212 2020 310 box 24/3
258 222 1410 323 19. Der Ruf des Lebens
1877 539 2254 630 Telephon 12.801.
1901 633 2043 726 D#.
1219 677 1364 721 1
1379 680 1995 780 „OUSERVER
1144 753 2254 842 l. österr. behördl. konz. Unternehmen für Zeitungs-Ausscheitte
1275 817 2127 914 Wien, I., Concordiaplatz 4.
1484 894 1919 967 Verfrefungen
1157 955 2247 1019 in Berlin, Budapest, Chicago, Christiania, Genf, Kopen¬
1160 996 2256 1045 hagen, London, Madrid, Mailand, Minneapolis, New-Vork,
1187 1042 2199 1096 Paris, Rom, San Francisco, Stockholm, St. Petersburg.
1553 1080 1917 1144 plienengübe ehne Ger321
1486 1087 2192 1195 Spert und Saion, Wien
1143 1114 1527 1208 Ausschnitt aus:
1370 1194 1678 1306 180521999
1135 1238 1304 1317 vom:
1429 1306 2093 1395 Theater und Kunst.
1299 1381 2204 1479 Antur Schnitzlers „Der Ruf des hebens“.
1271 1467 2250 1524 (Zur Erstaufführung im Deutschen Volkstheater.)
1160 1507 2421 1561 Wieder ein Sensationsabend! Das Haus zum Erdrücken
1079 1573 2429 1623 voll. Die Herren durchgehends in Smoking, die Damen fast
1082 1608 2446 1663 ausschließlich in glänzenden Soirectoiletten, jene in den
1080 1655 2434 1716 Logen mit riesengroßen Hüten und noch größerem De¬
1088 1718 2435 1777 colletee. Erwartungsvolle Stimmung, als stünden wir un¬
1080 1770 2427 1818 mittelbar vor der Lösung der ungarischen Krise oder vor
1093 1815 2428 1866 einer Kriegserklärung. Und da der Vorhang sich hebt, tiefes
1085 1859 2427 1913 Schweigen, fast Todesstille. Eine Vorahnung dessen, was
1090 1909 2425 1969 nun kommen soll. Der alte Moser (Herr Homma) sitzt im
1091 1956 2435 2011 Lehnsessel, seine Tochter Marie (Frl. Hannemann) liest
1093 2002 2430 2065 ihm die letzten Kriegsberichte vor. Der Alte ist ein gries¬
1078 2051 2435 2118 grämiger Herr, der seiner Tochter das Leben so sauer als
1098 2103 2435 2163 nur möglich macht. Man hört das Getrabe von Pferden,
1086 2159 2440 2217 es sind die blauen Kürassiere, die da unten vorüberreiten.
1093 2212 2435 2266 Sie reiten, wie man später erfährt, ins Verderben, in den
1092 2252 2437 2306 Tod. Vor 30 Jahren hat nämlich das Regiment in einer
1092 2299 2434 2354 Schlacht schmählich die Flucht ergriffen, und die nunmehr
1101 2349 2438 2414 dem Regiment angehören, wollen die Ehre desselben retten,
1100 2400 2429 2453 indem sie sich schwören, daß alle kämpfen müssen, bis sie
1094 2447 2433 2519 ausnahmslos gefallen sind. Unglaubliche Todesverachtung,
1086 2497 2436 2560 Ehrbegriff der höchsten Potenz! Der Hausarzt (Herr Kut¬
1102 2556 2446 2606 schera) erscheint. Er bringt den Alten zur gründlichen
1099 2606 2444 2655 Untersuchung nach dem Zimmer. Der gute Doktor hat ein
1098 2647 2425 2696 Auge auf die Marie, ebenso der Forstadjunkt (Herr Edt¬
1100 2708 2440 2757 hofer). Aber die Marie licbt nur einen von den blauen
1098 2751 2442 2807 Kürassieren, der, wie ihre Cousine Katharine (Frl. Paula
1090 2785 2444 2861 Müller) erzählt, erst am nächsten Tag seinen Rittin den
1100 2840 2434 2887 Tod antritt. Marie muß zu ihm, um von ihm Abschied zu
1098 2891 2444 2958 nehmen, und will eben, da sie wähnt, der Vater schläft
1105 2941 2444 2997 schon, das Haus verlassen, als dieser polternd herausstürzt
1100 2990 2444 3042 und ihr erzählt, daß er es war, welcher zuerst die Flucht
1104 3049 2443 3100 ergriffen hat und so der Urheber der Schande der blauen
1093 3094 2432 3152 Kürassiere gewesen ist. Marie macht einen schüchternen
1099 3140 2434 3208 Versuch, in die Arme ihres Bräutigams zu entfliehen, aber
1099 3190 2439 3256 der Alte merkt es und versperrt ihr den Ausgang. In ihrer
1108 3235 2439 3303 Verzweiflung leert sie den ganzen Inhalt der Medizinflasche
1097 3286 2446 3346 in ein Glas und reicht es dem nach Wasser verlangenden
1109 3339 2451 3400 Vater. Die Wirkung erfolgt merkwürdig rasch. Der Alte
1106 3379 1567 3450 stirbt. Erster Mord!
1165 3445 2446 3494 Zweiter Akt. Zimmer des Leutnants Max (Herr Kramer),
1094 3487 2446 3540 der eben damit beschäftigt ist, Dokumente seiner Liebe dem
1094 3529 2449 3580 Feuertod zu weihen. Der Oberst (Herr Weisse) erscheint
1100 3578 2439 3640 am Fenster. Er erweisi dem Leutnant die Ehre, an seiner
1101 3627 2443 3681 Seite kämpfen zu dürfen, was dankend quittiert wird. Der
1102 3678 2449 3749 Oberst geht, dafür erscheint seine bessere Hälfte (Frl. Mar¬
1096 3729 2443 3776 berg), die, wie man erfährt, in unerlaubten Beziehungen
1097 3778 2444 3834 zu Leutnant Max steht. Sie will ihn zur Flucht verleiten,
1097 3837 2452 3891 aber der Leutnant ist standhaft. Da erscheint der Oberst
1110 3875 2440 3918 wieder am Fenster, aber diesmal bleibt er nicht draußen
1106 3914 2448 3974 stehen, sondern ist mit einem Satz im Zimmer und schießt
1104 3973 2441 4025 seine Frau maustot. Zweiter Mord! Marie, die sich früher
1112 4031 2439 4078 ungesehen in dien Kaum geschlichen und hinter dem Vor¬
1111 4069 2444 4128 hang versteckt hatte, fällt dem Leumant in die Arme.
1231 4122 1365 4165 Sseht
1124 4122 1221 4165 Lieb
