3248 4352
1557 147 2016 246 box 24/4
649 158 729 235 R
230 162 1405 276 19. Der auf des Lebens
846 1353 1106 1459 —.—
151 1437 3174 1505 die Menschen brutal in ihren Reden und in des Regiments ihres Mannes hält; und die Offi= stellung auch dreiviertel Stunden länger als auf
151 1462 3166 1546 n Handlungen, roh in ihren Charakteren, in ziere und Soldaten dieses in den Krieg ziehenden dem Theaterzettel angegeben war. Menschlich
1090 1514 3178 1591 Regiments, die, um eine angebliche alte Schuld des näher kamen einem allein Frln. Quadri mit der
149 1545 506 1603 m Seelenleben.
142 1599 3184 1644 Man kann kaum annehmen, daß ein so fein= selben zu fühnen, sich geschworen haben, bis zum Frau des Obersten und Frl. Normann mit Katha¬
151 1619 2464 1692 higer Kopf, ein so scharfsinniger Geist wie letzten Mann den Opfertod in der Schlacht zu ster¬ rinas Mutter.
141 1647 2199 1748 nitzler sich nicht klar gewesen sein sollte über ben — „morituri te salutant“, die Opfer des
142 1723 2159 1779 eAbsichten und seine Ziele. Wollte er vielleicht Todes schreien nach dem Leben. Marie gibt ihrem
1109 1759 2160 1844 zu zähe am Leben hängenden alten Vater einen
153 1785 1118 1831 en, daß er nicht bloß geistreiche Konversations¬
1099 1791 2163 1874 Trunk, der ihn in den ewigen Schlaf versenkt, und
154 1818 1116 1873 ke, sondern auch ein krättiges Drama voll l.bens¬
147 1871 2152 1918 er Handlung schreiben konne? Dann hat er sein über die Leiche ihres Vaters stürmt sie zur Tür
142 1898 2167 1978 tkönnen bewiesen. Deli es ist unmöglich, die hinaus in die Wohnung des dem Tode geweihten
150 1948 2155 2019 nschen seines neuen Schauspiels in ihrem Leutnants Max, der Gegenstand ihrer Sehnsucht
157 1990 2155 2066 pfinden und Handeln ernst zu nehmen. Oder gewesen, seit sie einmal in seinen Armen durch den
155 2042 2153 2113 ##te er andere Absichten? Niemand wird ver= lichten Ballsaal geflogen ist. Hier wird sie, ver¬
142 2076 2163 2166 nen, daß in unserer Literatur die Erotik einen borgen hinter einem Vorhang. Zeugin, wie der
148 2146 2161 2203 um einnimmt, der in keinem Verhältnis steht zu Oberst seine bei dem Leutnant ertappte Frau
147 2182 2163 2260 m Einfluß und ihrer Bedeutung im wirklichen niederschießt. Und über die zweite Leiche hinweg
154 2238 2156 2305 en. Wollte Schnitzler die Nichts=als=Erotiker, eilt sie mit dem Geliebten zur Glücksnacht. Doch
152 2267 2161 2350 Sexualhelden und ihre einseitige Lebensauf= bald folgt die Ernüchterung: der Leutnant ver¬
1116 2327 2157 2393 schmäht es, mit ihr zu sterben, er erschießt sich neben
156 2329 1122 2395 ung ad absurdum führen? Wollte er dartun,
1110 2373 2166 2433 der Leiche der Frau des Obersten. In einem nieder¬
162 2364 1135 2444 das Wesen, den Inhalt des Lebens nicht allein
155 2415 2168 2487 sexuelle Leben ausmacht? Soll „Der Ruf des österreichischen Dorfe finden wir Marie im 3. Akt
156 2448 2168 2530 ens“ eine große ernste Satire sein? Unter diesem wieder, gebrochen, unglücklich, doch ohne Reue, im
155 2506 2168 2594 ichtswinkel kann man den neuen Schnitzler noch Hause ihrer Tante, der Mutter der oben erwähnten
167 2555 2165 2627 ersten verstehen; Geschmack abgewinnen auch Katharina, die ausgerückt ist von zu Hause und das
1118 2600 2166 2668 „Glück“ gesucht hat in einem Dirnenleben. Ster¬
157 2615 1130 2680 lich so nicht, man muß sich vielmehr auch bei
1117 2655 2169 2719 bend kehrt sie zurück ins Mutterhaus. Auch ein
162 2671 1120 2751 er solchen Voraussetzung darüber wundern, daß
1105 2700 2175 2769 Forstadjunkt, der Marie trotz allem ehrlich um¬
187 2709 1122 2781 Dichter bei der Lösung dieser Auf¬
1117 2752 2187 2820 worben hat, ninimt von dieser Abschied. Mit der
175 2751 1118 2834 eGeist, Witz und Takt gänzlich im Stiche ge¬
1114 2785 2162 2858 Hoffnung, daß es doch noch ein Wiedersehen geben
154 2808 612 2875 en zu haben scheinen.
1122 2843 2170 2900 wird zwischen diesen beiden Menschen, und der Be¬ 1
152 2846 1125 2906 Die Handlung des Stückes spielt in Wien im
1114 2883 2169 2954 lehrung, daß das Wesen des Lebens mehr ist als 1
159 2900 1121 2965 re 1866. Alles schreit nach dem „Leben“:
1117 2939 2067 3000 bloßer Sinnesgenuß, entläßt uns der Dichter.
165 2941 1123 3002 rie, die von einem Unmenschen von Vater, einem
1162 2977 2217 3054 Die Darstellung tat nichts, das Brutale und r
156 2989 1137 3056 heren Rittmeister, wie eine Gefangene gehalten
1116 3021 2228 3092 Rohe zu mindern, über das Unnatürliche, Unwahre 2
156 3042 1125 3100 d; ihre Cousine Katharina, die unrettbar der
1114 3075 2244 3144 hinwegzuhelfen. Langsam, fast quälend schleppte si
157 3081 1123 3171 hwindsucht verfallen ist; die Frau des Obersten
171 3127 2244 3206 blauen Kürassiere, die es mit den Offizieren sich der Dialog dahin. Darum dauerte die Vor= b
