3344 4320
2093 154 2328 234 —
1475 222 1946 314 box 36/3
251 220 1326 336 Pamphletsofforints
761 1015 2325 1090 löschen eines Schwindsüchtigen, der, um nicht allein sterben zu müssen, so¬
754 1073 2325 1134 gar die geliebte Frau mit sich ins Grab hinunterziehen will, vor Augen
753 1137 2315 1204 führt, stets ist es die gleiche vollendet künstlerische Einheit, (Handlung
753 1190 2324 1245 und Stimmung. Etwas unendlich Feines, leise Fließendes und wie ein
749 1248 2314 1310 weicher Frühlingsabend Verdämmerndes liegt denn auch über den klei¬
746 1304 2329 1356 nen Novellen, wie wir sie etwa in „Dämmerseelen“ oder „Die
761 1368 2334 1431 Fraudes Weisen“ finden, ein Duft und ein Glanz, der nicht wie¬
743 1423 1092 1495 derzugeben ist.
875 1479 2321 1543 Sein bedeutendstes Prosawerk aber ist unstreitig der erst voriges
755 1543 2322 1598 Jahr erschienene, groß angelegte Noman „Der Wegins Freie“, in
755 1603 2309 1651 dem Schnitzler die Rassengegensätze zwischen Semiten und Ariern in ei¬
757 1672 2316 1729 ner Weise beleuchtet, die einfach erschöpfend genannt werden muß. Ge¬
750 1728 2318 1790 rade in großen Städten wie Paris, Berlin, Wien ist die Judenfrage nicht
749 1791 2322 1846 erst seit heute zu einer brennenden geworden, und Schnitzler kennt die
746 1836 2318 1885 Eigentümlichkeiten der semitischen Rasse, die nicht immer ihre Vorzüge
754 1901 2323 1962 sind, nur zu gut. Aber wunderbar ist, wie er über allen diesen Dingen
755 1950 2329 2019 steht, wie er sich losgelöst hat von allen diesen kleinlichen Feindseligkeiten
751 2025 2334 2086 und Lächerlichkeiten, wie sie in den Nassestreitigkeiten zum Ausdruck
749 2071 2322 2133 kommen, als ob wir nicht alle Kinder einer Sonne, einer Erde wären.
757 2129 2322 2180 Wunderbar ist auch der ruhige, gleichmäßige Fluß der Erzählung, die
750 2192 2325 2255 technische Meisterung des verwickelten Stoffes. Hier ist wieder einmal
753 2257 2322 2316 ein Buch, das voll Geist und Leben ist, nicht konventionellen abgestor¬
761 2315 2329 2375 benen Lebens, sondern heißen pulsierenden, mit allen guten und bösen
752 2376 2319 2435 Mächten des Daseins ringenden Lebens. Es ist mir in den letzten Jahren
760 2432 2322 2491 kaum ein Werk in die Hände gekommen, das ich mit so hohem Genuß ge¬
763 2497 2330 2561 lesen hätte, wie diesen Roman eines klugen und vorurteilslosen Men¬
756 2544 1322 2621 schen und echten Dichters.
881 2594 2329 2660 Von Schnitzlers dramatischen Werken das bekannteste ist die
759 2666 2326 2727 „Liebelei“, ein Stück voll leichtsinnigen melancholischen Ernstes, ver¬
760 2715 2312 2781 schwiegener Innigkeit und ergreifender Lebenswahrheit, und einer Ge¬
763 2773 2319 2837 stalt darin, die ein Dutzend moderner Schauspiele aufwiegt: Christine,
755 2848 2316 2907 die schlichtanmutige Tochter des alten Violinspielers mit ihrem mädchen¬
764 2905 2323 2964 haft stillen Wesen, der rührend vertrauensseeligen Hingabe an ein
759 2965 2326 3022 großes und starkes Gefühl und der heimlichen Angst im Herzen, daß doch
764 3024 2312 3081 alles bald zu Ende sein werde. Wohl ist die „Liebelei“ spezifisch Wiene¬
751 3077 2314 3140 rischen Verhältnissen entsprungen, aber aus dem Kreis des lokal Be¬
762 3148 2319 3200 grenzten heben sich ihre Gestalten empor zum ewigen Symbol jenes leich¬
765 3196 2326 3256 ten tändelnden Spieles mit Menschenherzen und der daraus resultieren¬
764 3247 1339 3325 den, tragischen Konflikte.
876 3313 2332 3381 Mit dem „Schleier der Beatrice" begibt sich Schnitzler
756 3375 2331 3433 dann in die sinnen= und farbenfrohe Zeit der italienischen Renaissance
754 3420 2343 3504 zurück. Lionardo Bentivoglio, der Herzog von Bologna, wünscht am
1495 3526 1594 3594 67
2339 2662 2421 2737 4
2309 1109 2528 1224 7240
2314 1218 2457 1315 22
