3344 4320
1482 210 1935 324 box 36/3
250 206 1322 328 PanphletsOffnrints
943 1034 2389 1101 Allgemein bekannt geworden ist Beer=Hoffmann durch sein
823 1084 2393 1150 mit dem Bauernfeld=Preis ausgezeichnetes Drama „Der Graf von
810 1147 2394 1240 Charolais“„Pohl ist es richtig, daß im dramatischen Aufbau dieser
819 1222 2394 1289 Dichtung gewi Lücken vorhanden sind und sie, als Ganzes genommen,
818 1272 2385 1336 deswegen nicht einwandfrei ist. Dafür aber ist die psychologische Er¬
827 1327 2390 1397 fassung und Zeichnung der Charaktere von solcher Wahrheit und Tiefe,
821 1394 2394 1443 die in wunderbaren Bildern schwelgende Sprache von solcher Beseeltheit
822 1452 2383 1506 und Wärme, daß man sich sofort darüber klar ist, hier einen bedeutenden,
825 1512 2394 1558 wenn nicht einen großen Dichter vor sich zu haben. Schon früher hat
819 1569 2384 1629 Beer=Hoffmann im „Tod Georgs“ eine ungemein feine und tiefem¬
816 1632 2389 1701 pfundene Dichtung veröffentlicht, die es ole verwunderlich erscheinen
813 1686 2378 1744 läßt, daß selbst die maßgebende Kritik an dieset untrüglich großen Be¬
826 1758 2379 1825 gabung achtlos vorübergegangen ist. Es ist eigentlich traurig für die Kul¬
815 1796 2382 1873 tur unserer Zeit, daß die feinsten und echtesten Talente, die die Re¬
814 1868 2389 1938 klametrommel verschmähen, meist erst durch irgend einen äußerlichen
824 1923 1972 1974 Umstand aus der Versenkung emporgehoben werden.
935 1983 2392 2052 Felix Salten kultiviert in seinem Zyklus „Vom anderen
815 2043 2386 2099 Ufer“ ebenfalls den geistreichen, fein pointierten Einakter. Auch er ver¬
829 2113 2386 2176 fügt über eine starke Fähigkeit, das Psychologische dichterisch herauszu¬
822 2158 2394 2215 arbeiten und den Stoff auf das Wesentlichste zusammenzudrängen. In
825 2217 2383 2277 lebendiger und klar durchdachter Darstellung zeigt er uns etwa wie ein
823 2282 2386 2364 früherer Kellner, der sich als Graf ausgab, um eine Comtesse heiraten zu
924 2351 2383 2408 en, beweist, daß er wirklich Anrecht auf sie hat. Oder er führt uns
818 2368 2388 2447 di scharfgesehene Gestalt eines Menschen vor Augen, der bereits zu den
814 2465 2395 2526 Toten gerechnet wurde, zur unangenehmen Überraschung seiner ganzen
822 2509 2393 2562 Umgebung wieder gesund wird und nun aus Rücksicht auf die anderen
829 2575 2306 2644 findet, daß er eigentlich gar kein Anrecht mehr auf das Leben habe.
932 2627 2381 2694 Von rührender Jnnigleit und hohem, dichterischem Wert ist „Die
812 2696 2393 2758 kleine Veronika“ in der Salten in ergreifender Weise das Schick¬
824 2745 2387 2822 sal eines kaum dem Kindesalter eniwachsenen verführten Mädchens an
820 2804 1362 2881 uns vorbei ziehen läßt.
913 2866 2380 2937 Nicht weniger bedeutend ist dann seine historische Erzählung „Herr
819 2920 2384 2975 Wenzel auf Rehberg“ Archaisierende, aber äußerst blutvolle
823 2979 2396 3039 Sprache, große Anschaulichkeit des dichterischen Ausdrucks, ungemeine
815 3039 2386 3101 Plastik der Gestalten sind die Vorzüge dieses glänzenden Kultur= und
820 3115 2393 3171 Lebensbildes, mit seinem erschütternden, alle Höhen und Tiefen des Da¬
823 3156 1403 3240 seins berührenden Schluß.
1421 3384 2054 3477 Gra
1174 3358 1427 3471 G
2084 3406 2131 3508 5
1052 3405 1156 3531 8
