3344 4320
1483 197 1929 315 box 36/3
249 199 1334 319 PanphietsOffhrints
736 986 2309 1049 ganz so, wie wir sind, wann enthüllen wir unser innerstes Wesen völlig
734 1048 2309 1103 und machen niemandem mehr etwas vor? Wann spielen wir im Leben
745 1095 2300 1158 nicht mehr Komödie? Niemals! Wir spielen immer. Bis die letzten Mas¬
735 1158 997 1231 ken fallen.
866 1219 2304 1295 „Die letzten Masken“, das ist auch so ein Stück Schnitzlere,
729 1276 2302 1332 worin seine Fähigkeit, irgend einem an und für sich bedeutungslosen
724 1350 2172 1404 Vorgang das allgemein Giltige abzulauschen, eklayt hervortritt.
831 1392 2312 1459 Der alte Reporter Rademacher liegt im Spital im Sterben. Vor
746 1439 2290 1515 seinem Tode r ünscht er noch seinen Jugendfreund, den berühmten Dich¬
727 1509 2308 1579 ter Weihgast, zu sehen, der sich durch Lug und Trug und Schwindel, durch
732 1577 2309 1637 Verleugnung seiner selbst, in die Höhe gebracht hat und den nicht min¬
735 1621 2300 1685 der begabten, aber ehrlicheren Jugendgenossen kaum mehr kennt. Nade¬
734 1694 2303 1757 macher fleht den Arzt an, doch ein letztes Wiedersehen zu ermöglichen, da
741 1745 2300 1815 er Weihgast noch etwas sehr Wichtiges mitzuteilen hätte. Aber im ge¬
733 1796 2303 1872 heimen will er nichts, als diesem vor seinem Tode seinen ganzen Haß und
743 1865 2298 1937 seine ganze Verachtung ins Antlitz schleudern. Und Weihgast kommt.
738 1918 2307 1979 Bevor aber Rademacher dazu kommt, sein Vorhaben auszuführen, fängt
740 1994 2297 2045 Weihgust an, ihm von seinen kleinen, täglichen Sorgen und Unannehm¬
747 2048 2304 2104 lichkeiten vorzulamentieren, von dem häuslichen Kummer, dem Neid und
739 2085 2309 2153 den Angriffen, denen er überall ausgesetzt ist. Der alte Neporter ver¬
745 2171 2295 2227 stummt und wie Weihgast fortgegangen ist, sagt er zu seinem Nachbarn
747 2216 2310 2290 im Krankenhaus, dem Schmierenkomödianten Florian Jakwerth: „Wie
733 2270 2310 2342 armselig sind doch die Leute, die auch morgen noch leben müssen. Jetzt ist
746 2342 2305 2410 er unten. Jetzt geht er durch die Allee — durchs Tor — jetzt ist er auf
733 2396 2296 2465 der Straße — die Laternen brennen — die Wagen rollen — Leute kom¬
1106 2446 2316 2525 ... und unten . .. (Er ist langsam aufgestanden.) Was
736 2448 1107 2521 men von oben
739 2501 2314 2575 hab' ich mit ihm zu schaffen? Was geht mich sein Glück, was gehn mich
744 2563 2319 2648 seine Sorgen an? Was hat unsereiner mit den Leuten zu schaffen, die
736 2636 1643 2695 morgen noch auf der Welt sein werden?“
863 2676 2309 2744 Wie ist doch hier das Wesenlose und Gleichgültige des Alltäglichen
733 2740 2306 2799 gegenüber der alles auslöschenden, alles gleichmachenden Gewalt des To¬
733 2821 2304 2871 des herausgehoben. Ist es nicht, als hörte man wie aus weiter Ferne
731 2874 2306 2927 einen Ruf aus der Ewigkeit herüberhallen, vor dem alle menschliche Eitel¬
736 2927 2055 2996 keit und Größe, alle Liebe und aller Haß in Staub zerfallen.
867 2991 2298 3046 So zeigt sich Schnitzler überall als der manchmal heiter lächelnde,
740 3049 2307 3108 meist aber ernst beschauliche Mensch und Dichter, in dessen warm empfin¬
739 3099 2302 3169 dender Seele alles Seiende und Werdende einen lebendigen Widerball
737 3165 2310 3232 findet und den man ruhig neben die Besten und Größten unserer Zeit
736 3222 1053 3306 stellen kann.
871 3241 2315 3339 Es bleibt mir noch übrig, kurz auf die neben Schnitzler und Hoff¬
743 3343 2306 3402 mannsthal bedeutendsten zwei Vertreter der Jung=Wiener=Schule hinzu¬
746 3416 2265 3470 weisen, auf Richard Beer=Hoffmann und Felix Salten.
1485 3488 1582 3579 73
2306 1300 2537 1417 72
