3344 4320
2075 95 2316 165 —
1504 163 1950 272 box 36/1
239 176 1357 268 Panphlets, Ooffprints
2370 778 2526 837 555
1046 788 1995 843 Erich Mühsam: Heinrich Hart, der Plauderer
1585 876 2519 981 Sei du — sei ein Selbst. Kein „Vermächtnis“.
578 885 1511 970 Dor allen Dingen nicht sentimental sein. Das
1586 956 2520 1021 Wenn du ein Kind hast, sei ihm eine Mlutter:
526 965 1515 1016 ist zu tief für unsere leichtlebige Welt. Merke es
1521 1000 2521 1069 Kämpfe und lebe. Dersinke nicht: Weder in Di¬
535 1014 1522 1082 dir, Mleisterin: Lerne unterscheiden zwischen Liebe
1530 1047 2505 1118 etät noch in Erinnerung. Beides ist gleich schäd¬
532 1057 1504 1126 und „Liebelei“. Und wenn du eine tiefe Seele
1525 1098 2522 1179 lich. Die Menschen glauben es dir ja doch nicht.
531 1110 1016 1183 hast — wirst du leiden.
598 1141 1510 1218 Tiefe Naturen leiden immer ... Darum
1528 1145 2520 1221 Sie sind hartherzig. Und wenn schon — be¬
2214 1197 2516 1261 das ist bös!
521 1205 1506 1264 wolle nicht verstanden werden, suche du zu ver¬
1526 1204 2107 1273 dauern, bemitleiden sie dich
1532 1253 2522 1313 Das heißt: Sinken — den Kampf, somit das Leben
531 1253 1513 1326 stehen; nimm dir an Alizi Schlager, deiner
1535 1309 1770 1385 aufgeben. —
540 1312 1017 1374 Freundin, ein Beispiel.
599 1339 1437 1409 Recht flott und tugendhaft und — weise.
1594 1338 2517 1423 Wie ein roter Faden geht durch das ganze
607 1396 1514 1465 So sind die Männer, so die Weiber, so: die
1537 1397 2522 1490 Schaffen Schnitzlers diese Kampffrendigkeit, diese
525 1452 684 1528 Welt.
1548 1463 1910 1526 Lebensbejahung.
593 1473 1521 1563 Geb dich nicht als „Freiwild“ hin; du sinkst
1599 1492 2521 1578 Seufzen ist ihm ein Zeichen des Leidens, und
527 1549 1514 1608 dann in anderer Achtung. Ja noch schlimmer:
1548 1568 2197 1634 Leid ein Symptom der Schwäche.
534 1596 1531 1671 Wenn du tief bist, verlierst du auch die Achtung
1609 1603 2526 1700 Nicht niederdrücken lassen und vor allem sich
530 1651 850 1720 vor dir selber.
1538 1669 1813 1753 nicht ducken.
599 1674 1525 1781 Und das ist schlimm! Das Schlimmste alles
1607 1728 2350 1799 Aufrecht gehen! Immer aufrecht!
534 1745 801 1830 Schlimmen.
1326 1834 1758 1933 U
879 1963 2195 2079 Heinrich Hart, der Dlauderer
1546 2095 2531 2171 Gemeinschaft“ sich zu einem „Leben in Kunst“.
605 2116 1526 2189 Um Mißdeutungen bei der interessierten Stelle
1544 2164 2526 2226 in einem Familienpensionat zusammenzufinden, als
540 2168 1532 2235 von vornherein vorzubeugen, bemerke ich: Mit
1551 2204 2533 2275 „Lebensdilettanten“ zu bezeichnen wagte. Eine
541 2234 1540 2288 den nachfolgenden Ausführungen will ich nicht wie
1548 2264 2540 2329 Ketzerriecherei, die meinen Ausdruck nur bestätigen
545 2283 1524 2337 ein Schuljunge, der dem Lehrer, dessen Prügel¬
1553 2317 1682 2391 kann.
545 2323 1527 2390 stock er eben entronnen ist, hinterher die Zunge
1630 2353 2523 2414 Also nochmals: irgendwelche Gründe pri¬
547 2370 1539 2441 weist, Herrn Heinrich Hart, der mir einmal so
1553 2407 2532 2465 vater Natur sind es nicht, die mich drängen, gegen
542 2421 1529 2491 etwas wie ein väterlicher Freund war, nun, wo
1547 2455 2540 2512 Heinrich Hart vorzugehen, sondern lediglich der
547 2466 1534 2529 ich meinen eigenen Weg gefunden zu haben glaube,
1549 2519 2540 2569 Zorn ist es darüber, daß ich einen Baumeister an
545 2514 1532 2578 zum Abschied etwas anhängen. Ich denke aber
1547 2550 2541 2629 dem Gerüst rütteln zu sehen meine, das er selbst
541 2562 1530 2635 auch nicht daran, deshalb, weil er mir persönlich
1557 2610 1795 2682 aufrichtete.
553 2615 1529 2678 nahe stand, einen Protest gegen seine jüngste litte¬
1629 2624 2537 2710 Nun zur Sache: Heinrich Hart ließ kürzlich
552 2651 1537 2735 rarische Betätigung zu unterdrücken. Im Gegen¬
1552 2705 2527 2763 im „Tag“ eine Artikelserie erscheinen mit der Über¬
543 2712 1550 2761 teil! Gerade meine persönlichen Beziehungen zu
1555 2743 2535 2816 schrift: „Die Litteratur=Bewegung von 1880 bis
552 2756 1532 2834 Heinrich Hart, in dem ich zu Beginn meiner litte¬
1549 2788 2544 2862 1900. Nach persönlichen Erlebnissen.“ Es ist aber
553 2819 1532 2880 rarischen Laufbahn meinen Lehrmeister und Be¬
1555 2846 2543 2905 eine altbekannte Erscheinung: Wer über eine Sache
542 2855 1541 2913 rater sah, veranlassen mich, die Art, in der er
1550 2893 2542 2961 persönliche Erinnerungen schreibt, ist mit dieser
544 2904 1539 2966 heute die Mentorstellung, die er seit mehr als
1556 2934 2548 3012 Sache innerlich fertig. (Ich werde demnächst mit
542 2952 1541 3023 zwei Jahrzehnten jungen schriftstellerischen Ta¬
1551 2986 2535 3055 persönlichen Erinnerungen über die „Neue Ge¬
551 3014 1548 3068 lenten gegenüber einnimmt, in die Öffentlichkeit
1553 3039 2532 3098 meinschaft“ hervortreten.) Wer von dieser Binsen¬
558 3049 1543 3129 rückt, einer besonders scharfen und nachdrücklichen
1555 3082 2547 3153 weisheit, daß man Rückblicke nur auf überwundene
545 3111 1011 3173 Kritik zu unterziehen.
1557 3135 2544 3199 Zeiten wirft, nicht von selbst überzeugt ist, lese
648 3142 1539 3231 Ich habe diese Einleitung für notwendig er¬
1564 3186 2393 3261 die betreffenden Artikel Heinrich Harts.
555 3194 1542 3254 achtet, weil es mir passiert ist, daß gelegentliche
1629 3223 2535 3307 Wir sind gewohnt, uns mit den Namen Hein¬
555 3246 1540 3325 in Zeitschriften wie auch in Privatbriefen enthal¬
1556 3283 2543 3339 rich und Julius Hart die tapferen kritischen
550 3301 1540 3359 tene Ausfälle gegen die Gegensatz=Überwindungs¬
1553 3334 2542 3403 Waffengänge verknüpft zu denken, in denen vor
555 3343 1540 3402 Philosophie Julius Harts und gegen die aus
1565 3385 2539 3445 zwanzig Jahren die neue Dichtung, das neue
554 3396 1541 3470 dem Geleise geratene „Neue Gemeinschaft“ an
1560 3431 2552 3490 künstlerische Empfinden, die neue ästhetische Kultur
557 3441 1547 3507 deren Spitze die beiden Brüder stehen, von den Be¬
1557 3487 2556 3538 um ihre Entstehung kämpften. Wir wissen, daß
552 3493 1542 3566 troffenen als Undankbarkeit, Gehässigkeit und
1573 3520 2553 3597 sich in jener Zeit der neuen Renaissance=Wehen
564 3553 1549 3600 Treulosigkeit meinerseits bezeichnet wurden. Be¬
1562 3570 2552 3646 um die beiden Harts der ganze Kreis all derer
560 3589 1557 3659 sonders wurde es mir verübelt, daß ich, wer weiß
555 3618 2557 3706 wann und wo, die, die es unternahmen, als „Neue konzentrierte, deren künstlerische Bekenntnisse unse¬
2276 3848 2439 3945 ERE
2326 4039 2437 4128 „
2227 4050 2314 4114 A
2523 4054 2662 4114 S
2884 4022 3268 4105 n
