3344 4320
1508 226 1947 315 box 36/1
183 242 1340 326 1. Pamphlets offprints
1563 928 1918 1010 Friedrich Düsel
908 930 1024 1010 156
909 1011 2586 1084 für das Spiel seiner Phantasie und seines Witzes: Stil und die Komposition seines Werkes festzu¬
907 1058 2589 1121 aber wer so viel Geschmack und Bildung, so viel halten, noch seine Figuren in lebenswahrer Kör¬
917 1119 2590 1173 Fleiß und Formgefühl dafür mitbringt, wie er in perlichkeit und mit folgerichtiger Psychologie aus¬
911 1155 2590 1221 seinem jüngsten Schauspiel, sollte wenigstens einer gerüstet vor uns hinzustellen. Binterer Einst
923 1206 2594 1258 freundlichen Aufnahme immer gewiß sein dürfen. und tändelnder Scherz stehen hart und unver¬
958 1241 2583 1296 Auf dem Grenzrain, der sich zwischen dem heili= mittelt nebeneinander, ohne sich gegenseitig zu
916 1278 2587 1345 gen Hain der Dichter und der setten Weide der durchdringen; ergreifende Naturtöne echter Leiden¬
917 1333 2586 1384 Schriftsteller breitet, wachsen auch Otto Julius schaft werden jäh und schrill durch Bänkelsänger¬
921 1367 2592 1422 Bierbaums Lorbeerreiser. Auch bei ihm, wie und Leierkastenklänge zerrissen. Das Thema ist
920 1418 2606 1468 bei Fulda, halten wahres Gefühl und echte das alte, schei bei den Stürmern und Drängern
916 1455 2594 1511 Empfindung gute Nachbarschaft mit Spiel und des achtzehm Jahrhunderts so beliebte: der
912 1494 2595 1564 Maskenscherz, die sich am bunten Abglanz des Mann zwischen zwei Frauen. Nicht von unge¬
917 1562 2595 1607 Lebens genügen lassen, anstatt in seine schmerz= fähr wohl führt eine der beiden Bierbaumschen
917 1591 2590 1641 lichen Tiefen zu steigen. Man weiß, daß auch Heldinnen, zwischen die der junge Schmieren¬
1757 1628 2601 1674 direktor und geniale Feuerkopf Johann Christian,
921 1635 1754 1690 der Lyriker Bierbaum schon gern in fremde
1762 1674 2593 1722 in manchen Zügen ein getreues Abbild des un¬
918 1685 1754 1729 Kostüme schlüpfte und daß er einer der ersten
1771 1721 2590 1767 gezügelten schlesischen Poeten Joh. Christ. Gün¬
917 1716 1753 1762 war, die um den Rosenbusch des Überbretils
1772 1754 2601 1807 ther, sich gestellt findet, den Namen der Goethi¬
920 1760 1758 1813 tanzten. So wird man, nun da er uns, ein
1762 1803 2611 1851 schen Stella. Vieles von der Rokokosphäre des
925 1801 1753 1857 Vierzigjähriger bald, sein erstes abendfüllendes
1762 1850 2602 1896 achtzehnten Jahrhunderis, in die so stürmisch
924 1857 1758 1900 Drama schenkt, gegen allzu hohe Erwartungen,
1772 1887 2610 1935 das Rousseausche Naturevangelium bläst, begegnet
922 1893 1755 1948 etwa auf erschütternde Dichterkonfessionen oder
1770 1935 2604 1978 auch sonst in dem Stücke, nur daß doch auch
920 1935 1756 1987 tiefsinnige geistige Offenbarungen, von vornherem
1776 1969 2620 2019 dabei dem Eklektiker moderne Noten, die der
920 1987 1754 2031 gefeit gewesen sein. Daß Bierbaum noch kein
1773 2021 2619 2066 unverstandenen Frau und die der Perversität, das
923 2021 1761 2081 Eigener und in sich Reifer, hai denn auch sein
1761 2055 2606 2108 Konzept verwirren. Dem Direktor der wandern¬
1762 2101 2608 2155 den Schauspieltruppe ist seine Stella, sein leiden¬
1764 2135 2606 2194 schaftlich geliebtes Weib, mit einem anderen davon¬
1772 2186 2614 2244 gegangen; so findet ihn die vornehme Grafen¬
1764 2225 2613 2279 tochter, deren heißes, verlangendes Blut sich
1765 2274 2612 2330 mitten unter den Larven steifer Konvenienz nach
1778 2305 2624 2374 echtem Gefühl und schäumender Jugendlichteit
1776 2356 2615 2415 sehnt. Es lockt sie, den wilden Falken für sich
1775 2405 2612 2460 zu zähmen und das ungebändigte Naturlind ihren
1776 2444 2618 2497 verwöhnten Launen dienstbar zu machen. Ja,
1777 2488 2623 2545 sie weidet sich geradezu an den Qualen, die der
1778 2533 2609 2582 in eine Bedientenlivree gesteckte Dichter und
1771 2578 2613 2627 Schauspieler im Kreise der hohlen Gesellschaft
1778 2617 2627 2673 ausstehen muß, während seine und ihre Wangen
1772 2658 2612 2715 noch glühen von den heimlichen Küssen, die sie
1776 2707 2614 2752 beim Schlag der Nachtigall im heimlichen Garten¬
1771 2744 2615 2800 versteck getauscht haben. Als Johann Christians
1788 2782 2622 2838 Demütigung und Verzweiflung aufs höchste ge¬
1787 2831 2619 2886 stiegen, kommt eines Abends eine verirrte, vom
1776 2880 2622 2930 Elend der Landstraße zerzauste Harfenspielerin
1790 2908 2628 2970 ins Schloß, die seine Lieder singt. Er erkennt
1786 2948 2626 3014 seine Stella und fliegt ihr nach kurzem Kampfe
1781 3010 2627 3059 befreit und erlöst in die Arme, aus dem golde¬
1785 3054 2625 3094 nen Bauer der feinen Kultur, die Amonie ihn
1793 3090 2622 3141 lehren wollte, zurück an den Busen der Natur.
1789 3131 2629 3180 Wie nun aber weiter? Wird der erneute Bund
1790 3175 2638 3228 der beiden Naturkinder sich stärker erweisen als
1773 3214 2636 3273 der erste? Oder wird die Erinnerung an die
1778 3265 2631 3320 feineren und zarteren Empfindungen, die die
1787 3313 2639 3356 vornehme Geliebte ihn gelehrt hat, dem Befreiten
1787 3344 2627 3397 nachgehen und ihm zum zweitenmal das Glück
1085 3349 1679 3443 C
1789 3382 2636 3444 zerstören? Bierbaum selbst hat geschwankt, wie
1786 3426 2635 3494 er den Konflikt zwischen ungezügelter Natur und
950 3456 1771 3517 (Mit Genehmig. von E. Bieber, Hofphotogr., Berlin u. Hamburg.)
1789 3479 2627 3523 höherer Sitte zu Ende führen solle — daher die
1792 3511 2634 3570 zwei verschiedenen Schlüsse, die der inneren Wahr¬
958 3512 1768 3580 vieraktiges Schauspiel „Stella und Antonie“
1803 3560 2640 3612 heit seines Stückes und seiner Menschen ein so
959 3567 1786 3626 bewiesen, das, zuerst in des Dichters schlesischer
1793 3599 2637 3658 bedentliches Zeugnis ausstellen. In der ersten
959 3613 1787 3672 Heimat am rührigen Breslauer Lobe=Theater
1798 3652 2638 3702 Fassung, die zweifellos temperamentvoller und
960 3664 1786 3712 hervorgetreten, später mit verändertem Schluß
1807 3687 2639 3745 zeitgerechter war, ersticht die von ihrer Flatter¬
960 3701 1792 3763 auch in Berlin am „Berliner Theater“ aufgeführt
1802 3728 2649 3811 sucht keineswegs geheilte Stella ihre Nebenbuhle¬
948 3750 1800 3819 worden ist. Noch vermag er weder den inneren
2962 1966 3352 2043 Dekoration zu Lessings
2923 2031 3353 2112 rin Antonie, als diese
2922 2096 3345 2157 kreuzt, und Johann Chr
2937 2138 3351 2198 Liebe zu der vornehme
3172 2182 3351 2238 mit demse
3021 2187 3139 2238 , räum
3215 2226 3353 2286 eröteten
2929 2229 3140 2286 der Geliebte
2981 3553 3092 3604 aus Ar
2959 3594 3353 3651 des Stückes ausgema
2960 3633 3338 3695 glänzender Toiletten,
2956 3679 3347 3740 Titelrolle zur Schau
2955 3717 3324 3786 blauen Donau, wo
2740 4047 2799 4145 □00
2758 4106 3150 4172 en
