<?xml version="1.0" encoding="UTF-8" standalone="yes"?>
<PcGts xmlns="http://schema.primaresearch.org/PAGE/gts/pagecontent/2013-07-15" xmlns:xsi="http://www.w3.org/2001/XMLSchema-instance" xsi:schemaLocation="http://schema.primaresearch.org/PAGE/gts/pagecontent/2013-07-15 http://schema.primaresearch.org/PAGE/gts/pagecontent/2013-07-15/pagecontent.xsd">
    <Metadata>
        <Creator>prov=University of Rostock/Institute of Mathematics/CITlab/Gundram Leifert/gundram.leifert@uni-rostock.de:name=ONB_Newseye_GT_M1+(htr_id=10810)::::v=2.4.2
prov=University of Rostock/Institute of Mathematics/CITlab/Tobias Gruening/tobias.gruening@uni-rostock.de:name=de.uros.citlab.module.baseline2polygon.B2PSeamMultiOriented:v=2.4.2
prov=University of Rostock/Institute of Mathematics/CITlab/Tobias Gruening/tobias.gruening@uni-rostock.de:name=/mnt/transkribus/LA/DEA/URO/LA_news_onb_att.pb:de.uros.citlab.segmentation.CITlab_LA_ML:v=2.4.2
prov=University of Rostock/Institute of Mathematics/CITlab/Tobias Gruening/tobias.gruening@uni-rostock.de:name=/mnt/transkribus/LA/DEA/URO/LA_news_onb_att.pb:de.uros.citlab.segmentation.CITlab_LA_ML:v=2.4.2
Transkribus</Creator>
        <Created>2019-10-07T15:12:53.728+02:00</Created>
        <LastChange>2019-10-09T00:28:49.720+02:00</LastChange>
        <TranskribusMetadata docId="224168" pageId="9514237" pageNr="6" tsid="16617688" status="IN_PROGRESS" userId="40391" imgUrl="https://files.transkribus.eu/Get?id=IMNMNLFDKCCJAKWHCPOAAZSK&amp;fileType=view" xmlUrl="https://files.transkribus.eu/Get?id=JFVMIUXXZJMTVZBSFKCYRDHJ" imageId="6202471"/>
    </Metadata>
    <Page imageFilename="224168_0006.jpeg" imageWidth="3344" imageHeight="4320">
        <ReadingOrder>
            <OrderedGroup id="ro_1711444008881" caption="Regions reading order">
                <RegionRefIndexed index="0" regionRef="r1"/>
                <RegionRefIndexed index="1" regionRef="r2"/>
                <RegionRefIndexed index="2" regionRef="r3"/>
                <RegionRefIndexed index="3" regionRef="r4"/>
            </OrderedGroup>
        </ReadingOrder>
        <TextRegion orientation="0.0" id="r1" custom="readingOrder {index:0;}">
            <Coords points="234,3513 234,3668 337,3668 337,3513"/>
            <TextLine id="r1l1" custom="readingOrder {index:0;}">
                <Coords points="222,3623 255,3628 272,3620 297,3642 318,3637 347,3640 349,3579 320,3583 299,3578 274,3583 255,3574 247,3582 224,3581"/>
                <Baseline points="234,3613 259,3614 285,3613 311,3615 337,3618"/>
                <TextEquiv>
                    <Unicode>Julda.</Unicode>
                </TextEquiv>
            </TextLine>
            <TextEquiv>
                <Unicode>Julda.</Unicode>
            </TextEquiv>
        </TextRegion>
        <TextRegion orientation="0.0" id="r2" custom="readingOrder {index:1;}">
            <Coords points="346,3472 346,3624 446,3624 446,3472"/>
            <TextLine id="r2l1" custom="readingOrder {index:0;}">
                <Coords points="336,3587 356,3584 379,3588 398,3580 430,3592 440,3582 457,3582 457,3548 446,3548 438,3540 417,3540 406,3549 394,3545 375,3553 365,3543 335,3541"/>
                <Baseline points="346,3574 371,3573 396,3574 421,3574 446,3572"/>
                <TextEquiv>
                    <Unicode>Iispiels</Unicode>
                </TextEquiv>
            </TextLine>
            <TextEquiv>
                <Unicode>Iispiels</Unicode>
            </TextEquiv>
        </TextRegion>
        <TextRegion orientation="0.0" id="r3" custom="readingOrder {index:2;}">
            <Coords points="163,160 163,3975 2585,3975 2585,160"/>
            <TextLine id="r3l1" custom="readingOrder {index:0;}">
                <Coords points="2084,207 2121,191 2155,207 2203,212 2238,185 2253,200 2282,192 2316,210 2349,205 2347,155 2266,160 2245,139 2224,140 2214,151 2184,141 2157,161 2126,162 2103,146 2082,153"/>
                <Baseline points="2094,188 2121,187 2148,186 2175,185 2202,184 2229,184 2256,183 2283,182 2310,181 2338,180"/>
                <TextEquiv>
                    <Unicode></Unicode>
                </TextEquiv>
            </TextLine>
            <TextLine id="r3l2" custom="readingOrder {index:1;}">
                <Coords points="1496,288 1548,297 1569,283 1615,306 1699,278 1826,307 1945,290 1946,248 1898,220 1875,230 1856,217 1779,237 1746,218 1704,251 1670,234 1553,230 1533,213 1497,221"/>
                <Baseline points="1506,283 1531,282 1556,282 1581,281 1606,281 1631,282 1657,282 1682,282 1707,283 1732,284 1757,285 1782,285 1808,286 1833,286 1858,286 1883,286 1908,285 1934,284"/>
                <TextEquiv>
                    <Unicode>box 36/1</Unicode>
                </TextEquiv>
            </TextLine>
            <TextLine id="r3l3" custom="readingOrder {index:2;}">
                <Coords points="154,303 1338,322 1338,240 1238,225 900,220 818,280 701,224 346,223 256,285 154,222"/>
                <Baseline points="165,292 223,296 281,299 339,302 397,304 455,305 513,306 571,307 629,307 687,307 746,306 804,306 862,305 920,305 978,304 1036,303 1094,303 1152,303 1210,303 1268,303 1327,304"/>
                <TextEquiv>
                    <Unicode>1. Panphlets offprints</Unicode>
                </TextEquiv>
            </TextLine>
            <TextLine id="r3l4" custom="readingOrder {index:3;}">
                <Coords points="2420,820 2439,820 2447,811 2464,825 2472,819 2479,825 2493,820 2522,824 2521,753 2479,762 2475,767 2456,756 2450,759 2444,753 2419,753"/>
                <Baseline points="2431,803 2457,802 2484,802 2511,801"/>
                <TextEquiv>
                    <Unicode>153</Unicode>
                </TextEquiv>
            </TextLine>
            <TextLine id="r3l5" custom="readingOrder {index:4;}">
                <Coords points="1419,827 1552,829 1616,850 1701,824 1741,838 1788,820 1831,842 1941,830 1940,782 1905,783 1839,748 1712,763 1695,751 1614,779 1578,757 1526,779 1482,761 1462,776 1418,770"/>
                <Baseline points="1429,822 1454,822 1479,822 1504,821 1529,821 1554,821 1579,821 1604,820 1629,820 1654,820 1680,819 1705,819 1730,819 1755,818 1780,818 1805,817 1830,816 1855,816 1880,814 1905,813 1931,812"/>
                <TextEquiv>
                    <Unicode>Dramatische Rundschau.</Unicode>
                </TextEquiv>
            </TextLine>
            <TextLine id="r3l6" custom="readingOrder {index:5;}">
                <Coords points="159,915 193,913 203,924 285,902 320,915 352,907 393,922 429,910 458,919 481,907 482,863 407,864 340,850 323,865 273,858 198,874 160,859"/>
                <Baseline points="170,901 195,900 220,900 245,900 270,900 295,901 320,901 345,902 370,902 395,903 420,903 445,903 470,903"/>
                <TextEquiv>
                    <Unicode>bangen Mädchens</Unicode>
                </TextEquiv>
            </TextLine>
            <TextLine id="r3l7" custom="readingOrder {index:6;}">
                <Coords points="849,937 2533,896 2504,836 849,891"/>
                <Baseline points="859,924 942,923 1025,921 1108,919 1191,918 1275,916 1358,914 1441,912 1524,910 1607,908 1691,906 1774,905 1857,903 1940,901 2023,899 2107,897 2190,896 2273,894 2356,893 2439,891 2523,890"/>
                <TextEquiv>
                    <Unicode>Fichtner sein Vater, ist ihm eine Wahrheit ohne nimmt es nur als den gerechten Lohn für ein</Unicode>
                </TextEquiv>
            </TextLine>
            <TextLine id="r3l8" custom="readingOrder {index:7;}">
                <Coords points="189,944 220,957 237,947 264,958 285,948 327,957 385,951 406,962 467,942 481,946 482,919 411,912 394,922 363,909 189,919"/>
                <Baseline points="200,947 227,947 254,947 281,947 308,948 335,948 362,949 389,949 416,949 443,950 470,949"/>
                <TextEquiv>
                    <Unicode>war bereit zur</Unicode>
                </TextEquiv>
            </TextLine>
            <TextLine id="r3l9" custom="readingOrder {index:8;}">
                <Coords points="852,976 2452,950 2539,906 851,934"/>
                <Baseline points="863,965 946,965 1029,964 1112,963 1196,961 1279,959 1362,958 1445,956 1529,954 1612,952 1695,950 1778,949 1862,947 1945,945 2028,944 2111,942 2195,941 2278,939 2361,939 2444,938 2528,937"/>
                <TextEquiv>
                    <Unicode>Kraft: für ihn hat sich damit nichts geändert. Leben, das niemandem Liebe geschenkt hat, das</Unicode>
                </TextEquiv>
            </TextLine>
            <TextLine id="r3l10" custom="readingOrder {index:9;}">
                <Coords points="1695,1003 2537,982 2490,942 2354,934 1694,961"/>
                <Baseline points="1706,995 1747,993 1788,992 1829,991 1870,989 1911,988 1952,988 1993,987 2034,986 2075,985 2116,984 2157,983 2198,983 2239,982 2280,982 2321,981 2362,980 2403,980 2444,979 2485,978 2527,978"/>
                <TextEquiv>
                    <Unicode>nicht für jemand anderen auf der Welt war.</Unicode>
                </TextEquiv>
            </TextLine>
            <TextLine id="r3l11" custom="readingOrder {index:10;}">
                <Coords points="168,997 200,1004 227,995 239,1008 260,993 312,1004 327,994 413,1003 477,982 478,955 428,953 375,967 354,954 338,963 283,948 267,958 223,958 202,947 168,953"/>
                <Baseline points="178,987 204,989 230,991 257,992 283,993 309,993 336,993 362,992 388,992 415,991 441,991 468,990"/>
                <TextEquiv>
                    <Unicode>icke sank dem gro¬</Unicode>
                </TextEquiv>
            </TextLine>
            <TextLine id="r3l12" custom="readingOrder {index:11;}">
                <Coords points="851,1017 1695,1001 1694,962 1642,958 851,979"/>
                <Baseline points="861,1009 902,1008 943,1007 984,1006 1025,1005 1067,1005 1108,1004 1149,1004 1190,1004 1231,1004 1273,1003 1314,1003 1355,1002 1396,1002 1437,1001 1479,1001 1520,1000 1561,999 1602,998 1643,997 1685,995"/>
                <TextEquiv>
                    <Unicode>Das Andenken seiner Mutter — erst nach deren</Unicode>
                </TextEquiv>
            </TextLine>
            <TextLine id="r3l13" custom="readingOrder {index:12;}">
                <Coords points="1696,1047 2537,1021 2513,978 1695,1003"/>
                <Baseline points="1705,1037 1746,1036 1787,1035 1828,1034 1869,1032 1910,1031 1951,1030 1992,1029 2033,1028 2074,1027 2116,1026 2157,1025 2198,1024 2239,1023 2280,1022 2321,1021 2362,1021 2403,1020 2444,1020 2485,1019 2527,1019"/>
                <TextEquiv>
                    <Unicode>„Was hat das, was unsereiner in die Welt</Unicode>
                </TextEquiv>
            </TextLine>
            <TextLine id="r3l14" custom="readingOrder {index:13;}">
                <Coords points="158,1041 221,1042 248,1031 338,1051 379,1039 404,1047 476,1035 476,1004 461,999 375,1005 365,995 328,994 302,1005 261,994 242,1008 158,995"/>
                <Baseline points="168,1033 195,1034 222,1035 249,1035 276,1036 303,1036 330,1036 357,1036 384,1036 411,1036 438,1036 466,1035"/>
                <TextEquiv>
                    <Unicode>vor den Folgen</Unicode>
                </TextEquiv>
            </TextLine>
            <TextLine id="r3l15" custom="readingOrder {index:14;}">
                <Coords points="843,1058 1679,1054 1690,1005 842,1019"/>
                <Baseline points="854,1056 895,1054 936,1053 977,1051 1019,1050 1060,1049 1101,1048 1143,1047 1184,1047 1225,1046 1267,1045 1308,1045 1349,1044 1390,1043 1432,1042 1473,1042 1514,1041 1556,1040 1597,1039 1638,1037 1680,1036"/>
                <TextEquiv>
                    <Unicode>Tod erfährt er von ihren Beziehungen zu Ficht¬</Unicode>
                </TextEquiv>
            </TextLine>
            <TextLine id="r3l16" custom="readingOrder {index:15;}">
                <Coords points="1687,1086 2519,1077 2536,1029 1686,1052"/>
                <Baseline points="1698,1082 1739,1081 1780,1080 1822,1078 1863,1077 1905,1076 1946,1075 1987,1073 2029,1072 2070,1071 2112,1069 2153,1068 2194,1067 2236,1066 2277,1064 2319,1064 2360,1063 2401,1062 2443,1061 2484,1061 2526,1061"/>
                <TextEquiv>
                    <Unicode>bringt, mit Liebe zu tun? Es mag allerlei</Unicode>
                </TextEquiv>
            </TextLine>
            <TextLine id="r3l17" custom="readingOrder {index:16;}">
                <Coords points="167,1090 205,1080 219,1089 280,1089 315,1079 330,1088 403,1080 436,1089 472,1077 472,1046 449,1039 403,1047 374,1040 353,1049 249,1033 236,1043 168,1036"/>
                <Baseline points="178,1076 203,1076 229,1076 255,1076 281,1077 307,1077 332,1077 358,1077 384,1078 410,1078 436,1079 462,1079"/>
                <TextEquiv>
                    <Unicode>sich laden würde.</Unicode>
                </TextEquiv>
            </TextLine>
            <TextLine id="r3l18" custom="readingOrder {index:17;}">
                <Coords points="846,1105 1686,1082 1685,1053 1625,1043 1063,1051 967,1076 846,1059"/>
                <Baseline points="857,1095 897,1094 938,1094 979,1093 1020,1093 1061,1092 1102,1092 1143,1091 1184,1091 1225,1090 1266,1089 1306,1089 1347,1088 1388,1087 1429,1087 1470,1086 1511,1085 1552,1083 1593,1082 1634,1081 1675,1080"/>
                <TextEquiv>
                    <Unicode>ner — bleibt ihm so heilig wie zuvor, und der</Unicode>
                </TextEquiv>
            </TextLine>
            <TextLine id="r3l19" custom="readingOrder {index:18;}">
                <Coords points="1693,1140 2533,1133 2548,1076 1691,1083"/>
                <Baseline points="1702,1123 1743,1123 1785,1123 1827,1122 1869,1121 1911,1120 1952,1119 1994,1118 2036,1117 2078,1115 2120,1113 2161,1112 2203,1111 2245,1109 2287,1108 2329,1107 2370,1106 2412,1105 2454,1104 2496,1104 2538,1104"/>
                <TextEquiv>
                    <Unicode>Lustiges, Verlogenes, Zärtliches Gemeines, Lei¬</Unicode>
                </TextEquiv>
            </TextLine>
            <TextLine id="r3l20" custom="readingOrder {index:19;}">
                <Coords points="152,1124 217,1131 248,1123 259,1133 300,1119 317,1129 451,1130 476,1124 476,1084 438,1092 407,1077 359,1090 342,1079 330,1088 204,1081 152,1091"/>
                <Baseline points="163,1118 188,1118 213,1118 238,1118 263,1118 288,1118 314,1118 339,1118 364,1118 389,1119 414,1119 439,1119 465,1119"/>
                <TextEquiv>
                    <Unicode>nd vor den Rie¬</Unicode>
                </TextEquiv>
            </TextLine>
            <TextLine id="r3l21" custom="readingOrder {index:20;}">
                <Coords points="847,1142 1213,1147 1285,1122 1620,1142 1680,1129 1679,1087 846,1104"/>
                <Baseline points="857,1139 897,1138 938,1138 978,1137 1019,1136 1060,1135 1100,1135 1141,1134 1181,1133 1222,1132 1263,1132 1303,1131 1344,1130 1384,1129 1425,1128 1466,1127 1506,1126 1547,1125 1587,1124 1628,1123 1669,1122"/>
                <TextEquiv>
                    <Unicode>Mann, in dessen Haus er geboren und aufer¬</Unicode>
                </TextEquiv>
            </TextLine>
            <TextLine id="r3l22" custom="readingOrder {index:21;}">
                <Coords points="170,1173 191,1164 274,1163 350,1171 360,1182 395,1167 427,1166 439,1177 483,1149 483,1133 433,1125 404,1131 370,1121 339,1132 307,1119 266,1130 170,1125"/>
                <Baseline points="181,1160 207,1161 234,1162 260,1163 287,1163 313,1163 340,1162 366,1161 393,1161 419,1160 446,1160 473,1159"/>
                <TextEquiv>
                    <Unicode>t vor die offenen</Unicode>
                </TextEquiv>
            </TextLine>
            <TextLine id="r3l23" custom="readingOrder {index:22;}">
                <Coords points="841,1200 1703,1166 1660,1127 840,1154"/>
                <Baseline points="852,1188 894,1186 936,1184 978,1183 1020,1181 1062,1180 1104,1179 1146,1177 1188,1176 1230,1175 1272,1174 1314,1173 1356,1172 1398,1171 1440,1170 1482,1169 1524,1168 1566,1168 1608,1166 1650,1165 1693,1163"/>
                <TextEquiv>
                    <Unicode>zogen ist, der seine Kindheit und seine Jugend</Unicode>
                </TextEquiv>
            </TextLine>
            <TextLine id="r3l24" custom="readingOrder {index:23;}">
                <Coords points="154,1207 195,1207 208,1218 360,1207 481,1217 482,1167 446,1175 392,1168 363,1182 321,1165 154,1172"/>
                <Baseline points="165,1202 190,1203 216,1204 241,1205 267,1206 292,1206 318,1207 343,1207 369,1207 394,1207 420,1207 445,1206 471,1204"/>
                <TextEquiv>
                    <Unicode>uft schieben wür¬</Unicode>
                </TextEquiv>
            </TextLine>
            <TextLine id="r3l25" custom="readingOrder {index:24;}">
                <Coords points="849,1228 1678,1227 1700,1185 1207,1174 848,1207"/>
                <Baseline points="860,1229 901,1228 943,1227 984,1226 1026,1224 1067,1223 1109,1222 1150,1221 1192,1219 1233,1218 1275,1217 1316,1216 1358,1215 1399,1214 1441,1213 1482,1212 1524,1211 1565,1210 1607,1210 1648,1209 1690,1209"/>
                <TextEquiv>
                    <Unicode>mit Sorgfalt und Zärtlichkeit umgeben und der</Unicode>
                </TextEquiv>
            </TextLine>
            <TextLine id="r3l26" custom="readingOrder {index:25;}">
                <Coords points="163,1254 215,1257 236,1247 259,1260 287,1252 309,1267 376,1256 391,1244 408,1255 475,1250 475,1218 450,1209 363,1208 312,1221 260,1208 210,1220 164,1213"/>
                <Baseline points="174,1245 200,1246 226,1247 253,1248 279,1249 305,1250 332,1251 358,1251 384,1251 411,1251 437,1250 464,1249"/>
                <TextEquiv>
                    <Unicode>iner Jugend, die</Unicode>
                </TextEquiv>
            </TextLine>
            <TextLine id="r3l27" custom="readingOrder {index:26;}">
                <Coords points="851,1278 1713,1258 1712,1220 1606,1235 1535,1211 1303,1240 850,1227"/>
                <Baseline points="860,1270 902,1269 944,1268 986,1267 1028,1266 1070,1265 1112,1264 1154,1264 1196,1263 1238,1262 1281,1262 1323,1261 1365,1260 1407,1260 1449,1259 1491,1258 1533,1257 1575,1256 1617,1255 1659,1255 1702,1254"/>
                <TextEquiv>
                    <Unicode>seine Mutter geliebt hat, gilt ihm hinfort eher</Unicode>
                </TextEquiv>
            </TextLine>
            <TextLine id="r3l28" custom="readingOrder {index:27;}">
                <Coords points="161,1296 226,1291 242,1306 312,1292 374,1306 391,1296 441,1305 479,1289 479,1251 467,1249 446,1259 354,1253 308,1269 287,1252 264,1260 235,1247 214,1257 162,1252"/>
                <Baseline points="172,1289 198,1290 225,1290 252,1291 279,1292 306,1293 333,1293 360,1294 387,1294 414,1294 441,1294 468,1293"/>
                <TextEquiv>
                    <Unicode>cht feil auch für</Unicode>
                </TextEquiv>
            </TextLine>
            <TextLine id="r3l29" custom="readingOrder {index:28;}">
                <Coords points="857,1324 1698,1303 1697,1264 1660,1256 856,1272"/>
                <Baseline points="866,1313 907,1312 948,1310 989,1309 1030,1309 1071,1307 1112,1307 1153,1306 1194,1305 1235,1305 1276,1304 1317,1303 1358,1303 1399,1302 1440,1302 1481,1301 1522,1300 1563,1300 1604,1299 1645,1298 1687,1297"/>
                <TextEquiv>
                    <Unicode>mehr noch als bisher. Fichtner selbst aber, des¬</Unicode>
                </TextEquiv>
            </TextLine>
            <TextLine id="r3l30" custom="readingOrder {index:29;}">
                <Coords points="163,1337 230,1343 293,1332 311,1350 397,1335 482,1350 484,1308 321,1296 302,1312 269,1296 237,1302 225,1289 198,1301 164,1294"/>
                <Baseline points="174,1329 201,1331 228,1332 255,1334 282,1335 309,1336 336,1337 363,1337 390,1338 417,1338 444,1337 472,1336"/>
                <TextEquiv>
                    <Unicode>Einsam geht der</Unicode>
                </TextEquiv>
            </TextLine>
            <TextLine id="r3l31" custom="readingOrder {index:30;}">
                <Coords points="851,1358 1543,1358 1676,1349 1701,1304 851,1327"/>
                <Baseline points="862,1356 903,1355 944,1354 986,1353 1027,1352 1069,1351 1110,1350 1151,1349 1193,1348 1234,1347 1276,1346 1317,1346 1358,1345 1400,1344 1441,1343 1483,1343 1524,1342 1565,1342 1607,1341 1648,1341 1690,1341"/>
                <TextEquiv>
                    <Unicode>sen Selbstsucht es nicht über sich vermochte, das</Unicode>
                </TextEquiv>
            </TextLine>
            <TextLine id="r3l32" custom="readingOrder {index:31;}">
                <Coords points="164,1382 226,1372 276,1388 299,1378 324,1391 356,1385 372,1400 404,1382 477,1389 477,1360 428,1340 365,1348 340,1339 308,1349 292,1332 252,1344 164,1338"/>
                <Baseline points="174,1371 200,1373 227,1375 253,1376 280,1377 306,1378 333,1379 359,1379 386,1379 412,1378 439,1377 466,1376"/>
                <TextEquiv>
                    <Unicode>nd das Jugend¬</Unicode>
                </TextEquiv>
            </TextLine>
            <TextLine id="r3l33" custom="readingOrder {index:32;}">
                <Coords points="850,1409 1700,1380 1699,1353 1611,1343 849,1369"/>
                <Baseline points="861,1399 902,1397 943,1396 985,1395 1026,1394 1068,1393 1109,1392 1150,1392 1192,1390 1233,1390 1275,1389 1316,1388 1357,1387 1399,1386 1440,1385 1482,1384 1523,1383 1564,1382 1606,1380 1647,1379 1689,1377"/>
                <TextEquiv>
                    <Unicode>Andenken der Geliebten rein zu erhalten, erscheint</Unicode>
                </TextEquiv>
            </TextLine>
            <TextLine id="r3l34" custom="readingOrder {index:33;}">
                <Coords points="171,1426 213,1433 226,1423 248,1430 276,1422 367,1434 401,1418 428,1434 458,1411 476,1414 477,1387 404,1381 372,1401 356,1386 324,1392 300,1379 262,1388 227,1373 210,1383 172,1382"/>
                <Baseline points="182,1415 207,1415 233,1416 259,1416 285,1417 311,1417 336,1418 362,1418 388,1419 414,1420 440,1420 466,1420"/>
                <TextEquiv>
                    <Unicode>Erinnerung, die</Unicode>
                </TextEquiv>
            </TextLine>
            <TextLine id="r3l35" custom="readingOrder {index:34;}">
                <Coords points="850,1456 1659,1438 1712,1399 850,1410"/>
                <Baseline points="861,1441 903,1440 945,1439 987,1438 1029,1437 1071,1436 1113,1436 1155,1435 1197,1434 1239,1434 1282,1433 1324,1433 1366,1432 1408,1431 1450,1431 1492,1430 1534,1429 1576,1428 1618,1427 1660,1426 1703,1425"/>
                <TextEquiv>
                    <Unicode>ihm seitdem sremder denn je. Ich darf hier die</Unicode>
                </TextEquiv>
            </TextLine>
            <TextLine id="r3l36" custom="readingOrder {index:35;}">
                <Coords points="176,1477 233,1463 251,1476 272,1474 295,1460 316,1477 343,1465 362,1474 385,1461 437,1475 454,1462 471,1465 471,1425 388,1436 313,1423 237,1424 220,1434 177,1425"/>
                <Baseline points="186,1459 213,1459 240,1459 268,1460 295,1460 323,1461 350,1462 377,1462 405,1462 432,1462 460,1461"/>
                <TextEquiv>
                    <Unicode>t, die nur ein</Unicode>
                </TextEquiv>
            </TextLine>
            <TextLine id="r3l37" custom="readingOrder {index:36;}">
                <Coords points="853,1484 1697,1479 1696,1441 1616,1432 852,1457"/>
                <Baseline points="864,1486 905,1485 946,1484 987,1483 1028,1482 1069,1480 1110,1479 1152,1479 1193,1477 1234,1477 1275,1476 1316,1475 1357,1474 1398,1473 1440,1473 1481,1472 1522,1472 1563,1472 1604,1472 1645,1472 1687,1472"/>
                <TextEquiv>
                    <Unicode>Leser wohl an Marie v. Ebner=Eschenbachs dra¬</Unicode>
                </TextEquiv>
            </TextLine>
            <TextLine id="r3l38" custom="readingOrder {index:37;}">
                <Coords points="197,1519 231,1507 294,1516 315,1498 344,1515 402,1507 425,1518 475,1512 476,1485 440,1481 420,1466 378,1476 342,1465 321,1475 303,1466 252,1474 232,1463 223,1471 198,1463"/>
                <Baseline points="208,1503 233,1503 259,1504 285,1504 311,1504 337,1505 362,1505 388,1505 414,1506 440,1506 466,1506"/>
                <TextEquiv>
                    <Unicode>seinem Genuß¬</Unicode>
                </TextEquiv>
            </TextLine>
            <TextLine id="r3l39" custom="readingOrder {index:38;}">
                <Coords points="862,1538 1702,1516 1688,1471 1616,1495 1596,1476 861,1484"/>
                <Baseline points="872,1529 913,1528 954,1527 995,1526 1036,1525 1077,1524 1118,1522 1159,1521 1200,1520 1241,1519 1282,1518 1323,1517 1364,1517 1405,1516 1446,1516 1487,1515 1528,1515 1569,1515 1610,1515 1651,1515 1692,1515"/>
                <TextEquiv>
                    <Unicode>matische Skizze „Ein Sportsmann“ erinnern, die</Unicode>
                </TextEquiv>
            </TextLine>
            <TextLine id="r3l40" custom="readingOrder {index:39;}">
                <Coords points="180,1555 287,1548 333,1559 368,1552 378,1560 391,1550 414,1561 456,1541 477,1543 477,1522 427,1519 406,1508 360,1516 315,1499 296,1515 181,1511"/>
                <Baseline points="190,1545 215,1545 240,1545 265,1545 290,1545 315,1546 341,1547 366,1548 391,1548 416,1548 441,1548 467,1548"/>
                <TextEquiv>
                    <Unicode>er das Alter ihn</Unicode>
                </TextEquiv>
            </TextLine>
            <TextLine id="r3l41" custom="readingOrder {index:40;}">
                <Coords points="851,1588 1659,1567 1707,1556 1706,1522 849,1538"/>
                <Baseline points="860,1572 901,1570 943,1569 985,1568 1027,1567 1069,1565 1110,1565 1152,1564 1194,1562 1236,1562 1278,1561 1319,1560 1361,1559 1403,1558 1445,1557 1487,1556 1528,1555 1570,1554 1612,1553 1654,1552 1696,1551"/>
                <TextEquiv>
                    <Unicode>vor einiger Zeit in den „Monatsheften“ erschie¬</Unicode>
                </TextEquiv>
            </TextLine>
            <TextLine id="r3l42" custom="readingOrder {index:41;}">
                <Coords points="184,1595 236,1604 276,1590 301,1601 318,1593 334,1604 372,1598 385,1609 479,1579 479,1556 412,1561 388,1550 369,1563 352,1552 185,1553"/>
                <Baseline points="194,1585 221,1587 248,1587 276,1588 303,1588 331,1589 358,1589 385,1589 413,1590 440,1590 468,1591"/>
                <TextEquiv>
                    <Unicode>Inrast von ihm</Unicode>
                </TextEquiv>
            </TextLine>
            <TextLine id="r3l43" custom="readingOrder {index:42;}">
                <Coords points="850,1632 1324,1600 1660,1612 1706,1601 1705,1553 849,1588"/>
                <Baseline points="860,1614 901,1613 943,1612 985,1611 1027,1610 1068,1609 1110,1609 1152,1608 1194,1607 1235,1607 1277,1606 1319,1605 1361,1604 1402,1604 1444,1603 1486,1602 1528,1601 1569,1600 1611,1599 1653,1598 1695,1597"/>
                <TextEquiv>
                    <Unicode>nen ist (Oktober 1903). Auch hier tritt der</Unicode>
                </TextEquiv>
            </TextLine>
            <TextLine id="r3l44" custom="readingOrder {index:43;}">
                <Coords points="177,1638 256,1633 304,1648 325,1638 373,1647 406,1635 440,1648 471,1646 471,1609 449,1608 434,1595 380,1605 330,1602 317,1592 282,1600 269,1589 252,1601 217,1603 177,1594"/>
                <Baseline points="188,1628 215,1631 242,1632 269,1633 296,1633 324,1633 351,1634 378,1633 405,1633 432,1634 460,1634"/>
                <TextEquiv>
                    <Unicode>hlen beginnt, da</Unicode>
                </TextEquiv>
            </TextLine>
            <TextLine id="r3l45" custom="readingOrder {index:44;}">
                <Coords points="862,1667 1643,1656 1712,1634 1692,1600 1469,1625 1442,1603 989,1633 943,1615 862,1638"/>
                <Baseline points="872,1659 913,1657 954,1656 996,1654 1037,1653 1079,1652 1120,1651 1162,1650 1203,1649 1245,1648 1286,1648 1327,1647 1369,1647 1410,1646 1452,1646 1493,1645 1535,1645 1576,1645 1618,1644 1659,1644 1701,1643"/>
                <TextEquiv>
                    <Unicode>Sohn, Offizier gleich Felix Wegrath, vom Sterbe¬</Unicode>
                </TextEquiv>
            </TextLine>
            <TextLine id="r3l46" custom="readingOrder {index:45;}">
                <Coords points="208,1682 269,1678 277,1687 312,1691 386,1679 417,1692 454,1683 477,1690 478,1648 444,1650 415,1637 377,1648 329,1637 302,1649 256,1632 208,1638"/>
                <Baseline points="218,1672 243,1673 268,1674 293,1674 318,1674 343,1674 368,1674 393,1674 418,1674 443,1674 468,1674"/>
                <TextEquiv>
                    <Unicode>Glück zu geben</Unicode>
                </TextEquiv>
            </TextLine>
            <TextLine id="r3l47" custom="readingOrder {index:46;}">
                <Coords points="866,1706 1707,1694 1706,1644 865,1667"/>
                <Baseline points="875,1700 916,1700 957,1700 998,1699 1039,1698 1080,1697 1121,1696 1162,1695 1203,1694 1244,1693 1286,1692 1327,1691 1368,1690 1409,1689 1450,1688 1491,1687 1532,1686 1573,1685 1614,1685 1655,1685 1697,1684"/>
                <TextEquiv>
                    <Unicode>bette seiner Mutter seinem väterlichen Freunde</Unicode>
                </TextEquiv>
            </TextLine>
            <TextLine id="r3l48" custom="readingOrder {index:47;}">
                <Coords points="182,1722 230,1731 276,1723 291,1733 306,1723 352,1722 374,1732 404,1722 414,1729 462,1723 463,1685 310,1688 246,1678 223,1687 212,1678 183,1688"/>
                <Baseline points="194,1713 219,1714 245,1715 271,1716 297,1716 323,1717 348,1717 374,1717 400,1717 426,1717 452,1716"/>
                <TextEquiv>
                    <Unicode>och einen Men¬</Unicode>
                </TextEquiv>
            </TextLine>
            <TextLine id="r3l49" custom="readingOrder {index:48;}">
                <Coords points="862,1757 1710,1724 1709,1690 861,1707"/>
                <Baseline points="872,1749 913,1747 954,1746 996,1744 1037,1743 1079,1741 1120,1740 1161,1739 1203,1737 1244,1736 1286,1735 1327,1734 1368,1733 1410,1732 1451,1731 1493,1730 1534,1729 1575,1729 1617,1728 1658,1727 1700,1726"/>
                <TextEquiv>
                    <Unicode>gegenüber, dem er, ohne es zu wissen, das Leben</Unicode>
                </TextEquiv>
            </TextLine>
            <TextLine id="r3l50" custom="readingOrder {index:49;}">
                <Coords points="228,1764 274,1772 293,1764 310,1771 358,1769 368,1780 395,1766 441,1774 443,1724 403,1722 382,1736 341,1722 334,1728 280,1728 271,1736 230,1729"/>
                <Baseline points="238,1757 265,1758 293,1760 320,1761 348,1762 375,1763 403,1763 431,1764"/>
                <TextEquiv>
                    <Unicode>en weiter auf</Unicode>
                </TextEquiv>
            </TextLine>
            <TextLine id="r3l51" custom="readingOrder {index:50;}">
                <Coords points="867,1791 1717,1769 1716,1740 1676,1732 866,1756"/>
                <Baseline points="878,1786 919,1785 960,1785 1002,1784 1043,1783 1085,1782 1126,1782 1168,1781 1209,1780 1251,1779 1292,1778 1333,1777 1375,1777 1416,1775 1458,1775 1499,1774 1541,1773 1582,1773 1624,1773 1665,1772 1707,1772"/>
                <TextEquiv>
                    <Unicode>verdankt. Dieser aber zwingt, der Toten zuliebe,</Unicode>
                </TextEquiv>
            </TextLine>
            <TextLine id="r3l52" custom="readingOrder {index:51;}">
                <Coords points="235,1810 252,1811 260,1807 287,1821 306,1807 314,1812 321,1808 348,1809 350,1768 300,1771 294,1765 275,1772 258,1765 237,1764"/>
                <Baseline points="245,1800 275,1801 306,1803 337,1804"/>
                <TextEquiv>
                    <Unicode>Und i</Unicode>
                </TextEquiv>
            </TextLine>
            <TextLine id="r3l53" custom="readingOrder {index:52;}">
                <Coords points="856,1841 1693,1830 1718,1789 855,1793"/>
                <Baseline points="866,1829 908,1828 950,1828 992,1827 1034,1826 1076,1825 1118,1824 1160,1823 1202,1823 1244,1822 1287,1821 1329,1821 1371,1820 1413,1819 1455,1818 1497,1817 1539,1816 1581,1816 1623,1815 1665,1814 1708,1813"/>
                <TextEquiv>
                    <Unicode>die weich und verführeriich in ihm ausquellenden</Unicode>
                </TextEquiv>
            </TextLine>
            <TextLine id="r3l54" custom="readingOrder {index:53;}">
                <Coords points="215,1853 247,1851 255,1855 259,1851 276,1857 293,1841 311,1858 328,1854 337,1860 364,1852 364,1823 345,1825 320,1812 281,1816 258,1807 216,1817"/>
                <Baseline points="226,1845 251,1846 277,1845 302,1845 328,1846 354,1847"/>
                <TextEquiv>
                    <Unicode>aubt er,</Unicode>
                </TextEquiv>
            </TextLine>
            <TextLine id="r3l55" custom="readingOrder {index:54;}">
                <Coords points="872,1870 1716,1871 1715,1821 871,1837"/>
                <Baseline points="882,1872 923,1871 964,1871 1005,1870 1046,1869 1088,1868 1129,1867 1170,1866 1211,1865 1252,1864 1294,1863 1335,1862 1376,1861 1417,1860 1458,1859 1500,1858 1541,1857 1582,1856 1623,1855 1664,1854 1706,1853"/>
                <TextEquiv>
                    <Unicode>Vatergefühle für den prächtigen Burschen mit</Unicode>
                </TextEquiv>
            </TextLine>
            <TextLine id="r3l56" custom="readingOrder {index:55;}">
                <Coords points="214,1896 241,1903 271,1893 291,1904 323,1897 411,1897 412,1858 397,1853 389,1859 362,1854 337,1860 324,1853 305,1861 289,1848 270,1862 243,1850 216,1852"/>
                <Baseline points="226,1885 251,1885 276,1886 301,1886 326,1887 351,1888 376,1889 401,1890"/>
                <TextEquiv>
                    <Unicode>edarf, er an</Unicode>
                </TextEquiv>
            </TextLine>
            <TextLine id="r3l57" custom="readingOrder {index:56;}">
                <Coords points="863,1924 1677,1919 1721,1911 1720,1872 862,1891"/>
                <Baseline points="872,1915 916,1914 960,1913 1004,1912 1048,1911 1092,1910 1136,1909 1181,1908 1225,1908 1269,1907 1313,1906 1357,1905 1401,1904 1446,1903 1490,1903 1534,1902 1578,1901 1622,1900 1666,1899 1711,1898"/>
                <TextEquiv>
                    <Unicode>harter Faust nieder und geht mit Willen auch</Unicode>
                </TextEquiv>
            </TextLine>
            <TextLine id="r3l58" custom="readingOrder {index:57;}">
                <Coords points="240,1940 292,1942 330,1928 347,1943 376,1937 392,1950 420,1944 453,1949 454,1901 418,1902 410,1896 389,1904 360,1895 330,1901 318,1890 289,1905 272,1894 241,1896"/>
                <Baseline points="250,1929 277,1930 304,1931 332,1931 359,1932 387,1932 414,1932 442,1931"/>
                <TextEquiv>
                    <Unicode>Der Sohn,</Unicode>
                </TextEquiv>
            </TextLine>
            <TextLine id="r3l59" custom="readingOrder {index:58;}">
                <Coords points="856,1961 1527,1958 1526,1922 1482,1909 970,1914 856,1938"/>
                <Baseline points="867,1958 899,1958 931,1957 964,1956 996,1955 1029,1955 1061,1954 1094,1953 1126,1952 1159,1951 1191,1951 1223,1950 1256,1949 1288,1948 1321,1947 1353,1947 1386,1946 1418,1946 1451,1945 1483,1944 1516,1944"/>
                <TextEquiv>
                    <Unicode> im Alter einsam seinen Weg weiter.</Unicode>
                </TextEquiv>
            </TextLine>
            <TextLine id="r3l60" custom="readingOrder {index:59;}">
                <Coords points="210,1983 254,1977 264,1987 279,1979 343,1988 354,1980 373,1993 400,1981 431,1991 475,1971 475,1948 461,1944 438,1950 373,1936 348,1944 331,1930 290,1944 210,1935"/>
                <Baseline points="220,1973 247,1972 274,1972 301,1972 328,1972 355,1973 382,1973 409,1974 436,1974 464,1975"/>
                <TextEquiv>
                    <Unicode>jnet hat, kann</Unicode>
                </TextEquiv>
            </TextLine>
            <TextLine id="r3l61" custom="readingOrder {index:60;}">
                <Coords points="915,2006 1717,1995 1716,1951 914,1969"/>
                <Baseline points="926,1998 965,1997 1004,1996 1043,1996 1082,1995 1121,1994 1160,1993 1199,1993 1238,1991 1277,1991 1316,1990 1355,1989 1394,1988 1433,1988 1472,1987 1511,1986 1550,1985 1589,1985 1628,1984 1667,1984 1707,1983"/>
                <TextEquiv>
                    <Unicode>Bei Schnitzler wie bei der Ebner bleibt die</Unicode>
                </TextEquiv>
            </TextLine>
            <TextLine id="r3l62" custom="readingOrder {index:61;}">
                <Coords points="216,2028 263,2023 287,2036 308,2024 329,2029 375,2019 406,2040 457,2008 474,2010 474,1977 418,1990 391,1982 374,1992 351,1981 338,1991 320,1982 217,1985"/>
                <Baseline points="228,2013 254,2015 280,2016 306,2017 332,2017 359,2018 385,2018 411,2018 437,2018 464,2019"/>
                <TextEquiv>
                    <Unicode>sobald er ihm</Unicode>
                </TextEquiv>
            </TextLine>
            <TextLine id="r3l63" custom="readingOrder {index:62;}">
                <Coords points="870,2042 1693,2040 1724,2031 1724,1994 1329,1988 1016,2017 869,1998"/>
                <Baseline points="880,2043 921,2042 963,2041 1004,2040 1046,2039 1088,2039 1129,2038 1171,2037 1213,2036 1254,2035 1296,2034 1338,2033 1379,2033 1421,2032 1463,2031 1504,2031 1546,2030 1588,2030 1629,2029 1671,2029 1713,2029"/>
                <TextEquiv>
                    <Unicode>Gestalt der Mutter verschleiert im Hintergrund.</Unicode>
                </TextEquiv>
            </TextLine>
            <TextLine id="r3l64" custom="readingOrder {index:63;}">
                <Coords points="173,2082 194,2086 213,2068 222,2073 237,2067 245,2070 256,2060 264,2065 274,2065 276,2030 266,2029 262,2033 235,2023 224,2031 201,2027 197,2031 176,2030"/>
                <Baseline points="185,2060 211,2060 237,2060 263,2066"/>
                <TextEquiv>
                    <Unicode>bart!</Unicode>
                </TextEquiv>
            </TextLine>
            <TextLine id="r3l65" custom="readingOrder {index:64;}">
                <Coords points="281,2059 291,2059 316,2075 352,2068 358,2074 372,2073 387,2065 418,2074 471,2064 472,2049 457,2049 441,2033 418,2033 392,2042 380,2031 374,2035 353,2026 282,2025"/>
                <Baseline points="292,2063 320,2061 348,2062 376,2062 404,2064 432,2066 461,2068"/>
                <TextEquiv>
                    <Unicode>Aber er</Unicode>
                </TextEquiv>
            </TextLine>
            <TextLine id="r3l66" custom="readingOrder {index:65;}">
                <Coords points="873,2096 1723,2076 1722,2041 1661,2032 872,2059"/>
                <Baseline points="884,2087 925,2086 966,2085 1008,2083 1049,2082 1091,2081 1132,2080 1174,2079 1215,2078 1257,2077 1298,2076 1339,2076 1381,2075 1422,2074 1464,2074 1505,2073 1547,2072 1588,2071 1630,2071 1671,2070 1713,2069"/>
                <TextEquiv>
                    <Unicode>Kein strafender Strahl fällt auf ihr Haupt; Liebe,</Unicode>
                </TextEquiv>
            </TextLine>
            <TextLine id="r3l67" custom="readingOrder {index:66;}">
                <Coords points="254,2102 275,2103 297,2116 337,2105 352,2118 387,2109 400,2116 429,2111 449,2126 460,2118 483,2119 484,2092 449,2089 431,2071 412,2075 387,2065 353,2075 345,2068 297,2068 282,2076 270,2065 255,2069"/>
                <Baseline points="264,2103 290,2104 316,2105 342,2105 369,2106 395,2107 421,2108 447,2110 474,2112"/>
                <TextEquiv>
                    <Unicode>er meint,</Unicode>
                </TextEquiv>
            </TextLine>
            <TextLine id="r3l68" custom="readingOrder {index:67;}">
                <Coords points="867,2140 1669,2128 1725,2121 1724,2077 866,2103"/>
                <Baseline points="876,2127 920,2126 964,2125 1008,2124 1052,2123 1096,2122 1140,2121 1185,2120 1229,2120 1273,2119 1317,2118 1361,2118 1405,2117 1450,2117 1494,2116 1538,2116 1582,2115 1626,2115 1670,2114 1715,2113"/>
                <TextEquiv>
                    <Unicode>die einem anderen sich schenkte, braucht nicht zu</Unicode>
                </TextEquiv>
            </TextLine>
            <TextLine id="r3l69" custom="readingOrder {index:68;}">
                <Coords points="194,2155 248,2165 260,2157 296,2162 313,2151 331,2162 398,2153 435,2169 459,2149 484,2152 485,2131 462,2135 429,2110 377,2111 341,2131 320,2111 297,2117 275,2103 237,2117 195,2107"/>
                <Baseline points="204,2145 231,2146 258,2146 285,2147 312,2147 339,2148 366,2149 393,2149 420,2151 447,2153 474,2156"/>
                <TextEquiv>
                    <Unicode>entliche“. Daß</Unicode>
                </TextEquiv>
            </TextLine>
            <TextLine id="r3l70" custom="readingOrder {index:69;}">
                <Coords points="881,2186 1731,2156 1730,2120 1686,2117 880,2138"/>
                <Baseline points="892,2173 933,2172 974,2171 1016,2170 1057,2169 1099,2168 1140,2168 1181,2167 1223,2166 1264,2165 1306,2164 1347,2163 1388,2162 1430,2161 1471,2160 1513,2160 1554,2159 1595,2158 1637,2157 1678,2157 1720,2156"/>
                <TextEquiv>
                    <Unicode>fühnen. An Stelle Gabrieles aber büßt bei</Unicode>
                </TextEquiv>
            </TextLine>
            <TextLine id="r3l71" custom="readingOrder {index:70;}">
                <Coords points="2161,2211 2192,2207 2207,2215 2224,2215 2219,2062 2208,2063 2182,2091 2157,2087"/>
                <Baseline points="2170,2186 2213,2185"/>
                <TextEquiv>
                    <Unicode>4</Unicode>
                </TextEquiv>
            </TextLine>
            <TextLine id="r3l72" custom="readingOrder {index:71;}">
                <Coords points="875,2218 1717,2197 1716,2166 1633,2159 875,2185"/>
                <Baseline points="886,2214 927,2213 968,2212 1009,2211 1050,2210 1091,2210 1132,2209 1173,2208 1214,2207 1255,2207 1296,2206 1337,2205 1378,2205 1419,2204 1460,2203 1501,2202 1542,2201 1583,2200 1624,2199 1665,2198 1706,2196"/>
                <TextEquiv>
                    <Unicode>Schnitzler ihre von Ahnungen umsponnene Toch¬</Unicode>
                </TextEquiv>
            </TextLine>
            <TextLine id="r3l73" custom="readingOrder {index:72;}">
                <Coords points="873,2255 1719,2255 1718,2205 1690,2203 1162,2211 1123,2233 872,2214"/>
                <Baseline points="884,2254 925,2255 966,2255 1007,2255 1048,2254 1090,2254 1131,2253 1172,2252 1213,2251 1254,2250 1296,2249 1337,2248 1378,2247 1419,2246 1460,2245 1502,2243 1543,2242 1584,2241 1625,2240 1666,2239 1708,2238"/>
                <TextEquiv>
                    <Unicode>ter Johanna. In ihr wiederholt sich zum Teil</Unicode>
                </TextEquiv>
            </TextLine>
            <TextLine id="r3l74" custom="readingOrder {index:73;}">
                <Coords points="877,2309 1367,2279 1441,2303 1725,2291 1724,2249 1701,2245 876,2265"/>
                <Baseline points="886,2300 927,2299 968,2298 1010,2297 1051,2296 1092,2296 1134,2295 1175,2294 1216,2293 1258,2292 1299,2291 1340,2290 1382,2290 1423,2289 1464,2288 1506,2287 1547,2286 1588,2285 1630,2284 1671,2283 1713,2281"/>
                <TextEquiv>
                    <Unicode>das Schicksal der Mutter. Wieder scheint der</Unicode>
                </TextEquiv>
            </TextLine>
            <TextLine id="r3l75" custom="readingOrder {index:74;}">
                <Coords points="873,2351 1462,2348 1650,2322 1688,2344 1731,2324 1731,2287 873,2311"/>
                <Baseline points="884,2344 925,2343 967,2341 1009,2340 1051,2338 1093,2338 1134,2337 1176,2336 1218,2335 1260,2334 1302,2333 1343,2332 1385,2332 1427,2331 1469,2331 1511,2330 1552,2330 1594,2329 1636,2329 1678,2328 1720,2328"/>
                <TextEquiv>
                    <Unicode>Dichter zu fragen: Was ist Gegenwart, was ist</Unicode>
                </TextEquiv>
            </TextLine>
            <TextLine id="r3l76" custom="readingOrder {index:75;}">
                <Coords points="880,2391 1634,2384 1729,2338 879,2349"/>
                <Baseline points="890,2385 931,2384 972,2384 1014,2383 1055,2383 1097,2382 1138,2381 1180,2380 1221,2379 1263,2378 1304,2377 1345,2375 1387,2374 1428,2373 1470,2372 1511,2371 1553,2370 1594,2370 1636,2369 1677,2369 1719,2368"/>
                <TextEquiv>
                    <Unicode>Vergangenheit? Der sich Traum und Wirklich¬</Unicode>
                </TextEquiv>
            </TextLine>
            <TextLine id="r3l77" custom="readingOrder {index:76;}">
                <Coords points="883,2435 1733,2409 1690,2375 882,2397"/>
                <Baseline points="894,2428 935,2428 976,2427 1018,2426 1059,2426 1101,2425 1142,2424 1184,2422 1225,2422 1267,2420 1308,2419 1349,2418 1391,2417 1432,2416 1474,2415 1515,2414 1557,2413 1598,2413 1640,2412 1681,2412 1723,2412"/>
                <TextEquiv>
                    <Unicode>keit unleusch verschlingen wie Beatrice Nardi,</Unicode>
                </TextEquiv>
            </TextLine>
            <TextLine id="r3l78" custom="readingOrder {index:77;}">
                <Coords points="2437,2439 2447,2439 2451,2443 2466,2439 2480,2450 2504,2430 2510,2434 2527,2433 2527,2404 2515,2401 2500,2413 2490,2402 2475,2400 2457,2383 2449,2387 2438,2386"/>
                <Baseline points="2448,2435 2482,2433 2516,2437"/>
                <TextEquiv>
                    <Unicode></Unicode>
                </TextEquiv>
            </TextLine>
            <TextLine id="r3l79" custom="readingOrder {index:78;}">
                <Coords points="2337,2482 2349,2482 2392,2448 2435,2490 2439,2486 2456,2493 2485,2485 2486,2433 2461,2432 2450,2440 2436,2440 2421,2425 2411,2427 2380,2397 2338,2397"/>
                <Baseline points="2348,2459 2373,2460 2399,2459 2424,2459 2450,2460 2476,2463"/>
                <TextEquiv>
                    <Unicode></Unicode>
                </TextEquiv>
            </TextLine>
            <TextLine id="r3l80" custom="readingOrder {index:79;}">
                <Coords points="873,2472 1708,2467 1720,2410 872,2441"/>
                <Baseline points="883,2468 924,2469 965,2469 1007,2469 1048,2469 1090,2468 1131,2467 1172,2466 1214,2465 1255,2464 1297,2463 1338,2462 1379,2460 1421,2459 1462,2457 1504,2457 1545,2455 1586,2455 1628,2454 1669,2453 1711,2453"/>
                <TextEquiv>
                    <Unicode>der vor Leid und Krankheit unweiblich graut,</Unicode>
                </TextEquiv>
            </TextLine>
            <TextLine id="r3l81" custom="readingOrder {index:80;}">
                <Coords points="2317,2507 2327,2505 2332,2501 2356,2510 2359,2505 2367,2501 2377,2483 2389,2480 2384,2460 2362,2465 2352,2479 2340,2480 2324,2471 2308,2475"/>
                <Baseline points="2327,2503 2354,2497 2381,2489"/>
                <TextEquiv>
                    <Unicode>##</Unicode>
                </TextEquiv>
            </TextLine>
            <TextLine id="r3l82" custom="readingOrder {index:81;}">
                <Coords points="2143,2508 2155,2506 2161,2500 2195,2522 2205,2520 2196,2474 2181,2475 2167,2467 2166,2470 2148,2458 2134,2459"/>
                <Baseline points="2154,2504 2190,2497"/>
                <TextEquiv>
                    <Unicode></Unicode>
                </TextEquiv>
            </TextLine>
            <TextLine id="r3l83" custom="readingOrder {index:82;}">
                <Coords points="874,2522 1438,2526 1718,2494 1806,2538 1804,2438 1781,2436 1611,2471 873,2472"/>
                <Baseline points="885,2513 930,2514 976,2514 1021,2514 1067,2513 1112,2512 1158,2511 1203,2509 1249,2508 1294,2506 1340,2505 1385,2503 1431,2502 1476,2501 1522,2501 1567,2500 1613,2501 1658,2502 1704,2503 1749,2505 1795,2508"/>
                <TextEquiv>
                    <Unicode>die mit sich und anderen spielt, der nicht das #</Unicode>
                </TextEquiv>
            </TextLine>
            <TextLine id="r3l84" custom="readingOrder {index:83;}">
                <Coords points="2328,2524 2349,2524 2358,2519 2394,2548 2408,2546 2427,2533 2441,2537 2448,2530 2458,2530 2457,2488 2438,2486 2434,2491 2430,2487 2403,2500 2374,2477 2357,2494 2328,2499"/>
                <Baseline points="2338,2518 2365,2518 2393,2518 2420,2517 2448,2516"/>
                <TextEquiv>
                    <Unicode></Unicode>
                </TextEquiv>
            </TextLine>
            <TextLine id="r3l85" custom="readingOrder {index:84;}">
                <Coords points="2210,2543 2245,2539 2256,2534 2272,2534 2271,2511 2250,2508 2244,2502 2233,2502 2223,2507 2208,2508"/>
                <Baseline points="2219,2529 2261,2527"/>
                <TextEquiv>
                    <Unicode></Unicode>
                </TextEquiv>
            </TextLine>
            <TextLine id="r3l86" custom="readingOrder {index:85;}">
                <Coords points="877,2569 1731,2539 1730,2514 1634,2500 1467,2505 1442,2528 1412,2508 876,2523"/>
                <Baseline points="887,2562 928,2560 970,2558 1012,2557 1053,2556 1095,2554 1137,2553 1178,2552 1220,2551 1262,2550 1304,2549 1345,2548 1387,2547 1429,2546 1470,2545 1512,2544 1554,2543 1595,2541 1637,2540 1679,2538 1721,2537"/>
                <TextEquiv>
                    <Unicode>Frauenglück vergönnt ist, sich einem anderen</Unicode>
                </TextEquiv>
            </TextLine>
            <TextLine id="r3l87" custom="readingOrder {index:86;}">
                <Coords points="2091,2575 2159,2594 2209,2592 2233,2571 2292,2581 2337,2560 2390,2564 2388,2524 2366,2519 2256,2531 2241,2523 2162,2540 2089,2527"/>
                <Baseline points="2101,2553 2126,2558 2151,2560 2176,2561 2201,2559 2226,2557 2252,2555 2277,2552 2302,2549 2327,2548 2352,2547 2378,2549"/>
                <TextEquiv>
                    <Unicode></Unicode>
                </TextEquiv>
            </TextLine>
            <TextLine id="r3l88" custom="readingOrder {index:87;}">
                <Coords points="888,2622 1103,2591 1348,2609 1732,2587 1731,2553 1572,2540 887,2569"/>
                <Baseline points="898,2602 939,2601 980,2600 1021,2599 1062,2598 1103,2597 1144,2595 1186,2594 1227,2593 1268,2592 1309,2592 1350,2591 1391,2589 1432,2589 1474,2588 1515,2587 1556,2586 1597,2585 1638,2584 1679,2583 1721,2582"/>
                <TextEquiv>
                    <Unicode>hoffend und helfend zu geben — sie verliert sich</Unicode>
                </TextEquiv>
            </TextLine>
            <TextLine id="r3l89" custom="readingOrder {index:88;}">
                <Coords points="880,2646 2564,2627 2533,2563 880,2623"/>
                <Baseline points="891,2645 974,2642 1057,2640 1140,2638 1223,2636 1306,2635 1389,2633 1472,2633 1555,2632 1638,2631 1722,2630 1805,2629 1888,2628 1971,2627 2054,2625 2137,2624 2220,2622 2303,2619 2386,2616 2469,2612 2553,2608"/>
                <TextEquiv>
                    <Unicode>an einen Todeskandidaten, einen unsteten, wul¬ Stto Sommerstorff als Sangiorgio in dem Schauspiel</Unicode>
                </TextEquiv>
            </TextLine>
            <TextLine id="r3l90" custom="readingOrder {index:89;}">
                <Coords points="1818,2682 1914,2673 1964,2695 2056,2671 2129,2687 2181,2667 2361,2686 2390,2664 2476,2670 2475,2622 2016,2625 1818,2651"/>
                <Baseline points="1829,2668 1860,2667 1892,2666 1924,2666 1956,2665 1988,2665 2019,2664 2051,2664 2083,2664 2115,2664 2147,2663 2178,2663 2210,2663 2242,2663 2274,2662 2306,2662 2337,2661 2369,2660 2401,2660 2433,2659 2465,2657"/>
                <TextEquiv>
                    <Unicode>„Novella d'Andrea“ von Ludwig Fulda.</Unicode>
                </TextEquiv>
            </TextLine>
            <TextLine id="r3l91" custom="readingOrder {index:90;}">
                <Coords points="876,2701 1738,2678 1737,2637 875,2653"/>
                <Baseline points="887,2691 929,2688 971,2687 1013,2685 1055,2683 1097,2682 1139,2681 1181,2679 1223,2678 1265,2678 1307,2677 1349,2676 1391,2675 1433,2675 1475,2674 1517,2673 1559,2672 1601,2671 1643,2670 1685,2669 1728,2668"/>
                <TextEquiv>
                    <Unicode>zellosen Gast auf dieser dunklen Erde, dem von</Unicode>
                </TextEquiv>
            </TextLine>
            <TextLine id="r3l92" custom="readingOrder {index:91;}">
                <Coords points="892,2746 1727,2715 1726,2680 1663,2673 891,2705"/>
                <Baseline points="901,2731 941,2731 982,2729 1023,2728 1064,2727 1105,2726 1145,2724 1186,2723 1227,2722 1268,2720 1309,2720 1349,2718 1390,2717 1431,2716 1472,2715 1513,2714 1553,2713 1594,2712 1635,2712 1676,2711 1717,2710"/>
                <TextEquiv>
                    <Unicode>jeher aller Schmerz und alles Glück nur eine</Unicode>
                </TextEquiv>
            </TextLine>
            <TextLine id="r3l93" custom="readingOrder {index:92;}">
                <Coords points="893,2780 2476,2752 2568,2699 892,2747"/>
                <Baseline points="902,2775 984,2772 1067,2768 1150,2766 1233,2763 1316,2761 1399,2759 1481,2758 1564,2756 1647,2755 1730,2753 1813,2752 1896,2751 1979,2749 2061,2748 2144,2746 2227,2744 2310,2741 2393,2739 2476,2736 2559,2732"/>
                <TextEquiv>
                    <Unicode>Sensation für seine spielerisch eitle Seele bedeu= denschaftliches sein, das sich als Liebe ausgibt.</Unicode>
                </TextEquiv>
            </TextLine>
            <TextLine id="r3l94" custom="readingOrder {index:93;}">
                <Coords points="889,2821 2569,2760 888,2781"/>
                <Baseline points="898,2818 981,2815 1064,2812 1147,2810 1230,2807 1313,2805 1396,2804 1479,2802 1562,2800 1645,2799 1728,2797 1811,2796 1894,2794 1977,2793 2060,2791 2143,2790 2226,2788 2309,2786 2392,2784 2475,2782 2559,2779"/>
                <TextEquiv>
                    <Unicode>teten. Dieser schöngesstige Herr von Sala, der aber Liebe ist es doch nicht. Haben wir jemals</Unicode>
                </TextEquiv>
            </TextLine>
            <TextLine id="r3l95" custom="readingOrder {index:94;}">
                <Coords points="891,2858 2570,2815 890,2826"/>
                <Baseline points="902,2861 984,2858 1067,2855 1150,2852 1233,2850 1316,2849 1399,2847 1482,2846 1565,2844 1648,2843 1731,2842 1813,2841 1896,2839 1979,2838 2062,2836 2145,2834 2228,2832 2311,2829 2394,2826 2477,2822 2560,2818"/>
                <TextEquiv>
                    <Unicode>vom Künstler nur die immer bereite, immer ein Opfer gebracht, von dem nicht unsere Sinn¬</Unicode>
                </TextEquiv>
            </TextLine>
            <TextLine id="r3l96" custom="readingOrder {index:95;}">
                <Coords points="892,2905 2571,2866 2538,2823 891,2861"/>
                <Baseline points="902,2906 984,2902 1067,2898 1150,2895 1233,2893 1316,2891 1399,2889 1481,2887 1564,2886 1647,2885 1730,2883 1813,2882 1896,2881 1979,2880 2061,2878 2144,2876 2227,2874 2310,2871 2393,2869 2476,2865 2559,2860"/>
                <TextEquiv>
                    <Unicode>hungtige Empfänglichkeit hat, ist ein Partner lichkeit oder unjere Eitelkeit ihren Vorteil gehabt</Unicode>
                </TextEquiv>
            </TextLine>
            <TextLine id="r3l97" custom="readingOrder {index:96;}">
                <Coords points="898,2949 2412,2925 2574,2862 897,2905"/>
                <Baseline points="908,2949 990,2945 1073,2941 1156,2937 1239,2934 1322,2932 1405,2930 1487,2929 1570,2928 1653,2926 1736,2925 1819,2924 1902,2923 1985,2922 2067,2920 2150,2919 2233,2917 2316,2914 2399,2911 2482,2907 2565,2903"/>
                <TextEquiv>
                    <Unicode>Fichtners, gleich ihm ein Spieler in der Lebens= hätte? haben wir je gezögert, anständige Men¬</Unicode>
                </TextEquiv>
            </TextLine>
            <TextLine id="r3l98" custom="readingOrder {index:97;}">
                <Coords points="896,2989 2557,2964 2572,2907 895,2955"/>
                <Baseline points="906,2987 988,2986 1071,2984 1154,2983 1237,2981 1320,2979 1402,2977 1485,2975 1568,2974 1651,2972 1734,2970 1816,2968 1899,2966 1982,2964 2065,2962 2148,2960 2230,2958 2313,2957 2396,2955 2479,2953 2562,2951"/>
                <TextEquiv>
                    <Unicode>komödie, nur daß er sich über sich selbst klar schen zu betrügen oder zu belügen, wenn wir</Unicode>
                </TextEquiv>
            </TextLine>
            <TextLine id="r3l99" custom="readingOrder {index:98;}">
                <Coords points="902,3036 2575,2990 2148,2954 901,2997"/>
                <Baseline points="912,3030 994,3028 1077,3027 1159,3025 1242,3023 1325,3021 1407,3019 1490,3017 1572,3016 1655,3013 1738,3011 1820,3009 1903,3008 1985,3006 2068,3004 2151,3002 2233,3000 2316,2998 2398,2997 2481,2995 2564,2994"/>
                <TextEquiv>
                    <Unicode>ist und sich weniger wehleidig betrachtet als dadurch um eine Stunde des Glückes oder der</Unicode>
                </TextEquiv>
            </TextLine>
            <TextLine id="r3l100" custom="readingOrder {index:99;}">
                <Coords points="895,3078 2549,3052 2573,3003 894,3042"/>
                <Baseline points="904,3073 987,3072 1070,3070 1153,3068 1236,3066 1319,3064 1402,3062 1485,3060 1568,3057 1651,3055 1734,3053 1817,3051 1900,3049 1983,3047 2066,3045 2149,3044 2232,3042 2315,3041 2398,3039 2481,3038 2564,3038"/>
                <TextEquiv>
                    <Unicode>dieser. Die er vielleicht im Abendrot seiner Lust reicher werden konnten? Haben wir je</Unicode>
                </TextEquiv>
            </TextLine>
            <TextLine id="r3l101" custom="readingOrder {index:100;}">
                <Coords points="898,3116 2422,3096 2574,3038 897,3084"/>
                <Baseline points="908,3116 990,3114 1073,3112 1156,3109 1239,3107 1322,3105 1404,3104 1487,3102 1570,3100 1653,3099 1736,3097 1818,3095 1901,3093 1984,3091 2067,3090 2150,3088 2232,3086 2315,3084 2398,3081 2481,3079 2564,3077"/>
                <TextEquiv>
                    <Unicode>verlorenen Tage doch noch lieben gelernt hätte, unsere Ruhe oder unser Leben aufs Spiel ge¬</Unicode>
                </TextEquiv>
            </TextLine>
            <TextLine id="r3l102" custom="readingOrder {index:101;}">
                <Coords points="1733,3146 2577,3132 2576,3086 2543,3083 1733,3107"/>
                <Baseline points="1743,3136 1784,3137 1825,3137 1866,3137 1907,3136 1949,3136 1990,3135 2031,3134 2072,3134 2113,3133 2155,3131 2196,3131 2237,3130 2278,3128 2319,3127 2361,3126 2402,3125 2443,3124 2484,3123 2525,3121 2567,3121"/>
                <TextEquiv>
                    <Unicode>setzt — nicht aus Lanne oder Leichtsinn; nein,</Unicode>
                </TextEquiv>
            </TextLine>
            <TextLine id="r3l103" custom="readingOrder {index:102;}">
                <Coords points="896,3153 1239,3171 1268,3149 1728,3144 1727,3105 1677,3101 1113,3130 896,3115"/>
                <Baseline points="906,3157 946,3155 987,3154 1027,3154 1068,3153 1108,3152 1149,3152 1189,3151 1230,3150 1270,3150 1311,3149 1352,3148 1392,3148 1433,3147 1473,3146 1514,3145 1554,3144 1595,3142 1635,3141 1676,3139 1717,3138"/>
                <TextEquiv>
                    <Unicode>Gabrielens Tochter, weiß, daß es zu spät ist:</Unicode>
                </TextEquiv>
            </TextLine>
            <TextLine id="r3l104" custom="readingOrder {index:103;}">
                <Coords points="901,3209 2578,3159 900,3157"/>
                <Baseline points="912,3199 994,3197 1077,3196 1160,3194 1243,3193 1325,3191 1408,3190 1491,3188 1574,3186 1656,3184 1739,3183 1822,3181 1905,3179 1987,3177 2070,3175 2153,3173 2236,3172 2318,3170 2401,3168 2484,3166 2567,3164"/>
                <TextEquiv>
                    <Unicode>so stürzt sie sich, zu verzärtelt, um mit dem um das Wohlergehen eines Wesens zu fördern,</Unicode>
                </TextEquiv>
            </TextLine>
            <TextLine id="r3l105" custom="readingOrder {index:104;}">
                <Coords points="1733,3220 2578,3225 2564,3163 2370,3188 1732,3178"/>
                <Baseline points="1745,3223 1786,3223 1827,3223 1868,3223 1909,3223 1950,3223 1991,3222 2032,3221 2073,3220 2114,3219 2156,3218 2197,3217 2238,3215 2279,3214 2320,3213 2361,3211 2402,3210 2443,3209 2484,3208 2525,3207 2567,3206"/>
                <TextEquiv>
                    <Unicode>das sich uns gegeben hatte? haben wir je auf</Unicode>
                </TextEquiv>
            </TextLine>
            <TextLine id="r3l106" custom="readingOrder {index:105;}">
                <Coords points="896,3247 1725,3229 1697,3192 1563,3185 895,3209"/>
                <Baseline points="907,3240 947,3240 987,3240 1028,3240 1068,3239 1108,3239 1149,3238 1189,3237 1229,3236 1270,3235 1310,3234 1350,3233 1391,3231 1431,3230 1471,3229 1512,3228 1552,3227 1592,3226 1633,3225 1673,3224 1714,3224"/>
                <TextEquiv>
                    <Unicode>Leidenden zu leiden, in den Teich in seinem Gar¬</Unicode>
                </TextEquiv>
            </TextLine>
            <TextLine id="r3l107" custom="readingOrder {index:106;}">
                <Coords points="1737,3269 2541,3262 2584,3240 2584,3199 2079,3240 1736,3223"/>
                <Baseline points="1748,3266 1789,3265 1830,3265 1871,3265 1913,3264 1954,3264 1995,3263 2036,3263 2078,3263 2119,3262 2160,3262 2201,3261 2243,3260 2284,3259 2325,3258 2366,3257 2408,3255 2449,3254 2490,3252 2531,3250 2573,3248"/>
                <TextEquiv>
                    <Unicode>ein Glück verzichtet, wenn dieser Verzicht nicht</Unicode>
                </TextEquiv>
            </TextLine>
            <TextLine id="r3l108" custom="readingOrder {index:107;}">
                <Coords points="901,3287 1534,3288 1730,3262 1713,3229 1518,3234 1492,3256 1422,3236 901,3254"/>
                <Baseline points="912,3284 952,3284 992,3284 1033,3284 1073,3283 1113,3282 1154,3281 1194,3281 1234,3279 1275,3278 1315,3277 1355,3276 1396,3274 1436,3273 1476,3272 1517,3271 1557,3270 1597,3269 1638,3268 1678,3267 1719,3267"/>
                <TextEquiv>
                    <Unicode>ten und macht sich ihm zu einer „Erinnerung“</Unicode>
                </TextEquiv>
            </TextLine>
            <TextLine id="r3l109" custom="readingOrder {index:108;}">
                <Coords points="1731,3315 2486,3314 2579,3289 2578,3268 2459,3256 1730,3278"/>
                <Baseline points="1741,3307 1782,3307 1823,3308 1865,3308 1906,3308 1948,3308 1989,3307 2030,3306 2072,3305 2113,3304 2155,3303 2196,3301 2237,3300 2279,3299 2320,3297 2362,3296 2403,3295 2444,3293 2486,3292 2527,3291 2569,3290"/>
                <TextEquiv>
                    <Unicode>wenigstens zu unserer Bequemlichkeit beigetra¬</Unicode>
                </TextEquiv>
            </TextLine>
            <TextLine id="r3l110" custom="readingOrder {index:109;}">
                <Coords points="905,3331 1696,3326 1730,3316 1729,3281 904,3304"/>
                <Baseline points="915,3327 955,3327 995,3326 1035,3326 1075,3325 1116,3325 1156,3324 1196,3322 1236,3322 1276,3321 1317,3320 1357,3318 1397,3318 1437,3316 1477,3315 1518,3314 1558,3313 1598,3311 1638,3311 1678,3309 1719,3308"/>
                <TextEquiv>
                    <Unicode>wie die anderen, die vor ihm und für ihn dahin¬</Unicode>
                </TextEquiv>
            </TextLine>
            <TextLine id="r3l111" custom="readingOrder {index:110;}">
                <Coords points="1748,3367 2485,3338 2590,3362 2588,3310 2542,3296 1747,3319"/>
                <Baseline points="1757,3354 1798,3353 1839,3352 1880,3350 1921,3349 1962,3348 2003,3347 2044,3347 2085,3346 2126,3345 2168,3344 2209,3343 2250,3343 2291,3341 2332,3340 2373,3339 2414,3338 2455,3336 2496,3335 2537,3332 2579,3330"/>
                <TextEquiv>
                    <Unicode>gen hätte? ... Und glauben Sie, daß wir von</Unicode>
                </TextEquiv>
            </TextLine>
            <TextLine id="r3l112" custom="readingOrder {index:111;}">
                <Coords points="903,3373 1567,3356 1624,3380 1732,3358 1731,3323 902,3343"/>
                <Baseline points="913,3375 953,3374 993,3372 1034,3371 1074,3369 1115,3368 1155,3366 1196,3365 1236,3364 1277,3362 1317,3361 1357,3361 1398,3360 1438,3359 1479,3358 1519,3357 1560,3357 1600,3356 1641,3356 1681,3356 1722,3356"/>
                <TextEquiv>
                    <Unicode>gegangen sind. „Und wenn uns ein Zug von</Unicode>
                </TextEquiv>
            </TextLine>
            <TextLine id="r3l113" custom="readingOrder {index:112;}">
                <Coords points="912,3419 2501,3398 2582,3356 911,3380"/>
                <Baseline points="922,3414 1004,3412 1086,3411 1169,3409 1251,3407 1334,3405 1416,3403 1499,3401 1581,3399 1664,3397 1746,3395 1828,3393 1911,3391 1993,3389 2076,3387 2158,3385 2241,3383 2323,3381 2406,3379 2488,3377 2571,3375"/>
                <TextEquiv>
                    <Unicode>Bacchanten begleitet hätte, den Weg hinab gehen einem Menschen — Mann oder Weib — irgend</Unicode>
                </TextEquiv>
            </TextLine>
            <TextLine id="r3l114" custom="readingOrder {index:113;}">
                <Coords points="904,3460 2516,3437 2578,3393 903,3420"/>
                <Baseline points="914,3456 996,3454 1079,3452 1162,3450 1244,3448 1327,3446 1410,3444 1492,3442 1575,3440 1658,3439 1741,3437 1823,3436 1906,3434 1989,3432 2071,3431 2154,3429 2237,3427 2319,3426 2402,3424 2485,3423 2568,3421"/>
                <TextEquiv>
                    <Unicode>wir alle allein — wir, die selbst nieman= etwas zurückfordern dürften, das wir ihm ge¬</Unicode>
                </TextEquiv>
            </TextLine>
            <TextLine id="r3l115" custom="readingOrder {index:114;}">
                <Coords points="901,3495 2294,3485 2592,3430 900,3460"/>
                <Baseline points="911,3497 994,3496 1078,3494 1161,3493 1245,3491 1328,3489 1412,3488 1495,3486 1579,3484 1662,3483 1746,3481 1829,3479 1913,3477 1996,3476 2080,3474 2163,3472 2247,3470 2330,3468 2414,3466 2497,3464 2581,3462"/>
                <TextEquiv>
                    <Unicode>dem gehört haben.“ Wie Fichtner, dem der schenkt hatten? Ich meine keine Perlschnur und</Unicode>
                </TextEquiv>
            </TextLine>
            <TextLine id="r3l116" custom="readingOrder {index:115;}">
                <Coords points="902,3537 2415,3532 2550,3519 2581,3466 901,3497"/>
                <Baseline points="912,3540 999,3538 1086,3537 1173,3535 1261,3533 1348,3532 1435,3530 1523,3528 1610,3526 1697,3525 1785,3523 1872,3521 1959,3519 2047,3517 2134,3515 2221,3513 2309,3511 2396,3509 2483,3507 2571,3504"/>
                <TextEquiv>
                    <Unicode>Sohn die Hand verweigert, schreitet nun auch keine Rente und keine wohlfeile Weisheit, son¬</Unicode>
                </TextEquiv>
            </TextLine>
            <TextLine id="r3l117" custom="readingOrder {index:116;}">
                <Coords points="903,3590 2548,3560 2591,3495 902,3558"/>
                <Baseline points="912,3583 995,3580 1078,3578 1162,3577 1245,3575 1329,3574 1412,3573 1496,3571 1579,3570 1663,3569 1746,3568 1829,3567 1913,3565 1996,3563 2080,3561 2163,3559 2247,3557 2330,3554 2414,3551 2497,3547 2581,3543"/>
                <TextEquiv>
                    <Unicode>Sala einsam den Pfad gen Abend, in die Nacht, dern ein Stück von unserem Wesen — eine</Unicode>
                </TextEquiv>
            </TextLine>
            <TextLine id="r3l118" custom="readingOrder {index:117;}">
                <Coords points="909,3652 2544,3625 2595,3567 907,3589"/>
                <Baseline points="919,3625 1002,3624 1085,3623 1168,3622 1252,3621 1335,3620 1418,3619 1502,3617 1585,3616 1668,3614 1752,3613 1835,3611 1918,3609 2001,3607 2085,3605 2168,3603 2251,3601 2335,3598 2418,3596 2501,3593 2585,3590"/>
                <TextEquiv>
                    <Unicode>Er beklagt sich auch gar nicht weiter darüber; er Stunde unseres Daseins, das wir wirklich an</Unicode>
                </TextEquiv>
            </TextLine>
            <TextLine id="r3l119" custom="readingOrder {index:118;}">
                <Coords points="2262,3671 2279,3667 2291,3671 2302,3669 2306,3664 2333,3668 2343,3659 2358,3659 2357,3607 2340,3605 2328,3609 2319,3603 2311,3612 2294,3608 2280,3619 2261,3619"/>
                <Baseline points="2272,3653 2297,3651 2322,3651 2348,3651"/>
                <TextEquiv>
                    <Unicode>12</Unicode>
                </TextEquiv>
            </TextLine>
            <TextLine id="r3l120" custom="readingOrder {index:119;}">
                <Coords points="953,3676 1185,3699 1233,3675 1393,3664 1555,3691 1611,3673 1610,3639 1497,3621 1397,3641 952,3643"/>
                <Baseline points="963,3677 994,3677 1026,3677 1058,3677 1090,3676 1122,3676 1153,3675 1185,3675 1217,3674 1249,3673 1281,3672 1312,3671 1344,3669 1376,3669 1408,3668 1440,3666 1471,3665 1503,3664 1535,3663 1567,3662 1599,3661"/>
                <TextEquiv>
                    <Unicode>Monatshefte, XCVI. 571. — April 1901.</Unicode>
                </TextEquiv>
            </TextLine>
            <TextLine id="r3l121" custom="readingOrder {index:120;}">
                <Coords points="2390,3988 2409,3987 2418,3995 2424,3995 2430,3989 2434,3993 2449,3990 2461,3981 2478,3985 2475,3908 2461,3908 2448,3900 2442,3903 2437,3899 2433,3903 2402,3902 2388,3907"/>
                <Baseline points="2400,3965 2433,3964 2466,3963"/>
                <TextEquiv>
                    <Unicode>8</Unicode>
                </TextEquiv>
            </TextLine>
            <TextEquiv>
                <Unicode>
box 36/1
1. Panphlets offprints
153
Dramatische Rundschau.
bangen Mädchens
Fichtner sein Vater, ist ihm eine Wahrheit ohne nimmt es nur als den gerechten Lohn für ein
war bereit zur
Kraft: für ihn hat sich damit nichts geändert. Leben, das niemandem Liebe geschenkt hat, das
nicht für jemand anderen auf der Welt war.
icke sank dem gro¬
Das Andenken seiner Mutter — erst nach deren
„Was hat das, was unsereiner in die Welt
vor den Folgen
Tod erfährt er von ihren Beziehungen zu Ficht¬
bringt, mit Liebe zu tun? Es mag allerlei
sich laden würde.
ner — bleibt ihm so heilig wie zuvor, und der
Lustiges, Verlogenes, Zärtliches Gemeines, Lei¬
nd vor den Rie¬
Mann, in dessen Haus er geboren und aufer¬
t vor die offenen
zogen ist, der seine Kindheit und seine Jugend
uft schieben wür¬
mit Sorgfalt und Zärtlichkeit umgeben und der
iner Jugend, die
seine Mutter geliebt hat, gilt ihm hinfort eher
cht feil auch für
mehr noch als bisher. Fichtner selbst aber, des¬
Einsam geht der
sen Selbstsucht es nicht über sich vermochte, das
nd das Jugend¬
Andenken der Geliebten rein zu erhalten, erscheint
Erinnerung, die
ihm seitdem sremder denn je. Ich darf hier die
t, die nur ein
Leser wohl an Marie v. Ebner=Eschenbachs dra¬
seinem Genuß¬
matische Skizze „Ein Sportsmann“ erinnern, die
er das Alter ihn
vor einiger Zeit in den „Monatsheften“ erschie¬
Inrast von ihm
nen ist (Oktober 1903). Auch hier tritt der
hlen beginnt, da
Sohn, Offizier gleich Felix Wegrath, vom Sterbe¬
Glück zu geben
bette seiner Mutter seinem väterlichen Freunde
och einen Men¬
gegenüber, dem er, ohne es zu wissen, das Leben
en weiter auf
verdankt. Dieser aber zwingt, der Toten zuliebe,
Und i
die weich und verführeriich in ihm ausquellenden
aubt er,
Vatergefühle für den prächtigen Burschen mit
edarf, er an
harter Faust nieder und geht mit Willen auch
Der Sohn,
 im Alter einsam seinen Weg weiter.
jnet hat, kann
Bei Schnitzler wie bei der Ebner bleibt die
sobald er ihm
Gestalt der Mutter verschleiert im Hintergrund.
bart!
Aber er
Kein strafender Strahl fällt auf ihr Haupt; Liebe,
er meint,
die einem anderen sich schenkte, braucht nicht zu
entliche“. Daß
fühnen. An Stelle Gabrieles aber büßt bei
4
Schnitzler ihre von Ahnungen umsponnene Toch¬
ter Johanna. In ihr wiederholt sich zum Teil
das Schicksal der Mutter. Wieder scheint der
Dichter zu fragen: Was ist Gegenwart, was ist
Vergangenheit? Der sich Traum und Wirklich¬
keit unleusch verschlingen wie Beatrice Nardi,


der vor Leid und Krankheit unweiblich graut,
##

die mit sich und anderen spielt, der nicht das #


Frauenglück vergönnt ist, sich einem anderen

hoffend und helfend zu geben — sie verliert sich
an einen Todeskandidaten, einen unsteten, wul¬ Stto Sommerstorff als Sangiorgio in dem Schauspiel
„Novella d'Andrea“ von Ludwig Fulda.
zellosen Gast auf dieser dunklen Erde, dem von
jeher aller Schmerz und alles Glück nur eine
Sensation für seine spielerisch eitle Seele bedeu= denschaftliches sein, das sich als Liebe ausgibt.
teten. Dieser schöngesstige Herr von Sala, der aber Liebe ist es doch nicht. Haben wir jemals
vom Künstler nur die immer bereite, immer ein Opfer gebracht, von dem nicht unsere Sinn¬
hungtige Empfänglichkeit hat, ist ein Partner lichkeit oder unjere Eitelkeit ihren Vorteil gehabt
Fichtners, gleich ihm ein Spieler in der Lebens= hätte? haben wir je gezögert, anständige Men¬
komödie, nur daß er sich über sich selbst klar schen zu betrügen oder zu belügen, wenn wir
ist und sich weniger wehleidig betrachtet als dadurch um eine Stunde des Glückes oder der
dieser. Die er vielleicht im Abendrot seiner Lust reicher werden konnten? Haben wir je
verlorenen Tage doch noch lieben gelernt hätte, unsere Ruhe oder unser Leben aufs Spiel ge¬
setzt — nicht aus Lanne oder Leichtsinn; nein,
Gabrielens Tochter, weiß, daß es zu spät ist:
so stürzt sie sich, zu verzärtelt, um mit dem um das Wohlergehen eines Wesens zu fördern,
das sich uns gegeben hatte? haben wir je auf
Leidenden zu leiden, in den Teich in seinem Gar¬
ein Glück verzichtet, wenn dieser Verzicht nicht
ten und macht sich ihm zu einer „Erinnerung“
wenigstens zu unserer Bequemlichkeit beigetra¬
wie die anderen, die vor ihm und für ihn dahin¬
gen hätte? ... Und glauben Sie, daß wir von
gegangen sind. „Und wenn uns ein Zug von
Bacchanten begleitet hätte, den Weg hinab gehen einem Menschen — Mann oder Weib — irgend
wir alle allein — wir, die selbst nieman= etwas zurückfordern dürften, das wir ihm ge¬
dem gehört haben.“ Wie Fichtner, dem der schenkt hatten? Ich meine keine Perlschnur und
Sohn die Hand verweigert, schreitet nun auch keine Rente und keine wohlfeile Weisheit, son¬
Sala einsam den Pfad gen Abend, in die Nacht, dern ein Stück von unserem Wesen — eine
Er beklagt sich auch gar nicht weiter darüber; er Stunde unseres Daseins, das wir wirklich an
12
Monatshefte, XCVI. 571. — April 1901.
8</Unicode>
            </TextEquiv>
        </TextRegion>
        <TextRegion orientation="0.0" id="r4" custom="readingOrder {index:3;}">
            <Coords points="2562,3857 2562,4014 2658,4014 2658,3857"/>
            <TextLine id="r4l1" custom="readingOrder {index:0;}">
                <Coords points="2549,3986 2611,3991 2637,3990 2647,3985 2666,3988 2672,3901 2658,3900 2654,3895 2587,3895 2583,3890 2556,3888"/>
                <Baseline points="2562,3958 2594,3957 2626,3960 2658,3964"/>
                <TextEquiv>
                    <Unicode></Unicode>
                </TextEquiv>
            </TextLine>
            <TextEquiv>
                <Unicode></Unicode>
            </TextEquiv>
        </TextRegion>
    </Page>
</PcGts>
