3344 4320
1527 198 1980 291 box 36/1
269 216 1381 317 Panphlets offprints
1549 888 2074 982 Dramatische Rundschau.
181 980 666 1064 ion seines Werkes festzu¬
187 1049 649 1102 siren in lebenswahrer Kör¬
200 1088 673 1153 gerichtiger Psychologie aus¬
198 1131 662 1196 zustellen. Bitterer Ernst
221 1173 664 1232 stehen hart und unver¬
218 1220 669 1278 ohne sich gegenseitig zu
187 1248 672 1316 de Naturtöne echter Leiden¬
202 1307 664 1367 schrill durch Bänkelsänger¬
198 1339 658 1408 zerrissen. Das Thema ist
213 1389 674 1447 Stürmern und Drängern
202 1434 666 1493 hunders so beliebte: der
195 1479 661 1539 Frauen. Nicht von unge¬
212 1526 671 1581 der beiden Bierbaumschen
208 1564 663 1624 ie der junge Schmieren¬
204 1609 661 1670 euerkopf Johann Christian,
221 1656 664 1708 getreues Abbild des un¬
230 1691 658 1744 oeten Joh. Christ. Gün¬
223 1739 672 1792 den Namen der Goethi¬
215 1784 666 1838 von der Rokokosphäre des
225 1821 674 1882 s, in die so stürmisch
214 1865 675 1928 revangelium bläst, begegnet
207 1909 675 1978 tücke, nur daß doch auch
1038 1928 2644 2013 Dekoration zu Lessings „Minna von Barnhelm“. Nach der Aufführung im „Neuen Theater“ zu Berlin.
230 1955 671 2011 noderne Noten, die der
201 2003 671 2050 nd die der Perversität, das
1852 2014 2677 2077 vergessen ist, tat das zum Jubel der Wiener die
1001 2024 1826 2089 rin Antonie, als diese noch einmal ihren Weg
206 2046 667 2094 dem Direktor der wandern¬
1855 2050 2677 2117 immer noch anmutige Frau Kathi Schratt; in
1003 2085 1836 2140 kreuzt, und Johann Christian, dessen ungestorbene
238 2076 665 2140 seine Stella, sein leiden¬
1850 2103 2673 2167 der deutschen Reichshauptstadt hatte, um am
996 2119 1833 2176 Liebe zu der vornehmen Komtesse so offenbar
222 2134 669 2181 mit einem anderen davon¬
1848 2140 2677 2211 „Berliner Theater“ dieses Vorzugs gewürdigt zu
997 2161 1836 2216 wird, räumt mit demselben noch vom Herzblut
236 2167 681 2230 n die vornehme Grafen¬
1852 2187 2690 2257 werden, die immer noch charmante Jenny Groß
995 2206 1840 2266 der Geliebten geröteten Dolche dann sich selbst
236 2207 675 2270 verlangendes Blut sich
1854 2235 2666 2289 eigens ihren Vertrag mit dem „Residenztheater“
1001 2244 1841 2307 aus dem Leben, während Stella, von ihrem
206 2258 678 2316 ben steifer Konvenienz nach
1845 2281 2680 2337 gelöst. Die große Hofstaatstoilette im ersten Akte
1012 2289 1843 2355 Stichwort gerufen, auf die Bretter hüpft. In
207 2300 677 2349 schäuwender Jugendlichkeit
1915 2316 2690 2384 Rock und Mieder von schwerstem weißem
1010 2327 1843 2391 der zweiten Fassung ersticht Johann Christian
226 2343 675 2397 en wilden Falken für sich
1847 2369 2693 2426 Atlas mit großen Rosen in echter Silber=Relief¬
1005 2374 1842 2433 sich, als er bei einer unerwarteten Begegnung
224 2387 692 2447 gebändigte Naturlind ihren
1858 2397 2692 2468 stickerei, halblangen Alengonspitzenärmeln und
1012 2421 1835 2480 mit Antonie, der inzwischen Vermählten, erfahren
206 2431 672 2490 dienstbar zu machen. Ja,
1861 2446 2665 2504 einer ungeheuren hermelinbesetzten Kurschleppe —
1005 2465 1842 2523 muß, daß diese höhnisch über ihn hinwegsieht, und
227 2469 691 2532 an den Qualen, die der
1861 2479 2682 2546 bildete dabei die pièce de résistance. Man
1011 2511 1842 2559 nachdem dem Cyniker auch Stellas girrende Ver¬
223 2513 681 2575 #ee gesteckte Dichter und
1858 2531 2686 2593 sieht: Kleider machen manchmal nicht nur Leute,
1013 2548 1855 2621 liebtheit mittlerweile zuwider geworden ist. Man
252 2552 690 2614 der hohlen Gesellschaft
1851 2587 2661 2640 sondern auch Theaterstücke und Theatererfolge.
1011 2595 1850 2662 muß sich schon ein starkes, liebevolles Gedächt¬
218 2597 682 2663 nd seine und ihre Wangen
1885 2622 2697 2689 Fürstliche Kronenträger werden auch sonst von
1005 2632 1847 2688 nis für die lyrischen Schönheiten des ersten und
245 2644 688 2699 eimlichen Küssen, die sie
1857 2654 2695 2719 den modernen Dramatikern gern auf die welt¬
1010 2678 1849 2733 zweiten Aktes bewahrt haben, um über die un¬
248 2684 689 2740 all im heimlichen Garten¬
1857 2713 2698 2766 bedeutenden Bretter gezogen; aber selten wird
1022 2713 1853 2782 künstlerische Willkür des letzten Aufzuges unver¬
216 2728 686 2790 n. Als Johann Christians
1868 2734 2690 2808 ihre Majestät dabei so liebenswürdig behandelt
1012 2764 1852 2835 stimmt hinwegzusehen. Aber auch dann scheidet
238 2764 687 2834 weiflung aufs höchste ge¬
1868 2782 2701 2846 wie in Schönthans Maria=Theresia=Schwank.
1017 2811 1850 2867 man noch mit dem Eindruck: der klangfrohe
266 2817 690 2871 ends eine verirrte, vom
1859 2833 2693 2896 Der kritische Zug unserer Zeit, der alle Schleier
1016 2856 1853 2900 Lyriker und phantasievolle Fabulierer Bierbaum
278 2862 683 2918 erzauste Harfenspielerin
1867 2867 2694 2940 lüftet und alle Kronen auf ihren inneren Gold¬
1012 2890 1848 2954 hat wohl den Drang, noch nicht aber den Beruf
365 2901 695 2961 ingt. Er erkennt
1865 2914 2698 2980 gehalt prüft, macht auch vor Königen und Kai¬
1018 2944 1853 2993 zum Drama, das vor allem anderen einen inne¬
335 2943 692 3005 nach kurzem Kampfe
1862 2958 2700 3019 sern nicht mehr Halt. Eine der kecksten dieser
1018 2981 1859 3035 ren Konflikt (hier also den zwischen Kunst und
362 2989 689 3043 e, aus dem golde¬
1876 3010 2694 3072 Simplicissimus=Dramen ist „Die Doppelgän¬
1027 3021 1858 3092 Natur, Freiheit und Sitte) zu knüpfen und zu
424 3028 704 3084 e Antonie ihn
1861 3043 2703 3116 gerkomödie“ des Finnen Adolf Paul (Buch¬
1011 3072 1409 3128 lösen verstehen muß.
398 3075 696 3134 usen der Natur.
1871 3085 2704 3147 ausgabe bei Alfr. Janssen, Hamburg), die das
1068 3108 1857 3167 Eine seltsame Blüte hat der lange schon un¬
431 3114 694 3174 erneute Bund
1869 3125 2714 3199 „Kleine Theater“ in Berlin, die Geburtsstätte der
1020 3146 1863 3206 fruchtbar dastehende Strauch des historischen Lust¬
429 3160 698 3223 rerweisen als
1878 3167 2705 3233 Serenissimusscherze, erst nach hartem Kampf aus¬
1026 3184 1864 3250 spiels getrieben. Franz von Schönthau hat
378 3202 697 3263 rinnerung an die
1875 3214 2700 3274 den Händen der Zensur befreien konnte. Das
1025 3235 1856 3294 sich die große „Maria Theresia“ zur Heldin
422 3244 695 3303 ingen, die die
1868 3253 2714 3321 Thema vom Doppelgängertum wandert seit Jahr¬
1020 3274 1858 3338 einiger recht kleinlicher, an Geist wie Witz be¬
431 3288 702 3346 dem Befreiten
1871 3292 2707 3365 hunderten schon durch die Weltliteratur: von
1026 3322 1859 3377 scheidener Liebes= und Eifersuchtsszenen erkoren,
441 3332 693 3386 nal das Glück
1869 3344 2710 3400 Plautus' Zwillingen über Shakespeare bis auf
1029 3361 1859 3419 die ebensogut im Hause Müller oder Schulze
426 3375 693 3434 geschwankt, wie
1881 3388 2716 3452 Molière=Kleists „Amphitryon“. Aber besser als
1033 3404 1875 3476 wie im Hause Habsburg hätten spielen können.
421 3419 699 3478 lter Natur und
1874 3425 2718 3490 mit diesen oder ähnlichen Stücken vergleicht sich
1035 3449 1870 3507 Historisch ist an den vier Akten nichts weiter
459 3462 699 3520 — daher die
1880 3466 2707 3534 Pauls Komödie mit Wedelinds letzthin der be¬
1034 3502 1871 3558 als eine hübsche Sammlung artiger Anetdoten
429 3502 700 3563 inneren Wahr¬
1031 3516 2709 3591 aus Arneth oder Broglie und — was den Erfolg sprochener Komödie „So ist das Leben": ein
427 3547 701 3612 kenschen ein so
1026 3549 2709 3634 des Stückes ausgemacht hat — das Sortiment Königsspiel steht dort wie hier im Mittelpunkt
455 3593 709 3647 zn der ersten
1034 3609 2716 3684 glänzender Toiletten, das die Tarstellerin der der Handlung, in der Maske eines anderen erst
427 3635 703 3695 nentvoller und
1036 3634 2714 3715 Titelrolle zur Schau trägt. An der schönen besinnt sich der Held dort wie hier auf sein wah¬
429 3677 701 3739 ihrer Flatter¬
1025 3682 2725 3761 blauen Donau, wo die leutselige Kaiserin un= res Selbst. Ein Geiger, der dem König so aufs
455 3721 714 3791 eNebenbuhle¬
2088 3985 2959 4121 e
1463 4023 2087 4123 en   eae
