3392 4320
2119 231 2295 295 —
168 276 1349 389 1. Panphlets offnrints
1498 293 1958 386 box 36/7
171 911 434 970 Heft 9 u. 10
1613 896 1917 972 „Die Quelle“
2546 900 2717 973 Seite 13
819 903 1104 972 Heft 9 u. 10
206 1026 450 1093 ein Abend
796 1026 1775 1086 um Verzeihung bitten — ich weiß es . .. Nun,
1811 1033 2743 1118 Der Spiegel des Hauses Uller.
199 1077 452 1147 Fritzi war
799 1088 1768 1152 scheint mir, habe ich nichts mehr zu sagen. Es
1865 1104 2694 1180 Ein Zeitgemälde von Rudolf Dattler, Wien.
149 1130 404 1189 par allein —
790 1135 1770 1191 schlägt eins. Gute Nacht, meine Lieben. Nun
162 1181 450 1245 eift nicht, daß
1853 1172 2766 1232 Zum zweitenmale im Verlaufe eines Viertel¬
802 1184 1771 1238 geh' i, noch einmal ins Nebenzimmer und küsse
154 1233 449 1290 heures Grauen
1794 1233 2775 1292 jahrhunderts war das Städtchen aus der gleichen
789 1232 1726 1283 mein Kind und meine Frau zum letzten Mal —
170 1278 447 1342 n glühenden
787 1283 1496 1352 dann geh’ ich fort. — Lebt wohl.
1791 1279 2776 1338 Ursache in große Aufregung versetzt worden. In
200 1323 435 1393 ärten emp¬
1793 1332 2770 1384 beiden Fällen handelte es sich um das spurlose
1792 1379 2774 1436 Verschwinden von stadtbekannten Persönlichkeiten.
190 1383 440 1437 ang wartete
985 1390 1573 1474 Anfang vom Ende.
225 1429 440 1486 ie wieder¬
1864 1429 2773 1496 Vor fünfundzwanzig Jahren hatte Willy von
1042 1465 1518 1520 Don Arthur Schnitzler, Wien.
255 1469 429 1542 Tore ge¬
1782 1485 2780 1540 Uller, der Besitzer eines an der Gemarkung der
789 1514 1662 1579 Daß all' das Schöne nun längst zu Ende,
258 1518 435 1581 s. Dies
1789 1528 2771 1602 Stadt gelegenen feudalen Landhauses, eine Reise
792 1563 1386 1626 Wie könntest du's verstehn?
218 1577 260 1637 e,
266 1571 428 1634 als ich
1788 1589 2776 1636 angetreten, von der er nie zurückgekehrt war. Jetzt
788 1612 1581 1675 Ich hab' ja die lieben, süßen Hände
288 1625 439 1681 emerkt
1792 1639 2770 1686 war Daisy Gräfin von Schart spurlos verschwunden!
788 1658 1545 1738 Geküßt beim Kommen und Gehn;
1783 1673 2768 1739 Ein innerer Zusammenhang zwischen diesen beiden
302 1672 429 1732 acken
1784 1735 2778 1782 Ereignissen war nicht herzustellen, da sie ja ein
320 1731 421 1782 ganz
792 1730 1660 1811 Und hab' in deinem dämmrigen Zimmer
1786 1768 2765 1839 Vierteljahrhundert auseinanderlagen, wohl aber
307 1770 426 1830 wußte
787 1797 1364 1859 Mit dir gekost und gelacht
1794 1823 2764 1881 hatten vor dieser Zeit die Klatschbasen der Stadt
366 1826 426 1873 ter
792 1833 1744 1906 Und hab' auch geplaudert mit dir wie immer
1790 1873 2778 1937 über gewiße Beziehungen zwischen der Gräfin und
784 1886 1506 1964 Bis spät, bis spät in die Nacht.
316 1923 419 1981 erzen
1795 1919 2407 1988 Herrn von Uller gemunkelt ..
307 1966 422 2031 t, daß
802 1965 1675 2048 Im Heimgehn wieder, durch stille Gassen,
1854 1967 2766 2031 Über das Verschwinden des Herrn von Uller
289 2016 412 2075 n den
1794 2028 2766 2080 war man längst zur Tagesordnung übergegangen.
793 2010 1394 2071 Schlich's über mich so bang,
1789 2072 2772 2129 Selbst in dem kleinsten Neste treten immer wieder
782 2063 1617 2131 Wie ich mein armes Mädel verlassen,
309 2116 415 2173 alles
1784 2122 2763 2180 Ereignisse oder Ereignischen ein, die vorange¬
784 2114 1447 2189 So lange schon! ach wie lang!
1789 2164 2774 2221 gangene Geschehnisse — und hätten sie die gute
783 2184 1678 2261 Doch, daß ich so einsam von dir gegangen,
352 2214 412 2266 ter
1788 2211 2766 2263 Stadt noch so sehr aufgeregt — vergessen machen.
786 2244 1431 2305 Wie käm's dir denn zu Sinn,
1866 2275 2777 2323 Wer aber nicht so leicht über das Verschwinden
793 2293 1673 2358 Und daß ich von deinem Arm umfangen,
1786 2318 2766 2364 des Herrn von Uller hinwegkam, das waren — die
363 2317 410 2370 n
791 2341 1311 2406 So endlos fern dir bin!
1785 2369 2767 2422 Möbel in seinem Landhause. Erst taten sie sehr
1789 2411 2778 2475 aufgeregt, dann tieftraurig, schließlich langweilten
807 2411 1560 2483 Ich will ja morgen wieder kommen
1800 2459 2767 2519 sie sich, weil kein Mensch da war, der sich ihrer
790 2464 1315 2533 Mit lächelndem Gesicht:
1786 2513 2775 2567 hätte bedienen dürfen. Das Haus war nämlich nach
794 2522 1763 2573 Und daß ich längst Abschied von dir genommen,
1787 2555 2772 2616 Feststellung des darin Vorhandenen vom Gerichte
796 2563 1097 2634 Mein Mädel,
1145 2565 1701 2638 Du weißt's ja nicht ...
1789 2620 2765 2669 gesperrt worden und konnte erst wieder geöffnet
1780 2660 2769 2716 werden, nachdem die verschiedenen Prozesse erledigt
1106 2691 1459 2767 Tiebeslied.
1792 2703 2771 2766 waren, die zur Freude der Herren Advokaten jene
1047 2758 1527 2811 Von Robert Reinhard, Wien.
1787 2756 2763 2815 gegeneinander führten, die auf das Vermögen des
1787 2806 2761 2857 Herrn von Uller Anspruch zu haben vermeinten.
885 2801 1568 2877 Du bist so lieb und bist so gut,
1866 2853 2769 2906 Weil nun durch soviele Jahre niemand diese
884 2861 1593 2925 Wie wallt mein ungestümes Blut
1777 2899 2765 2963 Kostbarkeiten benützte, erwachten die Möbelstücke
899 2910 1429 2987 In deiner holden Nähe.
1786 2957 2761 3011 aus ihrer todesähnlichen Ruhe und gähnten sich
885 2983 1661 3056 Wie lockt dein kirschenfrischer Mlund,
1783 3003 2767 3065 schließlich zu Wesen wach, die ganz nette Ge¬
891 3038 1639 3090 Nach einem Nuß aus Herzensgrund
1793 3052 2761 3111 spräche führten. Sie hatten ihrem letzten Besitzer
885 3090 1500 3155 Dor Sehnsucht ich vergehe. —
1783 3111 2778 3160 gar manches abgeguckt, das sie ihm nun mit
1789 3142 2773 3207 größerem oder geringerem Geschick nachäfften. Vor
884 3161 1579 3228 Denn deiner Augen mildes Ticht
1783 3195 2778 3244 allem war jedes der Dinge unsagbar stolz auf
882 3215 1578 3281 Zu mir vertraute Worte spricht,
1777 3245 2762 3305 seine hohe Wichtigkeit. Bis zum Größenwahn ge¬
884 3265 1478 3334 Und dringt in meine Seele.
1785 3293 2770 3360 steigertes Selbstgefühl war diesen Herrschaften
896 3338 1560 3403 0) daß der liebestrunkene Blick
1782 3340 2713 3396 eigen, die doch sonst nur stumme Diener sind.
1865 3386 2765 3444 Eines Tages ließ sich der Schreibtisch, ein
883 3388 1578 3446 Mir brächte neues, reines Glück
1785 3440 2775 3510 Prachtstück aus Mahagoni, im Stil der Zeit des
883 3441 1544 3515 Und mich zum Kampfe stähle.
1805 3488 2586 3541 Sonnenkönigs Ludwig, also vernehmen:
886 3517 1611 3575 Sagt ja der zarte Druck der Hand,
1871 3538 2770 3600 „Am liebsten hatte unser gute Herr wohl mit
888 3566 1647 3637 Daß ich den Weg zum Herzen fand,
1784 3591 2762 3648 mir zu tun! Was war ich ihm nicht alles, was
876 3617 1381 3690 Was einzig ich erflehe.
1786 3631 2769 3682 hat er mir nicht alles anvertraut! Vor mir hatte
1779 3686 2769 3736 er absolut kein Geheimnis; was je sein Inner¬
883 3685 1614 3757 Denn du bist lieb und du bist gut,
1787 3737 2771 3792 stes bewegte, hat sicher einmal auch mein Inneres
883 3745 1610 3804 Wie wallt mein ungestümes Blut
1783 3791 2768 3844 beschäftigt. Ich verstand es, jedes seiner Geheim¬
892 3796 1413 3872 In deiner holden Nähe.
1795 3828 2774 3897 nisse zu bewahren . .. Kurz bevor unser Herr
