3436 4448
2152 138 2317 206 ——
1513 223 1954 306 box 36/7
170 233 1342 326 1. PanphietsOfforints
2215 715 2490 781 Heft 0 u. 10
1382 728 1668 800 „Die Quelle“
570 759 746 819 Seite 8
1619 841 2533 905 Arthur Schnitzler hat uns bereits 22 Bücher
631 861 1525 941 Aber schon das nächste Buch „Caritas“ (1904)
1547 890 2540 971 geschenkt. Der mir zur Verfügung stehende Raum
545 925 1524 983 hatte einer geschrieben, der den bitteren Realismus
1557 951 2534 1010 macht es leider unmöglich, auf diese Werke so
555 967 1533 1032 des Lebens am eigenen Leibe erfahren hatte.
1556 993 2558 1073 einzugehen, wie sie es verdienten. Seinen sieben
561 1012 1530 1084 Leidenschaftliche Anklage und schärfste Ironie
1562 1038 2538 1112 Einaktern „Anatol“ (1893), die in diesem Blatte
562 1065 1522 1143 sprechen aus diesen Erzählungen und kein ver¬
1561 1086 2540 1163 bereits in der Rudolf Greinz=Nummer eingehend
563 1125 1532 1179 söhnender Ton wird laut. Die Stimmung zweier
1550 1143 2539 1202 besprochen wurden, ließ Schnitzler das Schauspiel
562 1165 1538 1242 Einakter aus dieser Zeit ist ähnlich. „Die Bild¬
1558 1188 2551 1268 „Märchen“ (1894) folgen, in dem er ein später
558 1213 1528 1281 schnitzer“ (1900) nennt der Dichter eine „Tra¬
1564 1233 2547 1306 oft variiertes Thema anschlägt: „Die unberührte
556 1260 1527 1334 gödie braver Leute" und in „Karrnekleut“
1557 1283 2549 1356 Jungfräulichkeit des Weibes vor der Ehe.“ Die
564 1306 1544 1381 (1904) schauen wir das ganze Elend des Volkes,
1556 1348 2540 1400 Novelle „Sterben“ (1895) zeigt mit erschüttern¬
557 1366 1254 1434 dessen Heimat die Landstraße ist.
1563 1403 2556 1450 der Tragik, wie die Gewißheit eines nahen Todes
641 1405 1526 1472 Das fünfaktige Drama „Sonnwendtag“
1563 1437 2551 1506 die edelsten Gefühle im Menschen allmählich er¬
577 1457 1557 1534 (1902) ist ganz zeitgemäß. Klerikale Bauern und
1573 1479 2556 1553 tötet, wie wir feig werden und brutal, wie die
565 1517 1547 1576 deutschnationale Turner geraten aneinander und
1567 1540 2553 1596 Angst vor dem Tode unser ganzes Denken und
570 1556 1540 1632 zwischen beiden Parteien steht ein Student, der
1573 1579 2551 1655 Fühlen umklammert. Das Schauspiel „Liebelei“
579 1605 1547 1673 nicht Geistlicher werden will, obwohl dies der
1575 1630 2564 1702 (1896) machte den Dichter berühmt. Es ist aus
579 1670 1244 1731 Herzenswunsch seiner Mutter ist.
1569 1679 2559 1747 der Stimmung „Anatols“ herausgeschrieben. Die
648 1697 1538 1778 Hatte Schönherr mit seinem Stück „Familie“
1574 1732 2569 1801 Tragik des Stückes spricht Christine, eine
588 1752 1559 1833 (1906) keinen dauernden Erfolg erzielt, so begrün¬
1578 1774 2565 1853 wahrhaft Gocthesche Gestalt so aus: „Ich bin
576 1797 1553 1862 dete das Drama „Erde“ (1907), eine „Komödie
1584 1828 2567 1901 ihm nichts gewesen als ein Zeitvertreib — und für
583 1845 1554 1915 des Lebens“ genannt, seinen Ruhm. Der Grund¬
1569 1873 2571 1940 eine andere ist er gestorben!" Eine harte Anklage
585 1911 1550 1972 gedanke dieser an glänzender Charakteristik über¬
1580 1938 2561 2002 gegen die Gesellschaft wird im „Freiwild“ (1898)
582 1955 1560 2023 reichen Dichtung läßt sich durch einen Satz aus
1580 1968 2567 2038 erhoben. Schnitzler verstand es hier trefflich, das
602 2010 1568 2080 „Sonnwendtag ausdrücken: „... daß unser
1588 2017 2574 2094 tragische Los der Provinzschauspielerinnen auf
592 2050 1561 2125 Kind ein Heimatl haben soll, so wie ich eins
1585 2087 2559 2140 das Theater zu bringen. Aus der Novelletten¬
594 2106 1561 2169 g’habt hab und wie du eins g’habt hast, und wie
1589 2121 2572 2191 sammlung „Die Frau des Weisen“ (1898)
596 2142 1565 2222 unsere Eltern und alle vor uns ein Heimatl g’habt
1592 2171 2577 2240 sei als Meisterwerk das Seelengemälde „Ein
595 2195 1566 2266 hab'n.“ Grund und Boden unter den Füßen zu
1597 2234 2581 2289 Abschied“ hervorgehoben. Daß die freie Ehe
594 2250 1580 2313 haben, der ein eigener ist, und sei er felsenhart
1589 2281 2568 2353 oft viel erhabener und heiliger ist als die vor
599 2304 1566 2380 gefroren, das ist der einzige Wunsch der Menschen
1592 2318 2583 2390 dem Priester geschlossene, beweist das Schauspiel
599 2345 1564 2411 in „Erde“. Wie innig sie mit dieser Erde ver¬
1603 2387 2287 2450 „Das Vermächtnis“ (1898).
593 2396 1570 2463 wachsen sind, das zeigen die Worte des alten Grutz,
1681 2412 2562 2491 „Wir spielen immer; wer es weiß ist klug.“
590 2445 1582 2503 der immer wieder von seinem Siechenbett aufkommt:
1597 2479 2579 2544 Dieser Satz ist das Leitmotiv von Schnitzlers
599 2499 1563 2575 „Wer mir auf mein Feld über die Jungsaat hin¬
1604 2527 2576 2584 Werken und er kehrt stets in irgend einer Form
607 2532 1575 2606 lauft... da ist mir's grad, als trampelt mir eins auf
1598 2566 2582 2627 wieder. Deutlich behandelt ist er zum erstenmal
608 2599 1575 2661 mein' Leib umanand'! Wer mit der Hack'n in meine
1600 2615 2588 2685 in dem Versspiel „Paracelsus“, das mit dem
601 2634 1571 2716 frischen Waldbäum' einhaut — der trifft mi'!“
1607 2659 2582 2731 ergreifenden Schauspiel „Die Gefährtin“ und
677 2688 1582 2767 Nachdem der Dichter mit seinem Märchendrama
1594 2710 2569 2797 der genialen Groteske „Der grüne Kakadu“,
621 2742 1580 2812 „Das Königreich“ (1908) vergebens versucht
1607 2775 2581 2838 die am Vorabende der französischen Revolution
611 2781 1587 2860 hatte, sich von der Scholle loszureißen, stellte er
1596 2826 2588 2881 (am 14. Juli 1789) in Paris spielt, 1899 erschien.
608 2841 1577 2902 in der Komödie „Über die Brücke (1909,
1595 2861 2585 2940 Die zehn Dialoge „Reigen“, laut Vorwort
604 2878 1585 2953 ein neues Heimatsproblem auf: das leichte Blut
1601 2908 2595 2983 geschrieben im Winter 1896/97, gedruckt 1903,
617 2933 1588 3014 des Schauspielers, der überall daheim ist, mit
1616 2960 2600 3020 ein so vielfach mißverstandenes Werk, behandeln
614 2979 1588 3054 dem schweren Blut der an der einen Heimat
1603 3009 2588 3061 die Liebe in ihrer konkretesten Form von der
617 3048 1239 3112 hängenden Frau zu verbinden.
1604 3065 2596 3115 niedrigsten Gemeinheit bis zur feinsten Erotik
687 3078 1586 3155 In „Glaube und Heimat“ (1916) ent¬
1612 3103 2596 3170 als satirisches Gegenstück zum Anatolzyklus. In
621 3116 1597 3211 fesselt dann das Bibelwort „Du sollst dich
1612 3165 2592 3227 dem Schauspiel „Der Schleier der Beatrice“
621 3175 1591 3264 zum wahren Glauben bekennen!“ diesen
1626 3200 2593 3281 (1900), hat Schnitzler Wiener Menschen in das
610 3224 1595 3313 gewaltigen inneren Kampf, den Schönherr mit
1619 3251 2603 3329 Kostüm der Renaissance gekleidet. „Das Leben
613 3273 1590 3362 der Meisterschaft des reifen Künstlers zur Dar¬
1612 3313 2604 3376 ist die Fülle, nicht die Zeit“ verkündet der
624 3321 1589 3401 stellung brachte. Das Drama erhielt den Grill¬
1627 3354 2594 3425 Herzog am Schlusse. Wieder ein Seelengemälde
615 3388 1594 3459 parzerpreis und trat, allen rückschrittlichen
1611 3413 2602 3482 mit schärfster Psychologie gezeichnet und zugleich
626 3427 1595 3493 Geschichtslügen zum Trotz, einen Siegeslauf
1612 3450 2600 3516 eine bittere Satire auf enge Standesvorurteile
625 3472 1594 3547 durch die ganze Welt an. An Erfolg ist des
1615 3495 2600 3575 tritt uns in der Novelle „Leutnant Gustl“
629 3522 1594 3600 Dichters jüngstes Werl „Aus meinem Merk¬
1619 3550 2608 3632 (1901) entgegen. Das letzte Aufflackern der Jugend¬
626 3572 1603 3652 buch“, das bereits im vorigen Hefte eingehend
1627 3600 2624 3663 ideale einer verwitweten Frau zeichnet Schnitzler
631 3628 1416 3702 gewürdigt wurde, nicht zurückgeblieben.
1626 3649 2630 3731 mit drastischer Wahrheit in der Prachtnovelle
2431 4125 2509 4163 SU
2998 3428 3072 3499 Kei
3274 3487 3329 3562 die
2922 3491 3258 3556 ich lebe, würden
2995 3562 3378 3624 *) Aus „Dämmerseele
2924 3602 3384 3659 geb. Mk. 4.—, Fast alle A
2918 3642 3381 3716 Verlage S. Fischer, Ber
