3296 4320
499 277 551 343 1
1046 282 1167 346 in
96 280 1262 369 1. Panph.SOfTD1
93 1087 243 1171 Cysarz.
89 1179 783 1262 ch die zeitgeschichtliche Lage der
85 1248 774 1318 nd einen dritten Mittelpunkt
87 1303 777 1360 hs und des Spiels, die barocke
88 1345 774 1413 en und Tod, das Durchscheinen
136 1401 777 1460 und diese Motivik erschließt
86 1431 775 1510 ätsel und Wunder alt=öster¬
92 1494 769 1559 nerer Erwägung aber drängt
133 1544 761 1612 warum all solches Seelen¬
112 1591 779 1659 i der Sprachform als solcher
101 1646 768 1706 eizer Poesie, die jede sinnliche
131 1696 769 1756 unverdrängt in morgend¬
119 1742 765 1805 auch als manche nördliche,
100 1792 765 1853 flammendem Ausdruck empor¬
152 1847 760 1904 strebt Oesterreichs edelste
104 1852 768 1951 Bilder in überschwangloseste
98 1937 770 1994 brillparzer und viele Jüngere
91 1982 760 2053 en nur Zeugnisse einer Kurz¬
94 2036 759 2091 asie; Hofmannsthal wird noch
93 2088 761 2151 nierter Aesthet niemals zum
95 2134 764 2198 sein Vers ist häufig erstaun¬
100 2189 769 2241 dem der Parnassiens oder der
97 2232 766 2299 pmantik), Schnitzler prägt oft
107 2282 767 2348 Salon=Volapük, und andere
105 2333 751 2397 verraten zuweilen denn doch
94 2377 754 2444 chverhängnis, einen seltsamen
113 2434 752 2497 t und Schicksallosigkeit (viel¬
100 2482 748 2547 ke ein oft so schwacher Ueber¬
99 2529 748 2590 t vielfach geradezu neutrali¬
108 2581 752 2637 helf, der sich vergessen machen
99 2636 744 2696 . Formale Potenz entfaltet
118 2679 749 2745 in breiterer Ueberlieferung
111 2725 743 2798 Nietzsche zu reden — „auf
108 2771 741 2840 ch abgründig=redlichen, un¬
100 2829 742 2880 e zwischen ungebundener und
99 2876 755 2940 wahrenden Prosa. In diesem
98 2922 746 2989 te deutsche Prosaiker neben
98 2975 740 3040 lund zorniger wider alle Ver¬
128 3020 736 3094 gestritten als Grillparzer
104 3073 738 3137 der Schopenhauer, die pein¬
101 3120 740 3187 dernd — wo alle literarischen
106 3164 732 3236 on der Romantik und Jung¬
105 3218 747 3290 us und Nietzscheanismus,
98 3263 744 3337 her Forn, zwischen poetischer
113 3323 742 3381 Kreuzungen suchen). Noch
103 3371 737 3440 hrmen=Meister einerseits als
103 3416 725 3484 ls der Bewahrer und Er¬
112 3464 737 3532 enen, ebenso kritisch=dichten
113 3522 736 3591 rags. Von dieser Tradition
1882 187 2347 275 ——
1419 276 1882 362 box 36/6
1317 277 1389 374 5
2457 1110 2576 1180 45
1432 1118 2294 1200 Alt=Österreichs letzte Dichtung (1890—1914).
1160 1218 2556 1287 zehrt noch das Wiener Feuilleton, bis heute vielleicht über¬
1154 1281 2556 1344 legen an stilreinem Schliff einer Prosa der Prosa, allerdings
1155 1331 2571 1372 leider auch erlahmend an Blickweite und an Sachhärte, an
1162 1376 2552 1428 Gründlichkeit Redlichkeit Wahrhaftigkeit, an Interesse am So¬
1165 1424 2555 1478 und=nicht=anders des Gegenstands — es war die unverwelkte
1168 1473 2567 1518 Größe Ludwig Speidels und der Seinen, die beiderlei Tugenden
1156 1524 2564 1586 würdig zu paaren — im Kreis der Jüngeren scheint beispiels¬
1166 1577 2556 1630 halber in den Essays Otto Stoessls Einiges von diesem Ein¬
1163 1626 2572 1682 klang erhalten. ... Und nunmehr seien die drei abgegrenzten
1171 1673 2570 1737 Bezirke — das Panorama läßt nicht Raum für abgerundete
2314 1718 2561 1777 nur noch
1172 1722 2261 1781 Porträts noch für rahmen=füllende Auszählung
1172 1767 2560 1835 durch typische Male je eines typischen Vertreters weiter auf¬
1162 1825 1362 1896 gehellt!
1266 1856 2563 1927 Der Aspekt des Seins nicht Geschehens empfängt seine
1158 1913 2562 1972 klassische Formung durch Hugo von Hofmannsthal: Hofmanns¬
1173 1979 2568 2034 thals Reich ist die Welt der Bezüge, wo raumhaft alles in
1161 2021 2560 2072 allem ist, nicht zeithaft alles auf alles wirkt. Geburt und Grab
1167 2063 2566 2119 ein ewiges Meer: Keinem Wesen wehrt Hofmannsthal Ein¬
1172 2118 2571 2176 tritt in seine Seele, das Blut versunkener Geschlechter pulst in
1165 2172 2563 2228 ihm und strömt durch ihn in springende Knospen und in ver¬
1165 2207 2573 2259 witternde Basalte; Lastträger schleppen unbewußt des Dichters
1179 2261 2569 2317 Ich, nach fernen Küsten schwimmt sein Genius, und in Berges¬
1169 2305 2569 2365 tiefen pochen Hämmer sein ureigenes Geschick. Ein Weltbild
1163 2357 2571 2417 unendlicher Weite, über sich selbst hinauszielender Bedeutung
1172 2404 2566 2472 des Fließend=Entgleitenden, trotz Vergänglichkeits=Melancholie
1167 2463 2564 2514 und =Verklärung voll straffen Zusammenhalts. Von Hosmanns¬
1174 2503 2570 2563 thals Natur gilt Schellings Wort: sie sei die Odyssee des auf
1172 2568 2567 2616 der Suche seiner selbst irrenden Geists; demgemäß waltet, fast
1169 2599 2569 2656 wie bei Novalis, orphische Transparenz der irdischen Dinge:
1157 2655 2562 2722 zum Beispiel in Hofmannsthals, auch mit der Tiersymbolik des
1177 2707 2572 2767 Zarathustra“ zu vergleichenden, Allegorien von Vögeln und
1162 2748 2572 2810 Fischen, Gazellen und Lämmern; wie Fechner steigert er das
1175 2802 2576 2866 Leben bis zum Allbewußtsein; und wie nur einem Maeterlinck
1174 2851 2575 2910 wölbt ihm das Dasein einen ungeheuren Dom, in dem alles
1182 2907 2576 2960 Sterbliche nicht einfach gleich, vielmehr bei aller Verschiedenheit
1182 2952 2574 3019 wesenseins ist wie der göttliche Vater mit seinem Sohn (nur
1183 3004 2568 3060 flüchtigst kann hier auf die tausendfältigen Verstrickungen ge¬
1182 3054 2578 3107 deutet werden, die diese All=Berichung und Ich=Verallung an
1184 3107 2583 3156 die romantische Naturphilosophie und katholische Metaphysik
1174 3154 2574 3207 binden). Freilich, auch solch ganymedische Kontemplation,
1175 3188 2579 3254 scheinbar die äußerste Universalisierung und Intensivierung
1188 3257 2580 3314 blindesten Gefühls, reift durch ein neuromantisch=tragisches Ge¬
1181 3291 2575 3349 flacker von Leben und Wissen, Verlangen und Verzichten,
1182 3336 2573 3397 liebender Ehrfurcht und blasierter Ironie, orientalischer
1174 3389 2581 3449 Dionysos=Orgie und hellenisch=apollinischer Linie: Aus
1175 3445 2571 3502 atemloser Verhaltenheit (der Dämmerung der „Nox portentis
1184 3497 2576 3556 gravida“), dem schreckenvollen Vacuum um seine alldürstende
1190 3536 2578 3604 Seele sucht Hofmannsthal Erlösung in einem Gestalten,
2530 4171 2601 4212 S
