3296 4320
1059 244 1141 310 1
114 239 1416 346 1. Panphlets offniuts
104 1096 375 1193 rbert Cysarz.
119 1196 916 1275 in Gebild aus Sonne und Kristall):
111 1261 922 1335 er Sinnlichkeit und Sinnlichkeit der
129 1308 914 1382 die weitere und weichere, verall¬
137 1358 922 1433 Gestaltung einer fast universalen
154 1417 916 1478 Alls. So heißt es bei Richard
114 1456 916 1542 igs=Betrachtungen „Großmutter (mit
132 1516 920 1573 von Leben und Tod'): „Ist nicht
117 1552 925 1624 nicht mitten darin, sitzt in uns, um
128 1601 920 1666 unser Freund und Gefährte? Nicht
115 1657 917 1721 Tod, sondern ein begleitender Ton,
110 1701 921 1772 sein rauscht. .. Alle Menschen leben
116 1761 919 1823 des, der von Gott ist und ihnen ver¬
114 1814 928 1873 uft ihrer Blumen vor dem Fenster,
115 1850 931 1917 ndes.“ Mynheer der Tod in öster¬
114 1904 925 1973 er Tod, der Mozartische Tod: nicht
119 1944 926 2014 chenmann, auch nicht der vornehme
134 2004 927 2065 d nicht der symbolistische Engel mit
129 2063 943 2122 t, vielmehr ein Duft ein Hauch ein
104 2096 934 2176 n; er tritt den Menschen nicht an,
114 2159 344 2216 eburt.
123 2193 938 2269 Art und Kunst ist schon der „Garten
112 2254 926 2306 von Andrians: trotz vieler fin-de¬
109 2299 927 2358 barer Splitter von echtestem Kaiser¬
109 2344 946 2410 lernden Reigens barocker Antithesen
119 2395 944 2462 heit der Maske, Natur in der Ver¬
112 2455 949 2520 Wandel), die aber sämtlich einmünden
122 2499 943 2567 nig von Tod im Leben und Leben im
154 2538 933 2601 ertönt auch beim frühen Beer¬
117 2588 936 2670 g„Der Tod Georgs“: halb Mozartisch
122 2643 941 2703 utende Variationen über das Thema
132 2691 936 2755 Diesseits im Jenseits. Auch Emil
127 2742 946 2815 flexionsstarken und handlungsträgen
109 2791 885 2855 zen) Ich=Roman „Tod und Leben“ -
116 2846 940 2909 hen Bahnen seines Freunds Otto
114 2888 944 2954 son mit barock=impressionistischen Ak¬
116 2950 935 3013 flauterer, allerdings märchenhaft=ver¬
118 2990 940 3058 der Klang auch in Thaddäus Rittners
125 3035 940 3108 und Entsubstanziiertheit der Worte.
146 3081 948 3157 Nerv der Weltgesichte noch des
117 3144 945 3203 s nicht nur in Wien gründliche Aus¬
118 3181 951 3257 hner) und gültige Auslegung (durch
136 3230 954 3301 that, sondern auch Wiedererweckung
158 3289 956 3349 des Oesterreichers Erwin Guido
137 3328 952 3414 Dichtung Arthur Schnitzlers waltet
141 3381 957 3449 und Ernst auch dieser Kunst liegt
174 3427 959 3500 des Spiels des Abglanzes des
173 3489 962 3549 solche Selbstaufhebung ebenso er¬
133 3534 971 3612 nendlichen. Auch hier, einerlei ob in
1984 162 2372 240 —
1443 245 1914 334 box 36/6
2627 1056 2733 1135 43
1590 1078 2460 1148 Alt=Österreichs letzte Dichtung (1890—1914).
1336 1176 2735 1250 naturalistischem, ob in impressionistischem Ausdruck, das teils
1327 1248 2735 1302 barocke und teils neuromantische Hindurchscheinen des Tods
1325 1294 2726 1358 durch alles Leben, das metaphysische Rieseln durch alle
1330 1343 2727 1402 physischen Adern, eine Art manchmal Maeterlinckschen manch¬
1336 1385 2739 1455 mal de Mussetschen Schicksals= und Unendlichkeitsbegriffs in
1336 1428 2738 1509 den fast medizinisch dargestellten Vorgängen des Alterns und
1344 1489 2730 1547 Verwelkens, in den mit einer fast Flaubertischen „Impassibili¬
1336 1533 2736 1595 tät“ geschilderten Zersetzungen im Aebeneinander=Leben von
1335 1580 2738 1641 Gatten und Liebenden oder im Auseinander=Leben von Eltern
1341 1622 2732 1690 und Kindern. Auch Schnitzler ist füglich ein Zeuge der Koinzi¬
1339 1676 2739 1739 denz von Metaphysik in der Physiologie und Physiologie in
1344 1720 2746 1803 der Metaphysik. In aller seiner Tragik korrespondieren zwei
1334 1779 2744 1835 nur scheinbar antithetische Aspekte — da Schnitzler vielerorten
1350 1823 2749 1891 alle „Weltanschauung“ abgesprochen wird, sei dies in Schärfe
1350 1880 2746 1948 formuliert: Ein Kern der Schnitzlerschen Tragik ist, gleichsam
1349 1926 2759 1982 von unten gesehen, die tierische Einrichtung, daß notwendig
1348 1975 2744 2043 der männliche Orgasmus früher erlischt als der später er¬
1350 2008 2744 2085 wachende weibliche (der „Reigen hat gerade diesen Ablauf ins
1350 2066 2742 2133 Genaueste zergliedert); von oben gesehen aber ist eben dies
1352 2110 2744 2190 (nach Hebbels Wort) „der zwischen den Geschlechtern an¬
1351 2160 2747 2245 hängige große Prozeß“, wie ihn noch Goethe durch alle In¬
1347 2206 2745 2295 stanzen geführt hat — einerseits also physiologische Mechanik des
1358 2258 2747 2351 pfeilschnellen Samens und der beharrenden Frucht, anderseits
1356 2338 2752 2394 tragisches Weltgesetz des ungesättigt Werbenden und der ver¬
1350 2356 2757 2430 lassenen Gebärerin (es gibt vielleicht — Schnitzlers Typen legen
1659 2413 2756 2480 gesetzliche Parallelismen zum Beispiel zwischen
1361 2437 1662 2498 das nah —
1353 2461 2757 2538 anlagemäßig verzögerter Innervation der femininen Sexual¬
1356 2505 2748 2594 funktion und schicksalhaftem Verdammtsein zu unglücklicher, ver¬
1365 2549 2753 2639 spätet geweckter bewußter erwidernder Liebe). Der Hero¬
1355 2600 2760 2680 Leander=Komplex, zugleich Weib=Welt=Komplex, wird also nicht
1365 2651 2756 2732 bezwungen durch himmlisch=irdische Liebe, wie Goethe sie im
1370 2714 2763 2791 „Faust; ersiegt oder ein Richard Dehmel in „Verwandlungen
1371 2757 2761 2826 der Venus ersehnt, vielmehr bewältigt durch die Responsion
1366 2797 2753 2874 eines geradezu Stendhalisch sezierten Sensoriums und eines
1377 2858 2762 2939 wie ein durchsichtiger Rauch über den Dingen schwebenden
1379 2907 2761 2966 All=Reflexes: Auch hier wird einem österreichischen Lied der
1375 2972 2677 3026 Jahrhunderte neue Stimme, und neue Problematik zuteil.
1467 3007 2758 3078 Nun vorerst einen raschen Rückblick! Die Sichtung und
1369 3045 2760 3120 Ordnung des vielspältigen Besitzes hat zunächst drei be¬
1382 3093 2774 3182 herrschende Stränge ans Licht gehoben: Erstlich den Ruhe= und
1375 3144 2772 3217 Naum=Komplex, wie er in Grillparzer die Aeigung zum
1376 3195 2771 3271 Spanisch=Stoischen weckt, in Stifter eine innere Wahlverwandt¬
1376 3240 2772 3319 schaft mit dem katholischen Mittelalter, in Rilke vollends einen
1392 3279 2771 3383 schlechtweg femininen Geistestyp — in solchem Quietismus sind
1381 3356 2779 3413 die stärksten Ueberlieferungen österreichischer Gemeingeschicke
1388 3390 2773 3468 ausgewertet; der zweite Grundzug ruht in der Reizsucht der
1381 3437 2780 3521 Wiener Dichtung, im Glauben an eine Erhöhung des Menschen
1378 3501 2789 3572 durch Differenzierung und Sublimierung des Sinnlichen — in
