3296 4320
162 290 214 364 1
238 292 1346 394 Panphlets, offprints
1192 349 1357 399 —
224 1115 548 1189 Herbert Cysarz.
161 1209 1085 1286 hn das nicht so sehr willens= als gefühls¬
200 1274 1091 1330 ein gräzisierend=lyrisches nicht römisch¬
177 1314 1094 1387 Drama des verschwiegenen Seelenzitterns
176 1366 1098 1430 sso nicht des grimmen Fäusteballens à la
170 1417 1096 1484 hon in der „Sappho“ und am reinsten in
184 1463 1092 1526 Liebe Wellen“ gattet sich österreichischeste
168 1523 1090 1585 sphäre: orphisch und stygisch die Dämonen
168 1571 1085 1619 Nacht und des Sterbens, darüber aber
179 1621 1091 1682 hlingsstimmen der seligen Inseln — ein
179 1656 1088 1732 her Traum von verhauchtem Kuß und
172 1712 1100 1774 Grillparzers Schicksal ist nicht im Pfeil
165 1766 1095 1823 n der Entsagung eines Rustan, oder im
178 1817 1087 1867 ielmanns, dieses unbekannten österreichi¬
174 1871 1091 1916 och, zerknittert und zertreten, ein Endchen
176 1907 1084 1971 Karls V. birgt, das blaublütige Hamlet¬
173 1949 1099 2023 nd Glück, die spanisch=katholische Flucht
179 2018 1084 2074 wunschlosen Frieden, und in den „desen¬
162 2050 1097 2118 den Ekel, des Pilgrims von San Juste:
162 2102 1092 2174 em Tod den Toten gleich Und fall' in
167 2149 1094 2222 lte Reich“ — nur Grillparzer, der seit
173 2198 1102 2262 cholog der Habsburger, hat seinem armen
172 2250 1093 2320 Armen im Geist, eine weltgeschichtliche
170 2301 1091 2370 ocht, ein Teil der Kraft, die unzermürbt
164 2354 1104 2411 Umflackert von allen Feuern lateinischen
169 2416 1092 2466 ers temperament=Verwandtem Balthasar
200 2450 1087 2514 auch in der leidenschaftlichen Enthalt¬
170 2499 1092 2563 hmen Leidenschaft eines Jusepe Nibera
176 2543 1094 2618 orträt Rudolf II. im „Bruderzwist“ trägt
161 2606 1108 2663 Büge), oder gar in der eisig=schwärmerischen
191 2650 1092 2705 die insonderheit die „Judin von Toledo“
198 2696 1098 2741 und dies alles sind Jahrhundert=Merk¬
169 2744 1092 2810 das Freie und Starke, vielmehr das Ge¬
205 2802 1099 2856 jedes Charakters, mit Dickens zu reden
205 2839 1101 2906 Jean Paul und Gottfried Keller und
173 2900 1097 2956 auch den großen Russen, von Gogol bis
166 2955 1097 3006 rtrauten skurrilen Lappalien und Kuriosi¬
177 2995 1096 3058 ieblings=Epitheton „sveobrazny“ „eigen¬
173 3028 1090 3114 n Deutschen zumeist als „bemerkenswert“
176 3106 1046 3158 n als „remarquable“ wiedergegeben —
193 3148 1099 3205 am gegenständlichsten aus); Grillparzer
174 3201 1087 3256 nien (noch nirgends gewürdigten) unge¬
535 3243 1096 3305 wie etwa Grillparzers
164 3241 467 3308 as Komische
176 3289 1100 3349 uer seinem ursprünglichen Sehen nach
185 3341 1098 3401 cher Satiriker bleibt; es bildet nur einen
183 3398 1091 3446 Künstler Grillparzer, daß er — die ange¬
182 3444 1099 3512 send — auch Gestalten und Seelenlagen,
175 3499 1112 3552 geschaut und gewürdigt sind, klassizistische
180 3536 1114 3603 selbst Bankban im „Treuen Diener bleibt
1496 290 1974 379 box 36/6
2783 1106 2888 1185 35
1760 1098 2623 1187 Alt=Österreichs letzte Dichtung (8190—1914).
1486 1211 2877 1270 denn doch (trotz dem Wust der oft geistrollen Rettungen)
1489 1267 2888 1331 für naive Gemüter zunächst ein Anblick zum Lachen, und wird
1484 1318 2884 1376 erst dadurch ein Anblick zum Weinen, daß er das Heldenlos
1477 1373 2879 1431 in einer Haupt= und Staatsaktion zu tragen hat. Im Lager
1485 1412 2876 1456 Grillparzers aber ist Oesterreich: Der Kampf, nach einem Sturm¬
1480 1462 2890 1522 und=Drang=Wort, brütet „Kolosse und Extremitäten“ aus — die
1485 1507 2888 1558 Windstille der Metternich= dann Kompromiß=Monarchie brütet
1475 1560 2891 1611 Finessen und Subtilitäten aus: Nur in so vollkommener Stille
1488 1607 2885 1676 atmen Grillparzers zuweilen fast an Shakespeare, fast an Rem¬
1477 1658 2882 1713 brandt streifende Porträts, vorzüglich Grillparzers Frauen,
1479 1708 2884 1754 seltsam durchwogt von allen Mozartisch süßen und bitteren
1491 1763 2880 1816 Seligkeiten — Geschöpfe wie sie sonst allein dem Größten an
1486 1805 2880 1846 der Ilm begegnet sind. Allein in solcher Ruhe gedeihen die
1479 1852 2889 1903 Wälder Adalbert Stifters, mythische Witiko=Wälder gleich
1485 1905 2885 1946 denen wo Herzeloyde den jungen Parzival hegt — oder auch
1482 1945 2891 2006 Stifters Gänge und Stuben und Vitrinen, in denen Jahrzehnte
1494 2002 2884 2064 sind wie Sekunden, Tropfen im Ozean göttlichen Seins (ein
1478 2058 2891 2103 Hauch hiervon schwingt noch in Rilkes „Stundenbuch'); in
1482 2102 2882 2160 Stifters Natur ist die Erde überall riechbar und die Temperatur
1482 2153 2882 2209 geradezu sichtbar (wie vielleicht nur bei Goethe, etwa im Ab¬
1493 2202 2882 2259 schnitt Palermo der „Italienischen Reise“ wo man die Wärme
1484 2257 2889 2308 geradezu tasten zu können vermeint); auch das Licht ist bei
1486 2296 2891 2341 Stifter — wie sonst wieder nur bei Goethe und manchmal
1493 2346 2883 2397 bei Keller — ein raumerfüllender Körper, nicht bloß ein maleri¬
1484 2393 2896 2446 scher Reiz oder gar ein Beleuchtungs=Effekt, wie bei den meisten
1490 2441 2892 2504 poetischen Realisten. Dasselbe Gestirn, die welterhabene Stärke
1494 2489 2893 2553 der weltentsagenden Ruhe, erglänzt dann auch am milden
1493 2548 2885 2604 Abendhimmel Ferdinand von Saars und über der gesellig¬
1482 2591 2889 2632 höfischen, so leidens=tiefen wie fassungs=hohen, Dichtung der
1493 2635 2891 2696 Ebner=Eschenbach. Ueberall um den Preis der Handlungs¬
1494 2698 2889 2749 und Bewegungslosigkeit die abgründigste Feinheit und Ver¬
1493 2739 2891 2789 wickeltheit, die grandiose Konzentration auf das lautere, ewige
1486 2786 2899 2839 Sein! Und als am Ende des Jahrhunderts Friedrich Nietzsche,
1493 2853 2891 2898 gleich dem Jupiter auf dem jüngsten Gericht der Sistina, den
1497 2895 2890 2945 Blitz aus dem Haupt reißt und über versumpfte Rasse ein
1495 2941 2887 2999 faustisches Pan und Plus ultra hängt, das „Kriegerisch und ge¬
1499 2993 2899 3049 fährlich leben“, das „Vivre et mourir en roi“ das Wormser
1495 3042 2910 3094 Dennoch“ Luthers und das Huttensche „Ich hab's gewagt“ eines
1497 3086 2887 3145 Ritters trotz Tod und Teufel, da findet in Oesterreich wieder
1501 3143 2893 3194 nicht Nietzsches Mönchisch=Soldatisches Widerhall, vielmehr das
1490 3176 2893 3232 Artistische Nietzsches, die zarten nicht schroffen Züge, natürlich
1488 3235 2897 3293 auch die internationalen und die dekadenten, das „Halkyonische“.
1491 3285 2889 3343 und „Dionysische“ nicht das „Heroische“ und „Friderizianische“.
1500 3332 2895 3382 In Nietzsches ungeheurer Seele eben sind beide Extreme ver¬
1504 3389 2899 3443 brückt — Nietzsche wie keiner hat einerseits alle Akzente des
1503 3432 2897 3493 faustischen „Perrumpendum est“, der Werks= nicht Glücks¬
1493 3476 2900 3540 Ethik: „Trachte ich denn nach meinem Glücke? Ich trachte nach
1945 3526 2908 3610 Nietzsche ist hier ein Bruder fast Schillers.
1498 3535 1921 3607 meinem Werke!“
