3296 4320
109 285 173 372 1
224 286 679 396 Panphlet:
633 287 1293 394 Offprints
104 1083 429 1161 Herbert Cysarz.
98 1182 960 1267 rchens, bis zur Stigmatisierung („Guar¬
111 1249 966 1297 ta“). Solches Geblüts zeichnet Rilke
101 1296 966 1348 leichzeitig vorwärts und rückwärts lebt,
101 1348 927 1412 üllt und das aller Ahnen aufsaugt —
102 1388 956 1461 thal sagen dürfte: „Ganz vergessener
108 1445 951 1506 n ich nicht abtun von meinen Lidern“
101 1487 951 1558 nen“=Motiv der österreichischen Dich¬
131 1547 957 1603 immerzu in allen die da waren und
108 1589 957 1656 werden. Die Zeit ist nicht, wie Goethe
131 1641 965 1702 ager meus; sie ist vielmehr, wie
104 1686 965 1761 bei gewissen Russen und bei vielen
110 1737 902 1802 dern, vanitas vanitatum vanitas!
101 1784 967 1853 hs Augustinische Paradox gegenwärtig:
116 1843 950 1903 n, unsterbliches Kontinuum, oder Zeit¬
173 1892 953 1948 und man kann nicht das eine von
103 1919 947 1983 urch das andere zu verneinen. Ein Be¬
114 1981 953 2038 „durée réelle“ hält es durchaus mit
119 2038 953 2095 ind hat nicht einmal einen Seitenblick
103 2083 956 2132 chtigkeit; in Wiener Poesie aber be¬
108 2127 945 2198 lich den unwiederbringlichen Augen¬
116 2179 948 2231 attenhaftigkeit und Schwermut, ohne
116 2231 959 2290 ndelhaft=Dauernden — hier also wird
147 2285 953 2342 Zeitstrom verneint, etwa in jener
117 2338 939 2391 oszillierenden Metaphysik der Ver¬
116 2386 945 2444 ersten Akt des „Rosenkavaliers zu
111 2424 950 2496 rden ist: „Die Zeit, die ist ein sonder¬
114 2477 941 2536 so hinlebt, ist sie rein gar nichts. Aber
112 2530 945 2590 rt man nichts als sie: Sie ist um uns
132 2574 952 2640 drinnen. In den Gesichtern rieselt
123 2623 940 2682 sie, In meinen Schläfen da fließt sie,
114 2673 950 2739 ir da fließt sie wieder. Lautlos, wie
140 2729 941 2790 überall sind die tieferen Gründe
131 2762 937 2838 den sprichwörtlichen Attributen des
116 2821 944 2874 Fluidum, das nicht nur ästhetische
111 2874 954 2936 auch sittliche Gebote gibt: Ein Grill¬
104 2918 937 2987 ber alle entschlossene Tat; bei Hegel
113 2972 947 3034 der Handelnde recht (und dem Denker
113 3017 939 3067 is zu rechtfertigen); für Grillparzer
114 3071 937 3132 erwandten Schopenhauer) bleibt alles
109 3116 940 3189 s solches Frevel oder Torheit. Hegel
111 3163 934 3221 eltgeist reiten; Schopenhauer hingegen
125 3219 931 3284 Siegen der Weltgeschichte nur sinn¬
117 3273 934 3331 nd beutegierigem Pöbel; Grillparzer
119 3313 939 3382 hes Ressentiment, er blickt nicht ver¬
114 3367 941 3412 himmel in ein theatrum stultitiae
109 3408 943 3481 licht den, der das Unmögliche begehrt,
122 3469 943 3512 n treffenden Willen als Sünde und
118 3508 944 3587 n Teufel. (Darum sind Grillparzer
1431 290 1912 376 box 36/6
1565 1082 2694 1147 Alt=Österreichs letzte Dichtung (1890—1914). 39
1307 1180 2700 1256 und Schopenhauer die beiden großen. unter den Großen die
1309 1228 2710 1294 zwei einzigen anti=historischen Geister ihres Jahrhunderts:
1301 1278 2698 1336 Gegner der Weltgeschichte, die von der Gnade des Augenblicks
1311 1350 2712 1402 lebt, und Diener der Geistesgeschichte, die in zeitlosen Gebilden
1302 1376 2698 1437 webt.) Natürlich entspricht das zum Teil auch dem Ethos des
1302 1441 2708 1490 Katholizismus — nicht freilich auch dem katholischen Dogma:
1312 1474 2699 1529 In dieser Hinsicht ist ja Grillparzer nicht minder liberal als
1310 1536 2709 1589 Stifter, der doch den quietistisch=asketischen Spruch fällen kann:
1302 1577 2705 1638 „Alle Leidenschaft ist immer unsittlich“ (nicht etwa, weil sie
1303 1621 2704 1672 ein Dogma der Keuschheit gefährdete, sondern schon weil sie
1311 1683 2708 1728 unkontrollierten Impetus in die Welt setzt). Des Weiteren
1311 1728 2704 1781 aber ergibt sich hier — und das ist der um 1900 mächtigste
1740 1778 2708 1832 die Wahlverwandtschaft zu den Spätzeiten
1307 1778 1693 1846 Zusammenhang
1306 1820 2718 1872 romanischer Kultur, insonderheit zu den französischen Märtyrern
1317 1876 2719 1927 und Asra der Modernität: zum Verlaine= und Régnierschen
1318 1916 2705 1978 „mourir en beauté“ zur melancholischen „malaise inexprimable“.
1308 1961 2715 2039 Benjamin Constant= und Alfred de Mussetschen Angedenkens,
1305 2012 2706 2074 zur Aeolsharfen=Poesie der Symbolistes und ihrer Erben. Vor¬
1314 2089 2715 2134 züglich Verlaine ist den Wienern fast eine bohémehafte Ein¬
1310 2107 2713 2173 körperung der lautersten Kontemplation —er hat, ein kriechendes
1314 2155 2704 2234 Stück Aas mit dem hellen Herzen des Kinds, der Windstille
1306 2208 2703 2269 des Farbenhörens und Tönetastens Rückgrat und Rückenmark
1315 2270 2707 2324 geopfert; er hat in seinem „Art poétique die Wesensmale solcher
1317 2330 2712 2370 Kunst auch kanonisiert: die Meisterschaft des drei Viertel Ver¬
1326 2357 2707 2425 schweigens, das „deviner peu à peu“ die Wahl des Parfums
1322 2416 2715 2468 nicht Objekts, den Stil nicht der Worte und Bilder, sondern
1311 2463 2711 2516 der Rhythmen und Akzente, kurzum jene „Kammermusik der
1309 2503 2712 2558 Literatur, mit unheimlichen Zugängen zu allem was verführt,
1307 2559 2711 2619 lockt, zwingt und wirkt“ (Nietzsche). . . Und insgemein ist der
1316 2609 2721 2669 Impressionismus ein ewiger Altersstil: ein Teil der Geste, mit
1310 2653 2717 2715 der Goethe zuerst im West=östlichen Divan“ den müderen
1315 2698 2721 2767 Zauberstab führt; ein Saitenspiel des spätesten Beethoven, der
1313 2768 2726 2808 wie der greise Oedipus heimtastet nach der mütterlichen Erde,
1319 2796 2716 2864 der er vordem so brüsk auf den Nacken getreten war; die weite
1317 2854 2722 2919 Schüssel auch, in die der alte Rembrandt sein reifstes und
1313 2901 2719 2970 reichstes Wissen um sich und die Dinge legt. Der Wiener
1331 2958 2716 3022 Impressionismus freilich, aller Altersmerkmale unbeschadet,
1319 3002 2721 3062 fühlt sich als „tempus inchoativum“: Alle Säfte des Lebens
1330 3041 2714 3115 steigen in die Neurone, die „petites perceptions“ vervoll¬
1323 3101 2716 3156 kommnen sich von Stunde zu Stunde, wie Maurice Barrés
1324 3134 2721 3204 (oder Oskar Wilde) züchtet man den Uebermenschen oft durch
1317 3214 2728 3250 einen eindruckstrunkenen „culte du moi“. Bewunderung gilt
1321 3241 2724 3316 der Satanik Barbey d'Aurevillys und der Differenziertheit
1319 3290 2723 3362 Stendhals, Bourgets „états d’ämes“ gegenüber Zolas „coin de la
1325 3348 2727 3409 réalité“ und Nachahmung erntet auch Joris Huysmans, der etwa
1323 3385 2725 3444 den Helden des Esseintes in seinem Roman „A rebours“ (dieser
1322 3446 2728 3504 Fibel nicht nur des gallischen Impressionismus) aus Retorten
1330 3487 2736 3584 atherischer Oele oder aus Batterien von Likören, die zur Klaviatur
