3296 4320
1921 181 2298 252 —
270 267 351 322 a
1391 251 1844 350 box 36/6
150 260 1241 365 #phlets offorints
818 1131 924 1204 44
1344 1143 1699 1223 Herbert Cysarz.
821 1239 2233 1316 dieser Energie wirkt sich vorzüglich die zeitgeschichtliche Lage der
814 1295 2227 1349 euroväischen Literaturen aus und einen dritten Mittelpunkt
815 1349 2225 1398 bildet die Metaphysik des Scheins und des Spiels, die barocke
822 1405 2225 1465 Synthetik und Antithetik von Leben und Tod, das Durchscheinen
813 1452 2232 1499 des Jenseits durch das Diesseits — und diese Motivik erschließt
820 1507 2226 1560 und verschließt das besonderste Rätsel und Wunder alt=öster¬
814 1548 2221 1602 reichischer Seele... Zu allgemeinerer Erwägung aber drängt
818 1608 2210 1664 an dieser Stelle noch die Frage, warum all solches Seelen¬
823 1637 2224 1694 tum sich so wenig unmittelbar in der Sprachform als solcher
818 1693 2217 1749 verleibt: Anders als viele Schweizer Poesie, die jede sinnliche
820 1738 2218 1796 Gebärde oder geistige Bewegung unverdrängt in morgend¬
813 1794 2220 1858 lichem Wortgut spiegelt, anders auch als manche nördliche,
809 1846 2219 1901 die noch realistisch Geschautes zu flammendem Ausdruck empor¬
800 1892 2217 1940 reckt wie etwa Hermann Stehr, strebt Oesterreichs edelste
807 1944 2220 1987 Dichtung noch überschwenglichste Bilder in überschwangloseste
803 1989 2218 2034 Sprache zu fassen — so sehen Grillparzer und viele Jüngere
801 2053 2210 2105 in allen hohen und starken Worten nur Zeugnisse einer Kurz¬
801 2094 2213 2150 oder Schwachsichtigkeit der Phantasie; Hofmannsthal wird noch
802 2146 2211 2199 als eklektischer Artist und raffinierter Aesthet niemals zum
806 2185 2211 2251 Goldschmied des Worts (gerade sein Vers ist häufig erstaun¬
795 2238 2213 2297 lich kantig und spröd — entgegen dem der Parnassiens oder der
814 2282 2208 2336 Virtuosen der europäischen Neuromantik), Schnitzler prägt oft
802 2338 2214 2393 die sublimste Auance in saloppstes Salon=Volapük, und andere
874 2384 2204 2437 von Rittner bis zu Nilke — verraten zuweilen denn doch
797 2431 2209 2479 einen Mangel an deutschem Sprachverhängnis, einen seltsamen
798 2482 2208 2523 Schwebezustand der Heimatlosigkeit und Schicksallosigkeit (viel¬
791 2529 2192 2576 leicht ist eben darum der große Rilke ein oft so schwacher Ueber¬
804 2577 2193 2648 setzer); insgemein wird das Wort vielfach geradezu neutrali¬
803 2633 2205 2690 siert, gewissermaßen als ein Notbehelf, der sich vergessen machen
804 2688 2201 2743 muß wie die poetische Disposition. Formale Potenz entfaltet
804 2724 2208 2791 die Sprachkunst der Oesterreicher in breiterer Ueberlieferung
805 2782 2194 2844 nur in der Prosa: einer — mit Nietzsche zu reden — „auf
803 2822 2197 2883 Taubenfüßen“ schreitenden, freilich abgründig=redlichen, un¬
797 2880 2193 2942 pathetisch=unsuggestiven, die Grenze zwischen ungebundener und
794 2921 2196 2980 gebundener Rede aufs Strengste bewahrenden Prosa. In diesem
796 2976 2196 3021 Sinn ist Stifter wohl der reinste deutsche Prosaiker neben
791 3030 2188 3082 Goethe — und niemand hat zäher und zorniger wider alle Ver¬
787 3077 2194 3139 mischung von Prosa und Poesie gestritten als Grillparzer
794 3121 2186 3162 (konservativ wie keiner, außer wieder Schopenhauer, die pein¬
794 3165 2194 3235 lichste Scheidung der Gattungen fordernd — wo alle literarischen
789 3218 2199 3272 Revolutionen des Jahrhunderts, von der Romantik und Jung¬
794 3267 2192 3330 deutschland bis zum Naturalismus und Nietzscheanismus,
795 3315 2186 3383 zwischen dramatischer epischer lyrischer Form, zwischen poetischer
781 3366 2207 3412 und Prosa=Diktion die verwegensten Kreuzungen suchen). Noch
778 3420 2181 3480 Hofmannsthal ist repräsentativer Formen=Meister einerseits als
780 3461 2188 3521 klassischer Librettist, andererseiis als der Bewahrer und Er¬
779 3516 2186 3576 neuerer eines großartig ausgeglichenen, ebenso kritisch=dichten
788 3570 2201 3632 wie harmonisch=sachten Prosa=Vortrags. Von dieser Tradition
2606 4135 2716 4193 KEI
