3296 4320
1385 323 1843 407 box 36/6
52 315 1214 406 1. Panphlets, offprints
1133 1303 1485 1394 Herbert Cysarz.
617 1317 725 1385 36
619 1403 2022 1481 Zugleich freilich hat Nietzsche den enervierendsten Ausdruck für
621 1460 2035 1533 die „azurnen Augenblicke voll frevelhafter Schönheit“, eine
630 1511 2031 1577 unvergleichliche Meisterschaft in allen „Tönen eines schwer¬
628 1557 2037 1617 mütigen und schläfrigen Glücks“ die eindringlichsten Farben für
629 1606 2036 1682 die Siesta der katzenbuckeligen Klippe und schmeichelnden Welle
633 1670 2032 1722 und brütenden Mittagsglut — und hierin ist Nietzsche zugleich
633 1716 2032 1772 ein Bruder fast Verlaines. Diese letzteren Züge nun sind es,
620 1766 2024 1819 die sich die jüngste Wiener Dichtung einverleibt (wie der Ber¬
632 1804 2041 1879 liner Naturalismus an Nietzsches Willens=Gewalten: an die
626 1852 2029 1922 anarchische „Umwertung aller Werte“ an das „Mit=dem¬
624 1906 2040 1965 Hammer=Philosophieren“ an das imperialistische Eroberungs¬
620 1941 1730 2030 und Herrschafts=Evangelium sich geheftet hatte).
719 2016 2034 2073 In diesem — vorerst nur in raschesten Rückblick zusammen¬
630 2058 2035 2125 gerafften — Stück Werden nun liegt überall ein Nerv auch noch
634 2105 2037 2175 der letzten Dichtung Alt=Oesterreichs eingeschlossen: Windstille
638 2178 2037 2229 ist das Medium solcher Kunst und Geistigkeit, Sosiego, manch¬
625 2203 2033 2270 mal fast die abgesperrte Luft des Krankenzimmers. Es ist
640 2250 2041 2313 ein zu geringem Teil nur seefahrendes Volk, das jenen Formen
623 2308 2033 2381 huldigt — es fehlt das Ethos und die Aesthetik des „Navigare
636 2359 2026 2425 necesse est, vivere non est necesse“; es ist ein nur an Einzel¬
637 2415 2032 2465 stellen mit dem Hochgebirg oder mit karger Kruste kämpfen¬
639 2472 2041 2514 des Volk; es ist ein vielfach satt in tausend Ränke der Kabale
641 2492 2029 2580 geeintes geducktes geschwichtigtes Volk. Ueberall duldend=be¬
643 2564 2040 2614 trachtsames Weltgefühl, seelische Feinheit und Zersplitterung,
639 2603 2040 2664 viel Begabung und wenig Schicksal! Grillparzers Antipode
644 2663 2041 2706 Schiller bleibt ein fortreißendes Vorbild dessen, wie ein
635 2693 2050 2752 Mensch von überwiegend mittleren Kräften durch seine Sendung
631 2771 2043 2809 über sich hinausgetragen wird: viele in jeder Hinsicht durch¬
640 2799 2046 2857 schnittliche Eigenschaften werden in Schillers Schöpfung und
642 2853 2041 2906 Schicksal ins Monumentale gesteigert; Grillparzer aber offen¬
633 2910 2039 2955 bart, wie ein ursprünglich allseitig überragender Genius durch
643 2939 2050 3009 mangelnde Aufgabe, durch Ausbleiben alles kairös unter sich
640 3006 2039 3067 selbst hinabgedrückt wird. Schiller baut auch aus wohlfeilem
649 3045 1991 3101 Stoff, aus Granit, aus Sandstein, bisweilen aus Lehm —
646 3086 2044 3153 doch er baut stets zyklopisch trutzendes Bollwerk; Grillparzer
643 3146 2037 3202 findet manchen Diamanten, doch es bleibt meistens bei unge¬
644 3203 2047 3256 faßten und unverbundenen Kristallen. Schiller wird nationaler
637 3255 2047 3305 Heros, Schillers Drama Fest= und Weihespiel dadurch, daß
645 3294 2058 3356 er — ein Dichter der überpersönlichen Bindung, ein Klassiker der
639 3333 2051 3399 Tyche und ein Priester der Ananke — noch die Kleinen Großes
637 3397 2052 3452 wollen lehrt, daß er auch schwachen Willen in starke Geschicke
634 3428 2044 3493 verstrickt, daß er noch in brüchigem Tun und Gelingen die
640 3479 2045 3545 letzten menschlichen Werte emporwallen läßt; hingegen Grill¬
642 3543 2050 3599 parzer lehrt bestenfalls aus den menschlichen Nöten des Eigen¬
642 3577 2045 3650 gängers die dichterischen Tugenden des Realisten Psycholo¬
646 3629 2050 3701 gisten Individualisten gewinnen: sein ist die unerhörteste Be¬
636 3692 2049 3741 wältigung des Singulärsten und des Subjektivsten, des priva¬
632 3727 2061 3803 testen Charakters, aller geheimsten Schrullen und Schnörkel der
2163 4093 2221 4182 9
2694 1275 3216 1355 Alt=Österreichs letzte Dicht
2422 1384 3221 1450 Persönlichkeit — und auch dieses m
2433 1436 3166 1494 Wiener Dichtung noch um 1900.
2524 1490 3227 1557 Alle Lebendigkeit auch dieser P
2419 1544 3217 1602 Vitalität des Willens (wie diese i
2417 1593 3226 1646 testantischen Literaturen den Vorran
2421 1639 3221 1709 lischen) als vielmehr eine eigentün
2415 1687 3224 1758 alles Leben ist vorab Betrachten, Ho#
2418 1736 3222 1806 stehendes Sich=anschmiegen, kein „V
2433 1791 3213 1844 Im Weltbild eines Hofmannsthal
2429 1841 3226 1900 zu fehlen: Ein jedes ist in einem je
2427 1886 3225 1943 das vorübergehende Erscheinen eines
2433 1936 3230 1994 und kein Nachher kennt, das Ich ein
2429 1984 3230 2042 Streben und Werden gibt. In die
2431 2028 3209 2089 Drama entweder zum Spiel oder
2432 2077 3229 2132 mannsthals jüngster „Turm' verkör
2429 2131 3228 2195 form eines historischen Mysteriums
2433 2176 3222 2246 Dramen, bei allem Seelenblick und
2433 2221 3225 2291 spektive, in Hinsicht der drastischen
2422 2276 3218 2339 Kurve, der Tat= und Willens=Mot
2422 2327 3228 2393 nicht ernst genommen werden können
2435 2376 3230 2440 Und manches streift fast an Maeterl
2421 2422 3232 2479 periment unternimmt, noch aus den
2437 2471 3225 2535 des Wollens kat’ exochén) die Zeit
2432 2532 3233 2593 sitzen um einen Toten herum, doch wi
2425 2569 3228 2629 gewahr; der Tod steht am Bett eine
2430 2617 3220 2673 der Greis in der Ecke hat seine Ank
2423 2666 3223 2728 liche Rund der Familie ist, lang vor
2439 2716 3228 2777 düstert vom Ertrinkungstod des jün
2424 2764 3219 2838 Geschehen also bleibt Schein oder 2
2436 2809 3223 2875 eine tragische Atmosphäre (wie einst
2425 2861 3229 2933 drama), kein tragisches Handeln u
2436 2905 3235 2982 solche Sicht allen heldischen Willen
2422 2963 3229 3022 bekanntesten Dramas (Maeterlinck
2427 3007 3231 3065 „Seid nicht heroisch“ — noch die L#
2436 3063 3213 3123 gemein neuromantischen) Dichtung zu
2431 3105 3231 3166 dem in excelsis unheroischen Mythol
2429 3151 3230 3215 dieser Stelle, welch umstürzende Wu
2428 3205 3206 3263 Bergsons, ganz und gar auf die
2429 3249 3223 3313 Raums gegründet, in diese statische
2431 3293 3236 3369 Ansprung einer — in Oesterreich nu
2425 3347 3228 3413 genbewegung.)... Solchem Schlag bl
2442 3399 3229 3468 ein Seher voll grandioser Rezept
2431 3447 3229 3509 femininster Tat= und Willenlosigkeit
2433 3492 3236 3571 ist zugleich das vielleicht feinner
2432 3549 3227 3611 weibischeste, das in unserem ganzen
2429 3601 3233 3651 den anderen schreiben konnte; wohl
2436 3640 3233 3705 Rilkes Vers stehen: „Und meine Se
2438 3691 3228 3760 es rührt an einen manchmal schier
2394 4030 2684 4147 S
2521 4128 2649 4210 S
3002 4174 3108 4251 Aseden¬
2384 4189 2655 4256 S
