3296 4320
158 252 1367 363 1 Panphlets, offprints
154 1150 376 1224 rt Cysarz.
146 1242 907 1312 eruchs=Kaleidoskop oder Schnaps¬
157 1308 899 1364 seine Impromptus für Mund= und
172 1345 906 1413 und ähnliche Pariser Techniken
158 1395 914 1469 Bahr, dem Impresario des Wiener
150 1443 911 1513 konau verpflanzt — praktisch im
157 1496 916 1563 1890), kritisch vorzüglich in den
164 1543 895 1614 g des Naturalismus“ (1891)...
155 1592 911 1661 eiben fehlt der viel vergötzte große
179 1648 913 1708 stärkste Ausnahme macht Georg
149 1696 913 1757 chische Rimbaud, wie eben nur
162 1737 907 1804 cher Urwaldmensch und nervöser
156 1800 909 1858 auch von Grünewald und einem
155 1853 901 1909 zärtlich hingeschmiegt an Wein¬
153 1886 907 1976 ld aber auch apokalyptisch auf¬
169 1936 920 1997 Dürerischen „Melancholia“, wie
155 1986 915 2059 Sjahren gewitterschwül die deutsche
161 2035 912 2103 arfe birst früh und jäh nach den
152 2088 914 2144 ja auch seine immer noch nächsten
161 2134 909 2207 ie Georg Heym und der 1914 ge¬
161 2183 912 2246 chönen Tod der Gewalt sterben).
153 2233 907 2298 nd Hüter der Tranquillität! Noch
160 2292 919 2349 ekadenz — das Wort natürlich
156 2333 780 2393 Krankheitsform verstanden —
154 2391 928 2454 olks; ihr Boden ist gedüngt vom
164 2435 908 2493 er Bartholomäusnacht; und ihre
155 2478 915 2544 en Lettern den Giganten=Ductus
145 2522 918 2598 cht nur im angedeuteten Wiener
159 2565 913 2635 ischen In=sich=Versunkenheit teils
161 2626 917 2696 des spanischen Zeremoniells, kann
166 2684 922 2748 ssenz und Extrakt alles Daseins
180 2720 926 2787 der Ersatz des Lebens — nur
158 2776 916 2831 smus so tief in das Innere zu
152 2825 916 2882 mmung mit dem Pariser Kolorit
161 2871 921 2934 es Vergleichbaren in diesen beiden
165 2919 916 2990 unterirdischer das Wienerische ist
156 2965 921 3038 kren Reichtum des Pariser Welt¬
162 3033 921 3081 ut bewährt noch in der décadence
190 3073 928 3140 zeitigt Gestalt und Bewegung,
180 3124 922 3177 der Seelen und Dinge — das
164 3174 921 3229 rnehmlich die sekundären Eigen¬
165 3220 925 3285 bebend als leuchtend und knallend,
161 3277 931 3326 arbeitend, gleichsam nur latente
161 3320 621 3386 soll letzter Hingabe:
157 3367 910 3439 ick (Nietzsches „azurnen Augen¬
156 3415 919 3489 ie"), man spricht „Verweile doch,
168 3465 921 3529 en, Atemzug für Atemzug, alle
170 3512 930 3568 und Skulpturen), man läßt das
171 3560 942 3635 Schönheit durch sachteste Finger
1486 257 1951 342 box 36/6
2618 1125 2713 1199 41
1583 1133 2575 1210 Alt=Österreichs letzte Dichtung (1890—1914).
1316 1244 2727 1304 gleiten (bei Schnitzler wie bei Hofmannsthal sind es die Leib¬
1310 1259 2737 1348 wörter und Leitmotive: Glück, Schicksal, Abenteuer, Seligkeit)“
1325 1348 2708 1397 und weiß doch zutiefst um Verhängnis und Wandel, ironisch¬
1329 1386 2727 1457 skeptisch taressierend wie das Rokoko, gerade im Entschlüpfen
1316 1446 2717 1499 und Entschwinden den Urgrund der Dinge, den Schoß des
1322 1483 2724 1549 Lebens, den Weltwillen fühlend. Bejahung des Vergehens,
1314 1540 2721 1592 des Zeitpunkts, ist notwendig Verneinung des Werdens, des
1314 1580 2723 1639 Zeitstroms: Einkehr in ein Unendlich=Ruhendes. Und wie alles
1320 1629 2726 1681 Durchschauen des Jetzt nur als Jetzt in die Ewigkeit führt,
1327 1679 2719 1754 so leitet auch die Hingabe an das Spiel nur uis Spiel zu den
1326 1727 2722 1799 „Müttern“ des Seins: „Wir spielen immer; wer es weiß, ist
1318 1760 2723 1844 klug“ (Schnitzler). Eben dadurch, daß die Sinnlichkeit nur als
1324 1823 2715 1892 Abglanz und die Erscheinung nur als Schein gewertet wird,
1321 1889 2720 1939 weist alle Wirklichkeit über sich selbst hinaus. Noch die Ent¬
1317 1936 2727 1991 larvung alles Irdischen als eines Maskenspiels gebiert einen
1323 1978 2713 2051 gewissen höheren, sozusagen perspektivischen Wahrheitsbegriff.
1332 2029 2719 2099 So wird die melancholisch umlächelte Körper= und Bilderwelt
1322 2070 2723 2143 zum Spiegel des Jenseits: zwischen Geist und Leib entspinnt
1337 2120 2728 2198 sich eine rätselreiche Transparenz, zwischen Tod und Leben
1335 2160 2727 2231 eine geheimnisvolle Responsion. Und dies ist in weitestem Sinn
1332 2220 2729 2286 auch barock! Was für breite Teile der norddeutschen Literatur
1328 2266 2725 2331 die Antithese Idee und Erfahrung, Geist und Natur, Denken
1330 2316 2730 2385 und Wirklichkeit bedeutet, das Nämliche ist für dieses Stück
1339 2368 2728 2435 süddeutscher die Antithese von Leben und Totsein (es ist
1336 2414 2729 2488 die elementare Barock=Antithese, wie jene die fundamentalen
1327 2484 2728 2532 Renaissance=Antithesen bleiben). .. In der österreichischen Dich¬
1326 2511 2731 2578 tung um 1900 freilich erscheint dieses barocke Gegen= und In¬
1332 2557 2728 2633 einander schon sordiniert und filtriert, nicht etwa in der schwülen
1328 2611 2732 2693 Theatralik der Bernini oder auch nur Tiepolo (die hier mit den
1335 2664 2736 2730 ekstatischen Analogien von, letzten Endes, Coitus und Exitus zu
1339 2710 2726 2791 schalten lieben), nicht einmal in Gestalt der Sensual= und Sexual¬
1335 2764 2721 2817 metaphysik Richard Wagners, dessen Musik oft desto erotischer
1328 2815 2736 2868 wird, je kosmischer sie sich gibt — gewiß, die Wiener Dichtung
1334 2857 2736 2924 hat auch an Motiven Wagners Anteil (an Wagners Kräfte¬
1334 2918 2735 2979 spiel des Liebestods, Wagners Zwielicht von Zeugung und Tod,
1344 2962 2735 3020 Wagners Gleichung von Wollust und Weltall=Erlebnis): ge¬
1345 2999 2727 3076 rade von 1897 bis 1907 bereitet ja Gustav Mahler als Leiter
1342 3044 2737 3114 der Wiener Oper dem Kunstwerk Wagners die glorreichste Ur¬
1339 3095 2729 3184 stend — auch Weiningers Schicksalsbuch „Geschlecht und Cha¬
1342 3147 2741 3219 rakter“ ist ebenso üppigste Blüte wie gläubigste Ueberwindung
1337 3197 2729 3270 des typischen Wagnerisierenden Weltbilds — und „Eros¬
1340 3252 2733 3318 Thanatos“ durchläuft so neuromantisch=grelle wie impressio¬
1345 3303 2741 3375 nistisch=zarte Metamorphosen. Die edelsten Früchte aber halten
1335 3348 2736 3414 es hinsichtlich der Leben=Sterben=Homousia eher mit Mozarts
1329 3396 2737 3465 geradezu metaphysischer Keuschheit als mit Wagners oft
1343 3440 2728 3526 schlechterdings metaphysischer Geilheit (es ist vielleicht das
1342 3488 2737 3559 Größte schon in Mozarts Kunst, daß sie in alle Berninesken
1334 3539 2750 3622 und Wagnerischen und manchmal Chopinischen Abgründe blickt
