3296 4320
63 311 105 393 1
1894 222 2192 297 ——
1382 309 1853 396 box 36/6
179 304 1233 412 Panphlets, Offprints
1111 361 1241 412 —
2631 1257 3234 1338 Alt=Österreichs letzte Dichtung (
2356 1347 3241 1440 an die bunteste Großstadt des buntesten
559 1347 1938 1448 Alt=Österreichs letzte Dichtung (1890—1914)
2350 1421 3238 1484 an die Sprache, auch nicht an die Landsch
894 1434 1621 1516 Strukturen und Topen
2348 1478 3245 1537 Schutz= und Trutzgemeinschaft geschichtlich
2359 1532 3240 1587 geradezu an die asphaltenen Labyrinthe,
882 1519 1631 1598 von Herbert Cysarz (Wien)
2353 1573 3231 1629 Gesellschaft, an das unnennbare psycholog
2360 1630 3245 1680 an sich Symbol gewordenen Kaiserstadt.
729 1621 1960 1680 er österreichische Südstamm, der in den Tagen Walthers
2363 1670 3239 1740 geschwängert von unermeßlichen seelisch
717 1655 1965 1740 von der Vogelweide und des Nibelungenlieds die köst¬
596 1678 692 1786 4
2357 1724 3236 1777 der Hochsitz der letzten abendländischen
707 1719 1955 1768 lichsten Früchte der deutschen Erde getragen hatte, hat
2366 1761 3243 1820 Stein geronnenes Gemeingeschick eines
568 1772 1955 1832 seit der Weltenwende Luthers nur noch zweimal die Führer¬
2356 1815 3243 1872 Hofburg überkuppelten Chaos der Völker
566 1818 1960 1871 schaft des gesamten Deutschland ergriffen: im Barock des XVI.,
2354 1868 3253 1928 zusammengeheiratet von den Gespenste
562 1862 1948 1929 XVII. und im Impressionismus des scheidenden XIX., däm¬
2358 1916 3233 1976 und zusammenregiert von den Geistern
558 1923 1954 1974 mernden XX. Jahrhunderts. Wien ist die Metropole des euro¬
2361 1959 3250 2023 herrscht von dem letzten weltgeschichtlichen
556 1977 1951 2026 päischen Barocks und die Metropole des deutschen Impressionis¬
2364 2006 3245 2073 echt Habsburgisch — phänomenal unp
570 2009 1964 2067 mus — Wien ist für das kontinentale Barock fast ebenso viel,
2361 2060 3241 2117 die apostolische Majestät des Escorial,
564 2064 1962 2123 wie für die Renaissance Florenz und Rom bedeuten, und es
2367 2110 3236 2168 lang der Erdkreis gebebt hat, noch einma
568 2110 1961 2166 ist für den nationalen Impressionismus, was für den Natura¬
2353 2159 2625 2223 verkörpert
2670 2154 3249 2222 Wer zählt die Stämme,
566 2158 1962 2213 lismus Berlin bedeutet. Beide Seelen= und Ausdruckslagen
2363 2205 3250 2270 zeugend hier zusammenkamen? For
569 2208 1964 2262 indes bleiben schicksalmäßig verbunden: wie das Barock in
2373 2261 3242 2316 Slawentums ziehen herauf, das Gedäc
574 2256 1960 2316 seiner Hochblüte zu Leopolds I. Zeiten manch impressionisti¬
2359 2309 3247 2370 spukt nach, alle Zauber der italienischen
573 2308 1959 2361 schen Zug birgt, ebenso ist auch noch im Sterbelied der Donau¬
2361 2344 3250 2412 leuchten zurück, der müde Doppelaar häl
570 2355 1961 2405 Monarchie um 1900 (dem engeren Thema der folgenden Sich¬
2361 2403 3241 2461 die Zeichen der Macht und des Prunks i
572 2403 1963 2456 tung) impressionistisch überwiegend nur die Kunstform, zutiefst
2369 2450 3246 2504 all dies wird umsponnen und umspie
565 2457 1969 2514 barock aber noch Vieles in der Lebensform. Solcher Zusammen¬
2365 2497 3244 2569 Abendschönheit verhaltener Rokoko=Far
573 2508 1971 2567 klang trennt vorweg die Wiener von ihren Vätern, den Pariser
2371 2551 3242 2607 sommer voll gelber Nachmittage des G
574 2552 1965 2617 Impressionisten, die bei aller großartigen Fülle des äußeren
2360 2590 3233 2655 Tönen Waldmüllers und Schuberts,
566 2605 1968 2648 Lebens viel weniger Schächte ins Innere treiben, desgleichen
2366 2650 3248 2711 Zwielichtern aus Stifterischem Licht und
567 2664 1954 2715 aber auch von ihren norddeutschen Brüdern, deren Impressionis¬
574 2712 1951 2764 mus immer wieder verwächst und verschwimmt mit dem Natura¬
2470 2695 3234 2765 Zunächst sei nun dem dichterischen
574 2749 1961 2796 lismus (man sehe Lilieneron, noch Dauthendey, selbst die Grieg¬
2380 2758 3258 2812 eiliger Rückblick gegönnt! Durch den öste
572 2810 1968 2861 oder Jacobsen=Mode der Waterkant: zum Beispiel Frenssens
2370 2812 3246 2871 hat nie ein Sturm und Drang gebraust -
571 2846 1978 2912 „Jörn Uhl'). Der Wiener Impressionismus hingegen hängt tief
2373 2853 3257 2910 auch im XIX. Jahrhundert kennt Wien
572 2917 1963 2962 und unlöslich zusammen mit der internationalen Neuromantik:
2372 2895 3254 2953 einen Sturm und Drang: sie hat keine
577 2954 1964 3007 mit der melancholischen Sordine Paul Verlaines und den
2366 2953 3251 3013 Herder, keinen Klinger und keinen Heinse,
569 3002 1962 3059 morbiden Narcotica Baudelaires, den Chopinischen Dämmerun¬
2370 2998 3253 3062 keinen Hamann. Nicht die revolutionä
568 3052 1964 3105 gen Régniers und den Schwebungen, Schattungen Arthur Rim¬
2367 3049 3242 3107 romantik findet um 1800 in Oesterreich
573 3089 1964 3156 bauds, mit dem Haschisch und dem „subcurrent“ Charles Swin¬
2368 3093 3252 3144 restaurative und legitimistische Spätron
567 3154 1968 3207 burnes, und last not least mit der lodeskundigen, todessüchtigen
2379 3152 3243 3205 Grillparzer den Eigenstrom des österreie
579 3192 1961 3242 Kunst eines Maeterlinck und seiner vlämischen Nachbarn. Und
2366 3196 3237 3262 Hauptstrom der antikisierend=klassischen
572 3247 1976 3309 wesentlich als das späteste Glied dieser neuromantischen (zum
2377 3250 3246 3299 er sein Drama nicht an Schillers Drama
564 3291 1963 3349 Teil „symbolistischen") Sippe fügt sich die Wiener Poesic um
2376 3292 3253 3363 Erstling „Blanca von Kastilien“ abgesc
575 3340 1969 3382 1900 in die europäische Gesamtentwicklung ein — während
2373 3333 3262 3406 bleibt), nicht an das Schiller=Drama, de
566 3401 1967 3446 sie innerhalb der deutschen Geistesgeschichte vorzüglich als
2374 3390 3250 3452 selbst schief sie gezeichnet sein mögen
577 3438 1965 3495 artistischer, konservativer Gegenpol zum Grobianismus und
2378 3439 3250 3495 Willens einem granitenen Fatum die
576 3481 1969 3533 Anarchismus der Naturalisten in weitere Wirkung tritt ...
2365 3483 3255 3543 lautet „Ducunt volentem fata, trahunt n
575 3536 1754 3589 So viel zur ersten Ortsbestimmung des Gegenstands!
2376 3532 3258 3601 grandiosen pragmatischen (natürlich n
670 3591 1984 3645 Der Schoß all solcher künstlerischen Vielfalt aber bleibt die
2382 3592 3255 3647 Richtigkeit ein ewiges Parzenlied spinn
570 3642 1973 3694 menschliche Einfalt eines unberührten Heimatsinns, der freilich
2378 3634 3234 3705 Weltgeists in menschlichem Planen
580 3678 1984 3747 hier (fast paradox) nicht so an Haus und Herd sich heftet als
2369 3682 3243 3745 schließt sich Grillparzer — und das ist
2410 3731 3252 3820 Preußische Jahrbücher. Bd. CCXIV. Heft
