3392 4352
1329 240 1809 338 box 3578
146 262 1224 383 5. Masken und Nunder
2817 1124 2989 1201 un¬
2010 1133 2732 1223 — genum Riglemtentierung fer
1919 1161 1978 1224 „.
1735 1187 3000 1266 mögliches müsse auch in Zukunft spezialisiert werden
2717 1216 2984 1282 Diplomaten.
2494 1228 2704 1284 einzelnen
2084 1230 2490 1288 Bedürfnissen des
269 1201 1758 1302 —0  4n bdeitenen. Im. iktomk. Dese Mißstände wird ge¬
1824 1242 2091 1302 nach den
510 1255 1754 1329 meinnützigen Körperschaften, die zur Hergabe ihres Namens als
1739 1262 2987 1333 Im übrigen sei die Ausbildung der Diplomaten neu geregelt durch
132 1273 516 1347 nstoß zu der schon
516 1289 1756 1364 Firmenschild herangezogen werden ebenso Personen des öffentlichen!
1880 1300 2989 1372 Imenordnung von 1908. Es sei erst eine Prüsung
1743 1320 1876 1381 die
147 1327 511 1396 n3 durch alle Sus¬
516 1316 1767 1402 Lebens, die zum Eintritt in die sogenannten Ehrenkomitees aufge¬
518 1379 2995 1436 fordert werden, auf das dringendste anempfohlen, mit Rücksicht auf gewezen, so daß man mit Aenderungen immerhin vorsichtig sein
146 1371 514 1435 nsich entschieden,
520 1413 3003 1492 die damit verbundene Verantwortlichkeit eine Zusage erst dann zu müsse. Ein nationalliberales Mitglied wünscht eine enge
140 1419 518 1492 ählen und einigten
1683 1455 1773 1534 —
1749 1486 2993 1569 verdienter Ruhmes kein einziger bitterer Tropfen fällt, kein Reid.
515 1521 1755 1606 immer ein letztes und höchstes Hilfsmittel zu sehlen scheint. Bei
1749 1550 2354 1626 kein Haßsund keine Berkennung.
515 1563 1752 1652 eller Kunst, die er auch in seinen Novellen zeigt, bei aller Geschmeidig¬
150 1556 415 1658 -Cag.
523 1608 1756 1688 keit und Grazie, die ihn hoch hinaushebt fast über das ganze Gros
1802 1597 3003 1691 = Die deutsche Kunstausstellung in Südameriks. In
144 1624 507 1720 Nachbruck verboten.]
512 1651 1760 1734 unserer Novellisten, ist doch manchmal etwas von jener kälteren
1754 1663 3006 1734 Buenos Aires steht die Eröffnung der deutschen Kunstaus¬
521 1695 1566 1781 Ersinnung dabei, die man in seinen Dramen fast nie findet.
1759 1703 3007 1780 stellung bevor, die die Gesellschaft für deutsche Kunst im
572 1720 1755 1809 Das spürt auch der Leser seines neuesten, eben bei S. Fischer er¬
140 1733 525 1820 riststellers Stephan
1756 1740 3001 1822 Auslande als erste ihrer für die nächste Zeit in Südamerika ge¬
525 1785 1755 1853 schienenen Novellenbandes „Masken und Wunder". Es sind
149 1795 524 1869 Tode oder vor dem
1751 1787 3013 1860 planten Veranstaltungen einrichtet. Ansere Künstker erhoffen
531 1827 1771 1904 sechs Erzählungen in diesem Bande vereinigt, erdgeborene und solche
164 1838 520 1902 tätig preisen und
1755 1828 3003 1907 Großes von diesem neuen Absatzgebiet im Lande des verheißungs¬
527 1857 1767 1935 aus dem Diesseits=Jenseits der Allegorie. Es wird auch ein bißchen
150 1871 528 1940 Der Name Arthur
1757 1873 3011 1945 vollen südamerikanischen Handels, dort, wo unsere Industrie schon
519 1905 1767 1981 moralisiert, und zwar mit Feierlichkeit, und nicht nur mit jenem
152 1916 526 1983 n Geburtstag:
1763 1904 3000 1990 seit einigen Jahrzehnten heimisch ist. In den Werken, die mit der
519 1941 1773 2008 weltmännisch=wissenden Lächeln, das wir an Schnitzler ganz besonders
167 1958 524 2026 t in Berlin, in der
1766 1953 3000 2030 Hamburg=Amerika=Linie nach Buenos Aires transportiert wurden.
528 1986 1762 2064 lieben. Sie macht ihn immer, beinahe im Backfischsinne, so „inter¬
137 2008 526 2070 esunden, die sich an
1758 1995 3005 2067 sind alle Lager unserer Kunst vertreten. Die Jury setzte sich aus
527 2028 1763 2102 esant“, diese Falte um seinen Mund, die Spott und Schmerz und
139 2040 538 2100 e und volkstümliche
1760 2041 3015 2116 hervorragenden Malern und Bildhauesn der verschiedensten Kunst¬
530 2069 1764 2143 Verzeihung zugleich ist, aber nicht Anklage. In einigen der Ge¬
158 2091 524 2155 weisen, welcher doch
1759 2075 3013 2150 richtungen zusammen, aus Berlinern, Münchnern, Skuttgartern.
531 2109 1761 2183 schichten finden wir sie wieder, im „Toten Gabriel“ wo ein paar
153 2124 534 2192 gewesen ist. Die
1756 2124 3011 2202 Karlsruhern, Darmstädtern und anderen. Den Vorsitz hatte Professar
519 2156 1766 2223 1 Menschen glänzend und rasch abgebildet werden, im „Tod des Jung¬
162 2169 539 2234 nächste dazu wäre,
1761 2183 2124 2253 Otto H. Engel.
524 2191 1764 2279 gesellen“ und in der Novelle „Der Mörder“, die sehr erschüttert und
151 2205 531 2274 as Deutsche Theater
1818 2191 3020 2284 Ein Novum bei solcher internationalen Veranstaltung ist es, dah
539 2221 1777 2306 erregt mit dem unruhigen Fackelglanz, der über nackten Menschen¬
154 2260 542 2326 as königliche Schau¬
1773 2246 3020 2323 die bekannten Hauptwerke. schon verstorbener Künstler fehlen, wie sie
527 2276 1764 2347 seelen hin und herspielt. Man kann diese Erzählungen nicht besser
154 2292 531 2363 nichts. Man kennt
1777 2291 3018 2363 sonst von unseren staatlichen Galerien hergeliehen werden. Die
528 2314 1761 2386 loben, als wenn man sagt, daß sie an den Dramatiker Schnitzler er¬
155 2337 537 2402 rtstag; an seinem
1761 2328 3012 2411 Künstler fanden ganz mit Recht, daß sie sich einmal ganz auf ihre
540 2363 1763 2433 innern, und an das Beste, was er der Bühne gegeben hat. Hier deckt
154 2387 531 2448 etwas arrangieren.
1757 2373 3016 2457 eigene Kraft verlassen müßten, und sie wollen ja vor allen Dingen
534 2396 1777 2475 sich Empfinden und Erfindung ganz miteinander. „Das Tagebuch
1774 2416 3022 2490 verkaufen. Besonderer Wert gelegt wurde auf Bilder spezisisch
136 2427 528 2492 nitzler nicht auf dem
527 2439 1767 2519 der Redegunde“ ist ein kleines, zart geschliffenes Capriccio mit einer,
1766 2456 3024 2531 deutschen Charakters: Ansichten alter deutscher Städte, Bilder aus
136 2468 535 2541 de dann, indem man
539 2486 1775 2561 wie mir scheint, nicht ganz echten humoristischen Geste. „Die Hirten¬
1755 2492 3031 2581 der deutschen Tiefebene mit den Biehweiden Oskar Frenzels, den
150 2505 549 2573 rchblättert und auch
536 2534 1769 2611 flöte“, die erste und größte der in diesem Bande vereinten Erzählun¬
1771 2529 3012 2614 friesischen Dorfstraßen Otto H. Engels; sogar der deutsche Weihnachts.
181 2560 538 2627 i sehr, um wieviel
530 2565 1773 2649 gen, steigt hoch in die kühle Luft des Sinnbildlichen, und so hinreißend
1769 2581 3024 2656 baum ist mit zwei Darstellungen von Hans Looschen und Rend
195 2590 534 2649 Es ist ein seltener
541 2613 1775 2692 schön hier Einzelheiten sind, und so sehr durch den Faltenwurf der
1768 2626 3023 2693 Reinicke zur Stelle. Kaum einer unserer besten Namen wird in
152 2625 540 2697 ichtet wird, daß der
533 2657 1767 2731 Allegorie auch hier das Leben überall hindurchschimmert, so ist in
1768 2661 3027 2741 Buenos Aires fehlen. Da sind Liebermann und Slevogt, Thoma
156 2676 544 2743 und Begründungen
549 2712 1775 2776 dieser Geschichte von der irrenden und dennoch siegenden Frau doch zu
138 2719 540 2784 Det, wie der Bühnen¬
1767 2715 3022 2791 und Kalckreuth, Stuck, Bracht, Ludwig v. Hofmann, Dettmann.
544 2741 1778 2818 viele These, Belehrung und Abstraktion. Das Blühende an Schnitzier
1780 2754 3020 2824 Kallmorgen, Hans v. Bartels, unter den Bildhauern Brütt, Manzel,
145 2770 540 2825 nit äußerster Knapp¬
540 2788 1777 2862 liegt wie unter einem seinen Regen grauer Asche, und ich glaube, daß
1768 2783 3037 2875 Beyrer. Auch eine graphische Abteilung stellte man zukammen. Der
151 2807 543 2871 figer das Umgekehrte
549 2824 1779 2909 er hier Menschen nach einem Gedanken, uno nicht nach Menschen
1774 2831 3035 2906 bisherige Vorsitzende der Gesellschaft für deutsche Kunst im Auslande.
150 2848 545 2909 n die Schilderer des
1777 2875 3025 2947 Geheimer Rat Platz, der die organisatorischen Arbeiten leitete, brachte
544 2880 812 2965 gebildet hat.
152 2895 541 2958 heit zu sein scheinen,
587 2903 1770 2983 Am Schluß des Bandes: „Die dreifache Warnung“. Ein Bild von
1775 2906 3026 2994 aus den Kreisen der opferwilligen Kunstfreunde die erforverlichen
160 2933 549 2999 r zu groß, mit einem
546 2954 1769 3030 absoluter und ungetrösteter Melancholie, die Geschichte vom wagenden
1776 2984 2154 3048 Mittel zusammen.
148 2971 487 3048 Bühne bedienen.
553 2999 1779 3072 Mann, der dem Schicksal auftrotzt und ihm unterliegt. Soll das die
1840 2992 3024 3086 □ Neue pompejanische Funde. Aus Pompeji wird ge¬
167 3016 548 3090 nInstinkt für die
543 3033 1784 3122 Philosophie des Fünfzigjährigen bedeuten, eine erste Altersmelodie,
1777 3046 3024 3124 meldet: Bei der Fortsetzung der Ausgrabungen unter der Leitung
142 3068 554 3136 als wenn er kurz ist,
542 3066 1779 3165 ein Verzicht und Aufgeben? Das wird und darf nicht sein. Nur
1783 3083 3026 3171 von Professor Spinazzola entdeckte man heute eine vollständig
144 3113 546 3176 n will, niemals per¬
542 3126 1790 3203 gerade ein Schatten, der ihm über die Seele lief, und rasch vom
1784 3143 3020 3214 erhaltene Freske von außergewöhnlicher Bedeutung und wun¬
151 3156 554 3216 stalten seiner Ein¬
544 3166 1791 3233 Sonnenschein wieder aufgesogen. Des Dichters Herz kann ja, bei
146 3191 559 3252 elkunst, ihre Möglich¬
1776 3178 3027 3271 derbarer Schönheit. Die Freske schmückte die Fassade eines an einem
546 3207 1791 3278 aller Skepfis, nicht anders als voll Heiterkeit sein, gerade jetzt, wo er
142 3225 562 3305 und, indem er ihr
162 3216 3039 3365 #r nur Spiker ist, ihm sieht, wie man ihn liebt, einer der wenigen, denen in das Glück des öffentlichen Wege liegenden Hauses und wurde von einem an Ort
