3392 4352
1334 245 1797 335 box 35/8
862 265 992 330 Wur
690 280 762 332 n
142 265 1245 358 5. Maskender
337 644 1207 735 Zeitung: Kölnische Zeitung
335 754 472 827 Ort:
906 751 1294 823 Köln a. Rh.
557 843 673 930 20
323 890 1367 964 Datum: S e AnSeReARAAAAAEmnAAeneranenaaneemeneeeeeenaungeren
1614 1039 2868 1136 störend wird durch eine vorteilhafte Veriobung. Er macht mit der
631 1059 1346 1140 2 Moderne Novellen.
1616 1109 2843 1156 Geliebten eine Schiffsreise nach Indien, und unterwegs beseitigt er
401 1136 1586 1208 So wirr und unabgeklärt die sonstigen künstlerischen Verhältnisse
1617 1148 2839 1210 sie dadurch, daß er ruhig zusieht, wie sie, die Leidende, eine von
354 1165 1590 1253 in Deutschland gegenwärtig auch sein mögen, immer deutlicher
1612 1188 2833 1254 ihm vorbereitete Morphiumlösung einnimmt. Nach Hause zurück¬
360 1227 1600 1295 erfüllt sich unsere schon früher gemachte Vorhersage, daß auf dem
1616 1240 2839 1289 gekehrt, muß er erfahren, daß die Braut, um derentwillen er die
356 1269 1585 1340 Gebiete des Romans, dank seiner Unabhängigkeit von gewissen
1619 1281 2843 1327 Geliebte geopfert hat, von der Verlobung zurücktritt, dagegen aber
346 1309 1589 1382 Einflüssen, die Dinge sich immer klarer entwickeln in dem Sinn
1623 1318 2841 1373 fordert ihn ein Herr zum Duell, der mit ihm gereist ist und die
349 1366 1591 1430 einer Rückkehr zu alten Grundgedanken der Erzählungskunst.
1610 1366 2844 1425 Dinge, die auf dem Schiffe vor sich gingen, durchschaut hat, weil
359 1404 1588 1471 Neue feinexe Ausarbeitungen sind der Gewinn einer gewissen
1609 1405 2846 1454 er selber jenes Mädchen liebgewonnen hatte. In diesem Duell
345 1446 1578 1513 Durchgangszeit, die aber keine neuen Grundsätze der Erzählungs¬
1605 1443 2850 1514 fällt er. Auch die andern kleinern Geschichten sind Spiele mit dem
356 1491 1582 1555 kunst geschäffen hat, sondern zur erprobten Weise der Väter und
1605 1495 2843 1536 etotischen Abenteuer, das überhaupt im Mittelpunkt dieser neuesten
1602 1535 2098 1606 romantischen Novellistik ste
346 1530 1587 1591 Großväter zurückzukehren auf der ganzen Linie entschlossen zu sein
347 1580 1586 1648 scheint. Die Neuromantiker gerade sind es, die sogar zu den alten
350 1624 1583 1684 Formen zurückkehren, dem Abenteuerlichen, Spannenden, dem
343 1665 1583 1735 Absonderlichen, das man vor etlichen Jahren noch in den Kreisen
342 1709 1588 1773 der Allerweisesten verhöhnte. Der unter der Maske tieferer
342 1756 1593 1807 Psychologie sich verbergende Lyrismus von Dichtern, denen die
347 1791 1586 1867 Gestaltungskraft fehlte, ist in vollem Rückgang begriffen. Die
333 1837 1592 1878 Novelle hört auf, nur formlose Skizze zu sein, und es erscheint!
335 1879 1594 1945 wieder jene Novelle alten Stils, die zum Mittelpunkt das
339 1934 1581 1997 absonderliche Erlebnis in seinen Folgen bringt. Und auch im
331 1975 1578 2040 Roman hat man jetzt den Mut wieder, zu ganz abenteuerlichen
337 2024 1583 2060 Geschehnissen zurückzugreifen. Neben diesen mehr oder minder
331 2064 1579 2122 romantischen, aber immerhin von moderner verfeinerter Psychologie
333 2100 1586 2162 durchsetzten Werken lebt dann in frischer Weiterentwicklung der von
338 2151 1584 2198 unsern Astheten gänzlich verachtete realistische Gesellschaftsroman,
339 2195 1440 2251 der ein Bild unseres großstädtischen modernen Lebens bietet.
371 2247 1581 2295 Aus dem Kreise dieser neuen Erscheinungen greifen wir heute
332 2271 1580 2332 Einzelheiten heraus, und wir beginnen dabei mit dem neuen Buche
325 2329 1575 2382 eines unserer bekanntesten modernen Schriftsteller, mit der
327 2366 1543 2432 Novellensammlung „Masken und Wunder“, die Arthur
337 2408 1580 2466 Schnitzler im Verlag von S. Fischer erscheinen ließ. Wie
336 2460 1582 2513 auch bei andern Schriftstellern, von denen wir in folgendem zu
330 2498 1570 2533 reden haben, bildet erst recht bei Arthur Schnitzler die Stilkunst, die
322 2551 1565 2600 leichtflüssige und farbig gestaltende Ausdrucksform, die sich nicht
323 2590 1566 2643 wiedererzählen läßt, einen so wesentlichen Teil des Wertes, daß
330 2634 1576 2683 eine nackte Wiedergabe des stofflichen Inhalts der in Rede stehenden
327 2671 1577 2720 sechs Novellen unmöglich die Wirkungen seiner graziösen Geschichten
332 2723 1571 2764 widerspiegeln kann. Es sind moderne Geschichten aus der Wiener
322 2738 1578 2818 Lebemannssphäre, mehr oder minder mit dem Geruche welkender
328 2800 1576 2864 Rosen behaftet, aber zugleich wesentlich romantischen Charakters
325 2847 1570 2891 in dem Sinne, daß sie absonderliche Ereignisse erzählen, an die
328 2888 1561 2950 sich keine allgemeinen moralischen oder sozialen Folgerungen
325 2935 1562 2979 knüpfen lassen. Eröffnet wird die Sammlung mit einer Geschichte,
330 2979 1560 3032 die eine solche romantische Stimmung anscheinend absichtsvoll
319 3022 1564 3059 einleitet. Sie heißt: Die Hirtenflöte. Eine junge, tadellos
331 3059 1566 3122 tugendhafte Frau lebt harmlos an der Seite ihres Gatten, der ihr
320 3108 1564 3163 nun eines Tages die Meinung kundgibt, sie wisse ja in ihrer wohl¬
317 3154 1571 3196 behüteten Unschuld gar nichts von den Gefahren des Lebens und
318 3192 1564 3241 könne daher auch nicht behaupten, daß sie allen Prüfungen dieses
319 3229 1568 3286 Lebens mit ihrer Tugend gewappnet gegenüberstehen würde. Er
325 3276 1560 3326 macht ihr den Vorschlag, sie solle hinausziehen in die weite Welt
320 3321 1561 3378 und solle dort ihre Tugend einmal erproben. Er würde, wie sie
311 3379 1571 3423 auch heimkehre, sie unter allen Umständen wieder liebevoll in sein:
324 3408 1568 3468 Haus aufnehmen. Und Dionysia zieht hinaus auf Abenteuer, die
322 3467 1565 3503 mit einem Hirten beginnen und weiterführen zu den tollsten und
322 3495 1561 3545 wildesten Erlebnissen. Erniedrigt, müde und zerbrochen kehrt sie
322 3549 1563 3597 nach Jahren zum Gatten zurück, der sein Wort hält und sie
324 3586 1560 3641 freundlich milde aufnimmt. Da faßt sie aber ein Ekel vor diesem
315 3632 1558 3671 Mann, und sie zieht wieder ins Weite. Sie bleibt verschwunden.
308 3683 1559 3726 Sonderbar mystisch klingt der Schluß, wonach der Gatte eines
311 3722 1560 3779 Tages am Himmel einen irrenden Stern sah, der kam und ver¬
317 3762 1552 3806 schwand, ohne in das Sternensystem der Wissenschaft zu passen.
314 3807 1557 3855 Von den weitern Geschichten ist die wichtigste „Der Mörder“.
307 3851 1563 3908 Ein junger Mann unterhält ein Liebesverhältnis, das für ihn
