3392 4224
1317 239 1782 328 box 35/8
828 248 917 314 Wi
962 246 1045 312 d
311 249 562 316 asken
120 250 1151 353 5UNRE
899 838 2582 890 472 Carl Busse: 13333333 3232135342835280
903 900 2575 969 flöte“, schweift halb ins Märchenhafte. Da die bekannte und bedenkliche Neigung des
900 958 2571 997 gibt ein Sternseher sein junges Weib frei, Wieners zum Geistreich=Ertüftelten. Alles
900 994 2575 1033 damit sie in unbeschränkter Hingabe an jede bei ihm ist seines Phantasiespiel. „Wir
897 1036 1655 1088 Neugier und jeden Trieb das noch
1739 1039 2572 1094 spielen immer; wer es weiß, ist klug,“ hat
897 1072 1732 1112 weckte Geheimnis ihrer Seele aus Licht
1741 1074 2570 1118 er als Motto vor eins seiner Werke gestellt.
902 1109 1731 1169 bringe. Sie wehrt sich erst instinktiv gegen
1743 1115 2570 1157 Wenn wir zurückdenken, bleibt uns auch
894 1152 1723 1190 das Experiment, dem der Mann sie aus¬
1741 1155 2564 1202 von ihm nicht eine einzige Gestalt im Ge¬
896 1193 1733 1243 setzen will, aber da er darauf besteht, geht
1738 1192 2571 1253 dächtnis, sondern allenfalls nur ein geistreiches
898 1234 1727 1280 sie von dannen. Sie folgt dem Klang einer
1739 1232 2572 1276 Wort oder eine feine Verknüpfung. Im
903 1264 1732 1309 Hirtenflöte, sie wird in Abenteuer und Schick¬
1741 1269 2570 1311 Tiefsten ist er doch nicht lebendiger Schöpfer,
900 1303 1729 1351 sale allerart gerissen, sie kehrt nach Jahren
1733 1307 2570 1351 sondern nur feiner Betrachter. Und das
909 1346 1732 1388 zu dem Gatten nur zurück, um seine Weis¬
1733 1352 2568 1392 künstlerische Spiel, das er treibt — vorneh¬
898 1384 1727 1438 heit anzuklagen und zu verhöhnen. „In der
1741 1365 2594 1450 mer, geistreicher und geschmackvoller, als es)
901 1430 1727 1478 Beschränkung, die du mir zuerst bereitet, und
1740 1428 2563 1477 sonst geschieht — hat doch einen leeren und
903 1462 1720 1513 wo alles Pflicht wurde, war mir versagt,
1742 1468 2561 1538 gespenstischen Grund. Das darf man sselhst
898 1507 1732 1557 mich zu finden. Im Grenzenlosen, wohin
1742 1504 2434 1548 im Jubiläumsjahr nicht verschlucken.
900 1540 1731 1595 du mich sandtest, und wo alles Lockung war,
1776 1522 2562 1599 Hermann Hesse hat nicht diese Fin¬
902 1583 1727 1631 mußte ich mich verlieren. Ich weiß nicht,
1741 1577 2570 1641 heit des Geistes, aber eine größere Junig¬
906 1621 1724 1672 wer ich bin.“ Und sie geht auf Nimmer¬
1745 1622 2568 1663 keit des Herzens. Er geht nicht von einem
905 1658 1730 1708 wiedersehn. Lose Fäden führen von hier zu
1737 1662 2564 1710 interessanten Einfall, einer reizvollen Ver¬
899 1686 1720 1753 dem Einakter „Paracelsus“ hinüber, den
1740 1698 2571 1738 knüpfung, einer merkwürdigen Situation aus,
900 1722 1724 1780 Schnitzler vor Jahr und Tag einst schrieb.
1738 1738 2567 1786 sondern von einem Menschen, den er liebt,
906 1759 1722 1827 In der Hypnose sieht der Waffenschmied,
1732 1775 2567 1831 einer Stimmung, der er sich hingibt. Er
900 1819 1727 1855 was sein Weib Justina, die er so sicher zu
1741 1813 2570 1867 ist lyrischer, wärmer, germanischer Und
901 1849 1726 1911 besitzen glaubt, alles begehen könnte. Was
1740 1851 2571 1908 sind Schnitzlers Helden Gesellschaftsmenschen,
902 1894 1725 1938 dort Traum ist, wird hier in der Novelle
1734 1895 2567 1941 Typen der eleganten Wiener Lebewelt, die
891 1931 1730 1990 Wirklichkeit, ohne dadurch zu gewinnen.
1730 1935 2567 1980 vor ehelichen Bindungen zurückschenen und
904 1971 1722 2013 Denn wir fühlen nun doppelt, daß das
1734 1969 2565 2027 ihre nicht allzu starken Gefühle irgendwel¬
898 2010 1725 2062 Ganze etwas erklügelt ist. Für ein Märchen
1733 2012 2564 2055 chen wechselnden „kleinen Mädchen“ oder
895 2050 1720 2100 ist es nicht leicht, luftig und symbolisch ge¬
1730 2047 2565 2102 den Frauen ihrer Freunde zuwenden, so ent¬
893 2091 1726 2147 nug. Für eine Novelle hat es nicht genug
1739 2090 2563 2134 stammen Hesses Helden dem soliden Klein¬
892 2125 1729 2171 ehrliche Realität. So bleibt uns ein schwan¬
1731 2125 2564 2177 bürgertum, müssen sich früh ihr Brot erwer¬
902 2162 1718 2214 kender Eindruck. Wir wollen das warme
1730 2164 2569 2216 ben, sind viel zu schüchtern, um der holden
1737 2210 2564 2246 Weiblichkeit gefährlich zu werden, und denken
899 2207 1724 2263 Leben fühlen und stoßen doch nur auf eine
899 2245 1718 2298 kalte Maske, hinter der es sich verbergen
1733 2248 2562 2296 bei jeder Liebe gleich ehrbar an die kirch¬
1730 2283 2563 2345 liche Trauung. Ja, sie haben sogar eine
897 2286 1722 2332 soll. Wir gehen angeregt, aber nicht über¬
1733 2317 2556 2371 manchmal beklemmende Neigung, sich in
899 2319 1721 2375 zeugt von dannen, und etwas Ahnliches
1729 2362 2565 2417 kleinen Berufen zufrieden zu geben, und un¬
898 2363 1721 2403 wiederholt sich bei den letzten Stücken des
1732 2396 2559 2446 willkürlich zuckt man zusammen, wenn Peter
889 2394 1727 2452 Bandes. Dazwischen wird die Geschichte
895 2442 1724 2485 eines Mörders erzählt, der eine alte Geliebte
1738 2440 2571 2478 Camenzind etwa in der Gastwirtschaft enden
900 2483 1723 2528 „mitleidig=tückisch“ vergiftet, um sich die
1739 2476 2562 2526 soll, oder andre als Schneider, Tischler, Haar¬
897 2517 1722 2569 Bahn zu einem vergötterten Mädchen frei
1731 2517 2562 2565 künstler unterkriechen. Aber das Menschliche
1740 2554 2571 2602 adelt schließlich jeden Stand und schimmert
895 2555 1722 2603 zu machen. Aber wer Schnitzler kennt, der
1741 2596 2559 2637 als Licht auch durch den ärmsten Kittel. Un¬
902 2595 1716 2637 weiß, daß dieser starke Stoff ihm nicht liegt.
895 2631 1724 2680 Ihn selbst vermochte niemals eine Leidenschaft
1739 2634 2566 2686 angenehm wird die Sache erst, wenn solche
1736 2677 2563 2723 reine Menschlichkeit fehlt. Und nur mit ge¬
892 2674 1719 2716 aus seiner Bahn zu reißen: so kann er auch
895 2709 1716 2761 solche sich bis zum Verbrechen erhebende
1742 2714 2563 2768 mischten Gefühlen wird man deshalb Her¬
886 2756 1723 2809 Leidenschaft nicht so gestalten, daß wir un¬
1740 2749 2565 2804 mann Hesses neues Erzählungsbuch, die
884 2786 1719 2835 bedingt glauben. Die leise, tatenlos ver¬
1735 2780 2562 2839 „Umwege“ (Berlin, S. Fischer), genießen.
890 2825 1729 2889 puffende Betrachtung und Stimmung ist seine
1739 2831 2557 2869 In der ersten und größten Geschichte wird
1734 2869 2567 2914 der Lebenslauf eines jungen Mannes ver¬
899 2867 1721 2917 Domäne; die elegante Gesellschaft, in der
1740 2909 2561 2954 folgt, der Notar oder etwas Ahnliches wer¬
891 2908 1726 2958 sich alles unter festen und sichern Formen
1729 2947 2560 2998 den soll, der aber schließlich seinen wahren
887 2949 1716 2999 verbirgt, sein Jagdrevier. Deshalb halte
887 2981 1718 3031 ich den „toten Gabriel“ doch wohl für die
1731 2984 2562 3032 Beruf darin entdeckt, eine Barbierstube auf¬
885 3026 1727 3077 beste der sechs Erzählungen, obwohl die
1728 3029 2563 3073 zumachen. Nun will ich ausgesprochene
1731 3065 2568 3113 Coiffeurtalente durchaus nicht unterschätzen
888 3061 1719 3112 psychologische Feinheit sich hier schon der
1734 3100 2559 3146 und würde Herrn Ladidel gegebenenfalls
895 3096 1722 3154 überreiztheit und Spitzfindigkeit nähert.
1734 3144 2561 3184 mit Vergnügen mein Haupt anvertrauen,
892 3141 1708 3181 Daneben verdient „Der Tod des Jung¬
1735 3182 2562 3232 aber warum in aller Welt macht man dieses
892 3181 1718 3233 gesellen“ den Preis: eine Viertelstunde nach
1731 3218 2566 3281 im übeigen ziemlich jämmerliche Jüngelchen
894 3224 1723 3266 seinem Hinscheiden erfahren die versammelten
1740 3253 2563 3306 zum Helden einer großen Geschichte? War¬
895 3257 1730 3310 und ertra berufenen Bekannten, daß der
1724 3294 2566 3349 um mißbraucht in Dichter seine guten Gaben
892 3298 1729 3344 eben Verstorbene — alle ihre Frauen be¬
1730 3333 2557 3388 dazu, in aller Ausführlichkeit einen Men¬
887 3334 1718 3384 fessen hat. Wie sich jeder damit abfindet,
1726 3365 2561 3416 schen zu entwickeln, dessen höchstes Ziel im
885 3376 1729 3428 das ist sehr fein gegeben. Hier spielt die
885 3419 2570 3467 Schnitzlersche Satire mit, die zwar im Ein= Bartkratzen und Zöpfeflechten besteht? Mit
892 3454 2569 3510 fall, aber niemals in der Form grotesk ist, welchem Rechte schleppt er uns über alle
940 3493 2567 3557 Immerhin zeigt auch dieser Stoff schon möglichen Umwege an die Endstation eines
