3392 4224
513 179 1268 292 Klose & Seidel
467 249 1362 359 Bureau für Zeitungsausschnitte —
410 308 1363 414 Berlin NO.43, Georgenkirchplatz 21!
485 441 1279 521 (Liest die meisten Zeitungen und ist das
476 481 1287 582 bestorganisierte Bureau Deutschlands.)
359 605 1370 691 Zeitung: Humburger Fremdenblatt
986 689 1324 762 Mambure
368 726 514 797 Ort:
1095 808 1390 871 S
365 783 1094 907 Datum:  Z. 6.|1411912
466 974 1361 1067 Masken und Wunder. Von Arthur
470 1028 1357 1104 GierBerlin, 8. Fischer.
495 1077 1360 1153 Der neue Novellenband, der an des Dichters
417 1126 1359 1188 fünfzigsten Geburtstage erscheint, ist ein echter
420 1165 1362 1231 Schnitzler. Echt in seinen uns längst gewohnten
420 1205 1368 1266 und liebgewordenen Gedankengängen, echt in
419 1244 1363 1303 seinen melancholischen, zerfaserten Soelen¬
420 1284 1355 1344 stimmungen, echt auch in allen seinen Gestalten.
434 1320 1369 1381 Es tritt nicht eine Figur auf, der wir; nicht
433 1356 1368 1423 schon in Schnitzlers dramatischen Werken be¬
429 1394 1372 1470 gegnet wären, es taucht auch nicht eine äußere
422 1445 1372 1508 Lebenserscheinung vor uns auf, die ihr Schöpfer
416 1474 1369 1532 zu einem Symbol zu verdichten sich bemühte.
418 1513 1372 1581 Und dennoch ist dieses stille, anspruchslose Werk
430 1555 1374 1613 in einem besonderen Sinno kein echter Schnitzler.
422 1596 1368 1660 Nicht einer der lebenden großen und kleinen Er¬
428 1632 1369 1698 zähler wählt eine so überraschend, ja wunder¬
429 1670 1373 1729 lich undramatische Form, wie der Dramatiker
423 1709 1382 1766 Schnitzler in seinem neuesten Buch. In den
429 1746 1373 1813 sechs Novellen kommt kein Dialog vor. Nur an
434 1782 1381 1849 einer Stelle werden Rede und Gegenrede in
425 1841 1375 1888 direkter Folge gegenoinander abgewogen. Da
436 1865 1381 1926 aber geschieht es nur, um die Quinressenz, das
430 1905 1382 1957 Resümee, die belehrende Tendenz der Novelle
1048 1938 1382 2001 Also auch da
427 1949 1026 2013 prägnant zusammenzufassen.
434 1977 1378 2040 sprechen nicht die handelnden Personen, sondern
426 2030 1383 2078 der Dichter selbst in einer Ma#le, #ie er such
424 2035 1394 2118 von seinen Figuren lieh, zu uns. In der Flut
530 2103 1113 2185 W W
467 2172 1399 2223 der belletristischen Nouerscheinungen eines Jahres
467 2210 1404 2263 gibt es vielleicht nur diese eine, die bewußt jeden
471 2255 1406 2301 Dialog ausschaltet; und dieses eine Buch stammt
481 2289 1402 2338 von dem Meisier des Dialogs, von Schnitzler.
470 2326 1406 2378 Mit diesem auriosum haben sich seine Leser
468 2344 1415 2418 abzufinden. Im übrigen wird ihnen das Buch
476 2406 1401 2455 kaum große Ueberraschungen bieten. Es schildert,
470 2450 1405 2498 wie so viele andere desselben Wiener Poeten,
475 2476 1412 2531 nur Wioner Menschen. Es zeigt uns wohl¬
469 2521 1406 2569 habende, soignierte, im Grunde beschäftigungs¬
467 2571 1406 2608 lose Herren, also Salonlöwen, Kavaliere, junge
467 2605 1405 2647 Lebeleute und alte Sonderlinge und stellt sie im
474 2641 1402 2689 Gegensatz zu dem armen, kleinen, süßen Wiener
472 2686 1408 2725 Mädel: das Motiv der „Liebelei“ in ewig neuen
472 2717 1407 2772 Variationen. „Ein junger Mann, Doktor beider
472 2754 1410 2802 Rechte, ohne seinon Beruf auszuüben, ektern¬
653 2792 1408 2844 behaglichen Umständen lebend, als
471 2801 650 2847 los, in
473 2838 1405 2882 liebenswürdiger Gesellschafter wohl gelitten,
468 2871 1413 2928 stand nun seit mehr als einem Jahre in Be¬
476 2915 1397 2967 ziehungen zu einem Mädchen geringerer Art.“
468 2950 1407 3002 Wörtlich so beginnt eine der Novellen. Und
464 2985 1413 3041 unserem Gefühl nach auch wörtlich so wie in
469 3026 1410 3093 Schnitzlers bekannten Stücken kommen die ero¬
466 3071 1419 3115 tischen Triebe, die plötzlich von einor falschen
461 3115 1416 3152 Ehrsucht aufgepeitschten Ettelkeiten, die halb be¬
468 3141 1409 3193 wußten und die unbewußten Gefühle von sich
476 3178 1414 3226 umgirrenden Männlein und Weiblein zum Aus¬
471 3221 1413 3260 druck. Man liebelt und plänkelt und genießt,
462 3256 1412 3299 solange man dabei körperlich frisch bleibt, und
465 3293 1413 3346 beginnt elegisch zu träumen und wird philo¬
471 3336 1417 3399 sophisch angehaucht, wenn sich die Langewelle
466 3368 1422 3424 einstellt. Aus Mangel an animalischen An¬
474 3421 1418 3468 regungen, aus Ermüdung der Nerven, aus
471 3461 1419 3503 Uebersättigung beginnt man, da auch dio Ruhe¬
468 3497 1415 3542 pausen des Lebens ausgefüllt werden müssen,
1305 3533 1414 3581 Die
477 3535 1285 3585 über den Sinn des Lebens zu grübeln.
482 3572 1419 3616 Grenzen im Empfindungsleben der Geschlechter
481 3618 1416 3664 werden dann wohl mit ein paar überraschenden
477 3664 1419 3699 Worten abgesteckt, eine Frage wird gestellt, ein
479 3690 1414 3738 Problem wird aufgerollt, ein Schicksal wird ent¬
490 3726 1421 3780 schieben, und das alles geschieht mit graziösen
495 3765 1414 3811 Gesten, ohne große Gewichtigkeit, ohne Pose,
482 3804 1423 3855 ohne grandloses Gehabe. Nicht so oberflächlich,
485 3846 1419 3894 wie das romanische Naturen zu tun pflegen,
487 3882 1423 3924 nicht so schwer und von Gewissensbissen erfüllt,
485 3922 1410 3974 wie es bei einem nordischen Temperament ge¬
489 3965 1417 4013 geben wäre, sondern im Grunde unverfälscht
1036 3996 1377 4056 Robert Saudek.
494 3997 910 4065 und echt österreichtsch.
1794 1394 2199 1499 eusschnitt aus: ##
2199 1421 2791 1527 OHEMIA, PRAG
2031 1465 2313 1555 I5Mtisie
2620 1498 2750 1553 ieenteg
1792 1527 1998 1593 goni:
1778 1623 2726 1703 Künst, Wissenschaft und Diteratat.
1910 1723 2611 1799 Neue Novellen Schnitzlers.
1849 1796 2747 1868 Unmittelbar vor der heutigen Feter von Akthur
1762 1840 2740 1905 Schnitzlers sünfzigstem Geburtstag hat der Verlag
1762 1890 2749 1951 S. Fischer, Berlin, der zugleich drei Bände gesam¬
1753 1928 2753 1987 melter Erzählungen des Dichters ankündigt, einen
1757 1973 2734 2040 neuen Novellenband mit dem Schaffen der Jahre seit
1755 2024 2751 2063 den „Dämmerseelen“ erscheinen lassen. Der Titel
1753 2054 1826 2119 ist
1838 2057 2749 2125 „Masken und Wunder“ Abermals
1760 2113 2736 2169 sind es elegische Meisterwerke, von klarer, in sich voll¬
1755 2151 2740 2210 endeter Sprachkunst und mit der zwischen Leben und
1754 2199 2751 2239 Tod versonnen dahinwandelnden Philosophie ihres
1748 2242 2736 2283 Autors. Den Kranz wird man diesmal der Novelle
1749 2277 2735 2343 „Der Mörder“ zuerkennen, die ein tiefes Problem,
1753 2329 2745 2401 das Verbrechen eines harten Ehrgeizigen an seiner
1749 2363 2738 2432 Geliebten und die Schicksalsfühne, mit grausamer
1751 2419 2737 2472 Eindringlichkeit behandelt. Dann der „Toté Ga¬
1751 2445 2742 2518 briel“, eine Geschichte von tragischem Sterben, Liebe
1749 2499 2737 2558 über den Tod hinaus und auf den Feind des Ge¬
1751 2544 2733 2600 liebten abgelenkten Gluten des Hasses. An dritter
1749 2580 2739 2639 Stelle die „Redegonda“ die mit verdoppelter und
1741 2635 2741 2671 dreisacher Ironie das Gespenstische auflösende Trau¬
1744 2670 2738 2739 mesvision, die man in Prag von Schnitzler selbst
1744 2716 2736 2783 vorlesen gehört hat. In goethisch zeitloser Prosa ist
1738 2757 2725 2822 die „Hirtenslöte“ geschrieben, die der Uebergang zum
1743 2804 2720 2863 Symbol ist, das Drama eines durch alle Abenteuer,
1738 2843 2725 2907 alle Schuld und alle Aengste hindurchgejagten, von
1744 2892 2734 2958 verzeihender Liebe erlösten Frauendaseins. Der
1758 2939 2732 2997 „Tod des Junggesellen“ klingt an das einaktige
1753 2982 2727 3024 Drama „Die letzten Masken“ an. Ein Buch der höch¬
1751 3021 2741 3086 sten Reife und ein Versprechen kommender Ernte¬
1735 3067 1881 3138 jahre.
2508 3149 2750 3214 anäg 2 Füe
