3344 4256
895 251 981 308 III
132 244 1313 330 5Masken und
409 393 720 443 1
167 409 1018 526 chnitt aus: Neues Wiener Taghlaul, Wien
382 494 749 571 „ MAl. 192
311 650 1227 727 * (Artur Schnitzlers neue Novellen.) Ei¬
194 713 1233 778 neuer Novellenband-vön Artur Schnitzler, gerade an
194 733 1221 824 Vorabend seines fünfzigsten Geburtstages — man begreif
194 793 1227 865 die Neugier, mit der man dieses Buch: „Masken und
201 839 1226 912 Wunder“ (Berlin, S. Fischer) sogleich zu lesen an¬
198 890 1232 962 fängt. Diesmal dürfte er uns doch wohl etwas sagen,
197 944 1234 1009 was er bisher zu sagen unterlassen hat, sagt man sich. Und
211 983 1240 1051 vielleicht auch eine neue Wendung in seiner Kunst verraten?
210 1020 1237 1099 Als Naturalist hat er begonnen („Sierben"); ein
193 1066 1225 1122 Seelenschilderer von ebensoviel Zartheit wie sittlicher
204 1121 1224 1192 Strenge isi er dann geworden („Die Frau der Weisen“,
215 1170 1235 1241 „Frau Berta Garlan“), und schließlich hat er auch Gesell¬
207 1206 1241 1265 schaftskritik in größerem Stile geübt („Der Weg ins
197 1260 1234 1315 Freie", „Leutnant Gustl*). Die Gestalten all dieser Ge¬
194 1298 1232 1370 schichten, diese weichen, hingebungsvollen Frauen und die
194 1360 1244 1397 schwachen Männer, die ihre leichtfertige Lebenslust mit¬
199 1385 1232 1463 unter gar sehr zu büßen haben, dazu die dichterisch tief
196 1449 1227 1521 empfundenen Bilder der Wiener Landschaft in und außer¬
180 1468 1238 1557 halb des Häusermeeres, im Prater und auf den Ab¬
190 1523 1239 1610 hängen des Kahlenberges, im Stadtpark und dem ihn
194 1572 1241 1650 begrenzenden Straßengewirr — sie haben sich unserm
187 1606 1228 1685 Gedächtnis für immer eingeprägt, ebenso wie Schnitzlers
180 1684 1237 1725 Neigung, Leben und Sterben in stark ergreifenden Gegen¬
191 1727 1236 1790 sätzen einander unmittelbar gegenüberzustellen. Ist er der¬
196 1751 1228 1834 selbe in dem neuen Novellenbuche? Ja, und doch auch
199 1813 1228 1867 wieder nicht ganz derselbe. Er schreitet über den bisherigen
199 1854 1242 1929 Realismus hinaus zu Gestalten von symbolischem Charakter
193 1908 1233 1991 oder geradezu zur Märchenhaftigkeit, zu geheimnisvoller
194 1947 1226 2014 Mystik, allerdings ohne darum die plastische Kraft des
191 1992 1226 2045 Erzählers einzubüßen. Da gibt er uns in der ersten
195 2041 1225 2101 bedeutendsten Novelle des Buches: „Die Hirtenflöte“ eine
195 2087 1229 2157 phantastische Geschichte vom Weib eines Astronomen, der
198 2132 1223 2191 ssie zwang, ins wechselreiche, gefahrvolle Leben hinauszu¬
196 2194 1231 2258 gehen, wiewohl er bisher im allerbesten Cinvernehmen mit
189 2238 1227 2286 ähr lebte und wiewohl sie sich dagegen sträubte. Die Aben¬
194 2278 1232 2335 steuer, welche die schöne Dionysia erlebt, indem sie vom
183 2332 1231 2378 Hirten zum Kaufmann, von diesem zum Ritter und von
193 2372 1228 2428 Liesem zum Grafen gerät, sind mit fessenlndem Reiz ge¬
185 2420 1222 2472 schrieben und sollen symbolisch das Wesen aller Weiblich¬
189 2470 1222 2532 keit darstellen. Im „Tagebuch der Redegonda“ erzählt
198 2508 1226 2568 Schnitzler eine ebenso geheimnisvolle Geschichte von der
186 2537 1218 2624 Wirkung in die Ferne, die ein alter Romantiker ebenso
181 2607 1225 2666 gut hätte erzählen können. Satiren auf die Schwäche der
186 2654 1231 2699 Genußmenschen, die sich im Verhältnis zum Weib jenseits
199 2703 1227 2760 aller Moral stellen, bieten die drei packenden Erzählungen:
195 2743 1220 2802 „Der Mörder", „Der Tod des Junggesellen“ und „Der
193 2799 1230 2864 tote Gabriel“. Sein schwermütiges Bekenntnis zum
191 2843 1232 2889 Determinismus, der die Menschen ohne Schuld schuldig
188 2886 1212 2953 werden läßt, spricht Schnitzler in der Parabel: „Die drei¬
190 2938 1218 2989 fache Warnung“ ergreifend aus. „Warum läßt er seinen
186 2976 1223 3038 dreimal vom Geist gewarnten und dennoch vor Fehl und
195 3029 1221 3076 Sünde nicht bewahrten Menschen sagen: „Warum war ich
194 3076 1230 3131 verurteilt, die Warnung zu hören, dreimal, die mir doch
185 3112 1223 3172 nichts nützen durfte? Mußte auch dies sein? Und warum,
190 3169 1219 3208 o Hohn über allen Hohn, muß ich noch im letzten Augen¬
192 3207 1201 3271 blick mein ohnmächtiges Warum dir entgegenwimmern?“
193 3265 1222 3319 Der tragische Grundton in Schnitzlers Dichterseele, den
182 3297 1217 3358 die Armut und Heiterkeit der Anatolgeschichten überhören
187 3351 837 3412 ließ, bricht hier unmittelbar durch.
655 3405 851 3480 1
1161 3424 1274 3512 1431
301 3489 715 3566 Ausschnitt aus:
292 3556 799 3678 vom: JAMALL2
601 3665 936 3743 Büchertisch
350 3735 1225 3788 — Masken und Wunder. Novellen von Arthur
301 3768 1238 3837 Spermng von S. Fischer i Berlin.) Gir.
306 3821 1233 3865 seltsames Buch. Keine einzige Erzählung spielt auf
302 3859 1250 3902 dem Boden der Wirklichkeit. Innerhalb des Phan¬
306 3893 1244 3940 tastischen aber zeigt der Dichter eine Vertiefung in
312 3925 1248 3994 die meuschliche Psyche, die Bewunderung erwecken
316 3969 1241 4023 muß. Die Detailschilderung der seelischen Vorgänge
307 4007 883 4084 wirkt,mit ergreifender Wahrheit.
1344 237 1795 320 box 35//8
1736 433 2497 530 Klose & Seidel
1643 528 2605 600 Bureau für Zeitungsausschnitte =
1643 585 2613 673 Berlin NO 43, Georgenkirchplatz 211.
1751 704 2550 767 (Liest die meisten Zeitungen und ist das
1748 752 2547 832 bestorganisierte Bureau Deutschlands.)
1611 862 2592 922 Zeitung: Berliner Ztg. am Mittag
1617 969 1760 1034 Ort:
2258 956 2509 1026 Berlin
1615 1074 1811 1144 Datum:
2099 1127 2459 1220 14. Mällalz.
1740 1207 2604 1342 Masken und Wunder.
1744 1345 2614 1422 Zu Artur Schnitzlers 50. Geburtstag.
1807 1431 2613 1483 Morgen wird Artur Schnitzler fünfzig Jahre
1740 1472 2622 1535 alt. Ein, sonderbares Gefühl, daß Anatol, der
1751 1519 2619 1573 uns noch vor wenigen, ach so rasch verflogenen
1749 1559 2613 1622 Jahren der Glanz Jung=Wiens gewesen,
1740 1603 2617 1654 offiziell zu den „älteren Herren“ zählen wird.
1743 1657 2622 1707 „Der weichmütig=frohe, ironisch= weltfreudige
1754 1690 2623 1756 Poet, der um den dunkelblonden Kopf des süßen
1745 1730 2624 1801 Wrener Mädels eine Gloriole aus Nußdorfer
1756 1779 2622 1827 Weinlaub wand der den Flirt, die chambres
1756 1816 2621 1874 séparées, die Elemente und Requisiten feuille¬
1751 1867 2631 1914 tonistischer Schönplauderer ins Reich einer zwar
1751 1906 2629 1952 tändelhaft=lässigen, aber goldechten, die Dinge
1755 1956 2624 2010 vertiefenden Poesie hob, der Dichter eines weh¬
1750 1989 2621 2043 leidig=heiteren Lebensspiels und ergreifenden
1750 2039 2625 2086 Totentanzes, tritt nun auf jenen Gipfel, über den
1745 2081 2620 2133 hinaus der nunmehr zum gemächlichen Abstieg
1746 2129 2427 2186 sich wendende Fuß nicht mehr trägt.
1810 2159 2628 2224 Vielleicht mag man Schnitzler die Fünfzig
1753 2215 2633 2272 darum nur so widerstrebend glauben, weil er so
1755 2262 2593 2316 ungleich mehr als alle seine Altersgenossen —
1751 2308 2630 2350 auch Gerhart Hauptmann ist darunter — der
1749 2349 2640 2397 Jugend und ihrer leichten Unbekümmertheit
1753 2385 2622 2438 der Dichteranwalt war. Der männlichen Jugend,
1756 2428 2627 2486 und zwar einer gut bemittelten, einer doppelt
1754 2470 2626 2526 goldenen also, die nicht nur den guten Appetit
1756 2510 2638 2572 für des Lebens früchteschwere Tafel mitbringt,
1758 2567 2639 2617 sondern auch die Münzen hat, das allerbeste Diner
1758 2612 2643 2653 bezahlen zu können. Mögen sich nun auch um
1750 2658 2646 2700 die sorglose, wienerisch unbekümmerte Welt, die
1758 2700 2634 2744 einen linden Schmerz posiert, schon die Flöre des
1749 2733 2630 2794 Gewesenen winden, mögen andere Lebens¬
1759 2778 2641 2823 typen die alten verdrängt haben, — das ewig
1757 2818 2639 2874 Gültige, das ihnen Wert und Stempel über den
1766 2861 2640 2921 Alltag hinausgab, wird heute und morgen Herz
1757 2905 2633 2966 und Sinne mit gleicher Wahrheit und milde
1762 2944 2638 3001 zwingender Kraft umfangen. Der Menschen
1759 2995 2640 3048 Masken und des Lebens Wunder hat
1755 3048 2634 3096 Schnitzler enthüllt und gedeutet, aus Räuschen der
1756 3082 2639 3133 Liebe leuchtende Symbole geschmiedet; — leicht
1753 3129 2631 3184 und zart sind sie, aus fein gehämmerten Metallen
1758 3165 2646 3226 und Filigran, aber sie sind dauerhaft, sie haben
1755 3219 2626 3272 von den Tagen ihrer Entstehung nicht mehr als
1759 3249 2099 3320 die modische Zier.
1811 3325 2629 3393 Schnitzler konnte sich selbst kein beziehungs¬
1747 3381 2629 3426 reicheres Geburtstagsgeschenk machen, als den
1756 3422 2624 3476 Novellenband: „Masken und Wunder“
1751 3462 2626 3508 den er jetzt bei S. Fischer in Berlin erscheinen
1755 3508 2636 3563 läßt. Beziehungsreich und ein Dokument seiner
1747 3555 2632 3614 Ungebrochenheit, seiner vollen unerschöpften
1756 3597 2630 3644 Kraft. Sich selbst zur Genugtuung, seinen
1752 3641 2637 3685 Freunden zur Freude, seinen Anhängern zum
1754 3676 2629 3735 Genuß. Es sind sechs Erzählungen, ungleich im
1761 3725 2637 3775 Ausmaß, verschieden im Milieu, aber verwandt
1751 3768 2639 3822 durch eine besondere, echt dichterische Roman¬
1756 3807 2638 3863 tik, die aus einer Hochzeit des Schnitzlerschen
1759 3850 2627 3910 mild gehörten Realismus und seiner bild¬
1749 3894 2636 3951 reichen Symbolik hervorgegangen ist. Wenn man
1764 3938 2637 3993 will, ist das ganze Buch ein Sammelecho aus
1767 3994 2633 4038 allem Besten, was er gesagt, gibt es Reflexe aus
1755 4024 2640 4081 dem „Einsamen Weg“, aus den „Lebendigen
1763 4059 2649 4126 Stunden“, der Novelle „Sterben“. Und doch keine
2715 1129 2782 1203 —
2648 1217 3322 1282 Wiederholung, nur Variationen Sch
2650 1283 3315 1318 Themen; in der Novelle: „Die d
2636 1311 3308 1366 Warnung“, die den Band beschließt,
2649 1363 3307 1411 dig abstrakt gefaßt, in der ersten, de
2641 1406 3318 1459 „Die Hirtenflöte“ zu gleichnis
2649 1442 3317 1500 Saltens Schicksal der Agathe klingt v#
2641 1486 3322 1539 Stimmung dieser wunderfein komponi
2644 1537 3319 1585 Stoffüberfülle zusammendrängenden 9
2646 1570 3327 1633 aber es ist doch eine so ganz eigene,
2645 1625 3315 1676 und Zeiten märchenhaft vermischende
2644 1669 3313 1733 aller scheinbaren Breite so knapp ei
2644 1701 3329 1756 Dinge so einfach, schmucklos und m
2645 1750 3321 1799 licher Plastik malend, daß ihr wohl ein
2657 1789 3317 1848 stellung innerhalb der Schnitzlersch
2647 1840 3320 1886 lungskunst zukommt. Die schöne Dy
2648 1874 3323 1940 eines Morgens von ihrem grüblerisch
2644 1914 3325 1979 in die Welt hinausgeschickt, um de
2660 1955 3322 2018 einer Hirtenflöte zu folgen, keinem Gen
2657 2011 3329 2058 Begehren aus dem Wege zu gehen un
2655 2048 3314 2115 füllter Lebensreise wieder heimzuke
2648 2091 3309 2140 eine, die ihr Schicksal ungehemmt
2654 2135 3315 2192 Sie tut's und wandert von Mann
2651 2172 3325 2254 von Genuß zu Genuß, um dann, müh
2742 2325 3328 2509 B2-Mitta
2734 2536 3321 2628 mit täglicher Beilage Sn
2830 2662 3320 2750 Außerhalb Großberlins
2829 2729 3323 2804 durch die Post viertel¬
2824 2784 3324 2863 jährlich 3 Mk., monat¬
2841 2840 3340 2907 lich 1 Mk. Bestellungen¬
2843 2882 3331 2959 nehmen außer den Post¬
2846 2942 3324 3016 anstalten auch die
2845 2999 3329 3079 Briefträger entgegen.
2653 3201 3324 3257 rüttet heimzukehren, zu dem Gatten,
2659 3248 3318 3305 erwartet, wie der Rechner das Resi
2659 3285 3333 3342 Exempels entgegennimmt. Sie kehrt
2662 3331 3330 3393 dem Grenzenlosen heim, in d
2659 3379 3328 3434 hinausgestoßen, und er dünkt sich ein #
2654 3420 3330 3474 getan, was kein Weiser unter den Li
2661 3467 3333 3527 gewagt. Sie höhnt: „Ein Liebend
2654 3517 3326 3565 Und bist nicht selbst an jenem Mor
2657 3560 3328 3612 gestiegen, eine Flöte zerbrechen, deren
2655 3597 3323 3660 Geliebten Versuchung brachten?“ Er
2666 3628 3341 3689 mit dem, was er als das Höchste schätz
2663 3686 3300 3735 Verstehen, und spricht damit
2655 3728 3336 3783 Grund aus, aus dem sie ihn fliehen in
2661 3765 3329 3816 er erschaudert vor dem Hauch der tau
2669 3807 3329 3868 sale, die sie erlebt, so wäre sie nun b
2660 3849 3318 3913 blieben und ihre Seelen wieder
2668 3901 3327 3950 geschmolzen in der Glut namenloser
2661 3936 3335 3999 So aber —: „tiefer als vor allen Mas
2667 3986 3348 4040 Wundern der Welt graut mich vor
2654 4024 3332 4076 nernen Fratze Deiner Weis
2711 4062 3350 4127 Ein Wiederklang aus den besten
3110 4111 3184 4174 A
