3344 4320
1297 257 1779 342 box 35/8
895 262 1043 324 und
615 267 742 328 un
429 267 596 327 ken
114 268 1206 346 5.Masnund Nunder
569 1187 1033 1271 Vertretungen
246 1243 1345 1321 in Berlin, Budapest, Chicago, Christiania, Genf, Kopen¬
248 1296 1358 1359 hagen, London, Madrid, Mailand, Minneapolis, New-Yerk,
286 1343 1312 1409 Paris, Rom, San Francisco, Stockholm, öt. Petersburg.
580 1376 1033 1441 (Guehesenfsbe ehne Gerp###.
682 1409 1306 1514 ese
242 1425 654 1514 Ausschnitt aus:
371 1480 690 1563 . 1G 12
708 1367 1366 1611 Gusfssce
248 1536 404 1598 vom:
1282 1648 1496 1730 S
820 1652 1067 1736 n
3033 1710 3311 1790 zij gruwt val
2140 1715 2579 1797 bij Edgar Poe ziin.
1227 1728 2146 1807 zijn historie wat dun en ijl, heeft de inhond
3037 1755 3320 1832 lottige exper
2172 1748 3058 1821 Die dreifache Warnung eindelijk,
568 1738 988 1838 FEULLETON.
1223 1777 2147 1845 geen steun aan den vorm, beter gezegd: wordt
3069 1799 3317 1859 Het ander
2145 1797 3054 1866 waarmee het bundeltje sluit, geeft niets dan
329 1798 607 1885 —
1235 1831 2144 1897 een zwak bedenksel op een zwakke manier tot
3048 1835 3318 1910 gewone werl
2137 1834 3046 1910 eenige pessimistisch-wiisgeerige gedachten in
1227 1875 1691 1940 onze kennis gebracht.
3041 1879 3311 1937 te sterven
2137 1876 3053 1947 een zeer slappe verbeelding, met tooneeldon¬
1268 1903 2151 1967 Er ziin in den bundel zeker drie van deze
430 1863 1126 1987 Buitenlandsche Letteren.
3037 1923 3321 1984 schrifven na
2139 1927 3059 1986 ders en een „Infernalen Lach“, werkelijk beau¬
1220 1939 2151 2010 novellen, waar, dunkt mij, de auteur getracht
3050 1957 3318 2022 in bi de ##
2149 1964 3058 2025 coup de bruit pour peu de besogne, overigens
573 1964 1014 2048 (Nadruk verboden.)
1234 2000 2142 2057 heeft een soort, romantisch vuur te slaan uit
3051 1992 3317 2064 deelen, dat
2148 1992 3053 2064 een merkwaardig teeken van de achteloosheid,
1234 2026 2139 2090 een geest, zün eigene die precies het tegen¬
3044 2043 3313 2101 langer, „de.
2149 2034 3061 2104 waarmee Schnitzler niet alleen schrift, maar
596 2044 1243 2134 Masken und Wunder¬
1234 2067 2139 2132 deel van romantisch geaard schlint. Of het ex¬
3044 2074 3302 2134 van een cyn
2147 2069 3055 2152 ook uitgeeft, zonder veel eerbied nöch voor ziin
663 2095 1241 2171 Novellen van Arthur
1231 2111 2147 2163 periment nooit eenig resultaat zou kunnen op¬
3037 2119 3248 2182 verheven
2151 2128 2941 2187 publiek, nöch voor zijn eigen reputatie.
647 2137 1015 2212 Schnitzler.
1227 2148 2147 2199 leveren, wil ik niet beweren, maar voor
3043 2160 3272 2214 on-waardis
2174 2161 3060 2235 Maar de grootste heift van het boekje is ge¬
1237 2186 2160 2248 Schnitzler bliift het bii pogen, jammer genoeg.
349 2174 1246 2243 De Oostenrüker Arthur Sahnitzler is bij ons
3040 2201 3309 2254 aanvankel i#
2152 2227 3050 2279 vuld met twee verhalen, waarin ik, ook op
1270 2213 2153 2287 In „Der tote Gabriel“ tracht hij ons het grie¬
315 2228 1257 2291 maar in kleinen kring bekend. Buitenlandsche
3050 2226 3319 2297 vrienden, da
2148 2259 3052 2317 grond van vroeger werk, Schnitzler’s diepste
1246 2267 2151 2326 zelig geval ypor te stellen van een vrouw, die
325 2272 1249 2328 grootheid heeft altüd eenige moelte over de
3051 2283 3317 2334 en hun vrou
2137 2305 3067 2368 levensaanvoeling en zuiverste persoonliikheid
1247 2297 1861 2383 een man begeert uit haal.
303 2314 1256 2382 2 Hollandsche grenzen te komen, als zii niet
3052 2309 3307 2375 weemoed ov
2149 2342 3065 2396 mecn te erkennen. In de eerste, phantastische.
1275 2327 2150 2404 „Plötzlich fühlte er sich umklammert und
333 2345 1259 2412 van een heel gemakkelijk aansprekende, dier¬
3063 2366 3324 2412 verzinken d
2155 2378 3064 2439 geschiedenis laat 'n wis, ste.f ekjjkend man ziin
1248 2376 2156 2443 auf seinen Lippen die Treuens, wild, heiss und
322 2390 1241 2441 hare soort is en uitgevers geen heil zien in
3053 2384 3307 2452 vroegere gey
2140 2415 3063 2474 zeer jonge vrouw de wijde wereld in gaan, om
1240 2422 2149 2484 süss'. Ziedaar de haat-kus, gelijk uit het vol¬
325 2429 1241 2486 een vertaling. In Duitschland en Oostenrijk
3060 2431 3321 2491 wekken, om
2139 2454 3066 2516 haar onbeproefde leven te beproeven en zoo¬
1250 2468 1769 2528 gende citaat blijken zal:
334 2476 1250 2529 echter is ziin naam sinds lang gevestigd door
3058 2476 3312 2528 woordt op
2151 2486 3071 2555 doende tot kennis van haar zelfte geraken. Dän
1272 2495 2144 2551 „Es ist schade, sagte Anastasius dass sie
334 2506 1257 2560 sen eerbiedwekkende reeks van tooneelwer¬
3057 2513 3316 2566 brief geschi
2156 2536 3064 2595 eerst kan haar liefde en trouw als die nog over
1250 2543 2152 2598 nicht Ihre Geliebte geworden ist. Euer Kind
320 2546 1254 2595 ken, éen-acters vooral. Maar hij heeft ook
3053 2548 3323 2613 eigenllik nich
2145 2562 2958 2636 zijn, voor haar man waarde hebben
1247 2582 2144 2634 hätte mich interessiert. Kinder der Liebe ha¬
337 2591 1253 2649 vele kleine prozastukken geschreven en zelfs
3053 2591 3316 2649 is geleden
2178 2605 3053 2672 De jonge vrouw gaat en beleeft vele avon¬
1250 2617 2166 2678 ben wir genug, Kinder der Gleichgültigkeit all
326 2627 1091 2690 Gen roman: Der Wegins Freie.
3065 2632 3309 2685 ziin anders
2152 2646 3057 2707 turen, en vertoont ongeveer het geheele gam¬
1252 2662 2157 2714 zuviel, an Kindern des Hasses herrscht ein
365 2649 1244 2718 Het bundeltje novellen, waarvan de naam
3057 2663 3315 2725 beseffen, ter
2153 2692 3065 2751 ma van menschelijke eigenschappen: zelfzucht,
1247 2707 1703 2765 füblbarer Mangel“
3062 2705 3313 2769 ren, beslote
329 2717 1259 2765 hierhoven staat, in dat in dit jaar verscheen,
2157 2723 3069 2786 medelijden en gevoel voor onrecht, behaagzucht
1284 2720 2155 2790 Wat Schnitzler hier voorstelt, schiint mon¬
3066 2745 3322 2806 lang vergan
331 2740 1265 2804 is misschien niet de meest representatieve
2158 2759 3066 2823 liofde, heroisme, wreede genotzucht en cynische
1256 2780 2157 2838 sterachtig en wild romantisch, maar beduidt
3058 2789 3320 2856 hinderen ka
325 2782 1256 2841 niting van Schnitzler’s talent. Zin stijlphy¬
2151 2811 3070 2866 heerschzucht.. Op het einde keert zij weer
1250 2814 2155 2881 toch misschien niet meer dan het tot het einde
342 2830 1250 2881 sionomie liikt hier noch bijzonder karakteris¬
3089 2838 3314 2901 Het is nie
2159 2842 3071 2916 naar haar zonderlingen echtgenoot terug,
1255 2865 2163 2915 doorgedachte eleinent van onderdrukking en
340 2870 1256 2921 tiek, noch krachtig, noch fün, eerder een
3061 2881 3305 2940 wat hü in d
2155 2883 2799 2958 slechts om hem dit te zeggen:
1250 2893 2159 2959 verwoesting, dat in elke passie is. En huive¬
325 2911 1264 2955 baetje gewoon en onbeduidend, hoewel voor een
3054 2926 3291 2980 gen. In ee
2182 2913 3076 2980 „Ich weiss wer ich bin? So wenig weiss ichs,
1253 2929 2165 2991 ringwekkend mooi zou dat te beschrifven ziin
340 2949 1260 3010 buitenlander het altijd gevaarlik is zich in
3059 2963 3306 3022 tesge M1
2148 2955 3075 3020 als andem Morgen, als du mich entliessest. In
1249 2966 2165 3018 voor een, die het waarlijk voelde, niet voor
335 2985 1266 3051 deze dingen uit te spreken. Het is Schnitz¬
3070 3002 3261 3061 reeksie
2157 2997 3080 3067 der Beschränkung, die du mir zuerst be¬
1259 2997 2154 3069 Schnitzler, die er enkel. langs den verstande¬
343 3027 1262 3072 ler echter allerminst te doen om werkelijk¬
3064 3034 3305 3102 komt hetal
2156 3046 3082 3099 reitet und wo alles Pflicht wurde, war mir
1246 3046 2030 3119 lüken weg der tegenstelling toe komt.
335 3063 1266 3131 heidsbeelden in ons op te roepen, ziin proza
3061 3079 3312 3134 ik verbeel
2169 3081 3074 3138 versagt, mich zu finden. Im Grenzenlosen,
1269 3072 2167 3141 Das Tagebuch der Redegonda is dan
341 3096 1271 3155 bedoelt de gedachte alleen en zoo gevoelt men
3065 3114 3316 3171 beuvre,
2170 3122 3074 3177 wohin du mich sandtest, und wo alles Lockung
1262 3134 2160 3191 zeifs cen pure spookhistorie, een bevreemdend
333 3134 1267 3205 bet outbreken van cen suggestieve taal niet te¬
3064 3147 3322 3212 wel niet an
2161 3145 3073 3227 war, musste ich mich verlieren. Ich weiss
1257 3170 2159 3234 geval van telepathie en verschifning vlak na
329 3179 1271 3241 geer als gemis, waar Schnitzler zeldzame le¬
3059 3179 3313 3258 van beteeke
2162 3201 2567 3276 nicht, wer ich bin.“
1260 3207 2165 3266 den dood maar helaas, zeeg weinig treffend.
348 3223 1271 3272 vensperspectieven opent. Waar hij dit biige¬
344 3272 3319 3305 val niet doet, wordt het gansche lichaam vanVoor zulke dingen moet men altijd nog liever] En 200 gaat zif weer van hem heen, omdat gemeenschal
