3392 4352
876 249 1110 322 Nund
698 233 1839 367 und „oder box 35/8
356 258 538 331 Mask
181 262 737 367 5. Lunen U
1707 1411 2600 1491 zu schaffen. Eine andere Resolution,
292 1508 2599 1584 1258 Millionen Mark Lastschriften. Das Gesamtguthaben I die die Arbeitszeit für Ladenangestellte auf sechzig Stunden
1475 1557 2598 1635 Schicksal, und ich, ja, Momm, — wenn es auch keinen freien
1470 1597 2589 1677 Willen gibt, am Ende gibt es doch so was wie eine Frei¬
310 1600 1447 1701 führlich, und eine gewisse Zeitlosigkeit der Sprache, die sich
1475 1636 2596 1722 willigkeit für uns Menschen. Du gibst nach, und ich gebe
310 1637 1448 1739 aller modernen Wendungen geflissentlich enthält, paßt dazu
1471 1679 2479 1757 nach, da treffen wir uns in der Mitte und sind einig.
308 1720 634 1799 garnicht übel:
1529 1711 2600 1796 Das Buch hinterläßt einen sehr starken Eindruck; es ist
371 1714 1463 1816 Als sie höher stiegen, klang das. Rauschen des Hochwalds
1476 1764 2611 1851 besser, einheitlicher und überzeugender wie das meiste, was
318 1759 1469 1864 süß und mächtig wie eine Orgel von hundert Geisterstimmen,
1471 1805 2607 1910 Enking seit seiner „Familie P. C. Behm“ geschrieben hat, ob¬
311 1811 1472 1898 die den Lobgesang der Berge anhuben. Sie starben leise da¬
732 1868 779 1911 I
1474 1848 2597 1947 gleich das ja auch nicht grade schlecht war. Im Kleinstadtidyll
319 1856 1466 1935 hin und ließen ihre Hymnen wieder anschwellen. Sie sangen
329 1892 1463 1978 dem Leben, das in den Wurzeln quillt, aufsteigt und die
1486 1897 2606 1982 war Enking von je zu Hause, da ist auch diesmal alles hübsch
318 1935 1463 2009 Wipfel der Bäume krönt; das den zackigen Farn und die zar¬
1483 1929 2616 2027 kraus und dämmerig und von einigem warmen Humor sanft
326 1955 1465 2051 ten blühenden Mooskinder erfüllt; das ragende Stämme auf¬
1480 1980 2605 2069 überglänzt. Aber über die engen Zustände hinaus scheint mir
321 2002 1472 2094 baut und den Wald zu einem Volke von stark ausdauernden
1485 2020 2621 2112 diesmal ein wirkliches Schicksal dichterisch entschieden erfaßt
319 2040 1467 2120 Geschöpfen erhebt. Und sie sangen von Jugend, die immer
1485 2063 2615 2165 und in ruhiger Klarheit dargestellt. Kein Mensch ist ganz gut
331 2081 1479 2165 neu auftaucht aus dem Quell der Ursprünglichkeit, den die
1488 2110 2607 2195 oder ganz böse, jeder von uns hat seine eigenste Mischung.
331 2110 1476 2204 Erde birgt, und die von der allbelebenden Sonne gereift wird
1488 2158 2621 2239 Aber es vereinfacht die Sache, wenn man Engel und Teufel
326 2154 1477 2248 zur Empfindung der Freude, so daß ein Hauch der Frische
1489 2197 2617 2290 kreuzweis an die Wand malt. Von dieser Methode, das wirre
328 2192 1480 2290 den gänzen Hochwald durchströmt, den die Menschen froh ein¬
338 2231 1483 2322 atmen. Denn von der Seele der Natur, die sie damit
1499 2234 2627 2331 Leben zu stilisieren, hält sich Enking sehr erfreulich fern, er gibt
331 2284 1204 2365 empfangen, wird ihre eigene Seele verjüngt.
1501 2274 2620 2370 mit oft überraschender Treffsicherheit das zarte Helldunkel see¬
407 2298 1487 2408 Den Hang zur Idylle trifft man auch sonst nicht selten,
1505 2325 2625 2412 lischer Uebergänge, wo aus reiner Empfindung ein falscher
346 2361 1483 2456 und besonders die süddeutschen Erzähler, selbst ein so leiden¬
1499 2367 2621 2467 Wille aufsteigt, und wie aus dem Gedanken die Empfindung
346 2399 1481 2501 schaftliches Temperament wie Bartsch, sind ihm untertan. Von
1496 2405 2636 2499 eine unvermutete und zwingende Richtung erhält. Daß man
352 2443 1491 2538 den Norddeutschen baut Ottomar Enking seine Konflikte
1500 2449 2636 2545 zudem einen recht fesselnden Ausschnitt aus dem Freiheits¬
352 2492 1485 2583 mit Vorliebe auf idyllischem Kleinstadtboden auf. Er ist mit
1501 2497 2625 2582 kampfe der Herzogtümer gegen die Dänen erhält, sei am Rande
345 2531 1493 2636 seinem letzten Roman „Momm Lebensknecht“') auch
1506 2536 2635 2635 vermerkt. Kurzum, ein Buch, das einen respeltablen Gewinn
351 2575 1491 2671 zeitlich in eine stille Welt gegangen, in die Jahrzehnte nach den
1516 2590 2638 2671 bedeutet; was ich umso lieber melde, al= ich dem vorletzten
361 2629 1496 2714 Befreiungskriegen. Und hier entwickelt er auf dem Hinter¬
1509 2627 2645 2715 Werke Enkings an dieser Stelle kein gutes Geleitwort mitgeben
363 2653 1505 2753 grunde der friedlich verschlafenen deutsch=dänischen Landstadt
1515 2711 1675 2779 konnte.
355 2722 1503 2799 den Charakter eines Menschen, der mit allen Kräften über das
1577 2694 2645 2801 Als starke Kontraste erscheinen zwei unsrer besten Novellen¬
357 2746 1502 2850 Idyll hinausstrebt. Momm, der Sohn des Amtsrats, ist ein
1511 2749 2653 2859 dichter in ihren beiden letzten Büchern: Arthur Schnitzler
365 2801 1503 2901 Streber, also nichts weniger als ein Held, aber ein Streber
1512 2808 2645 2889 und Heinrich Mann. Der Wiener erzählt, was aus „Mas.
363 2835 1506 2938 von so gemischten Anlagen, daß man mit entsprechend gemisch¬
1526 2835 2645 2938 ken und Wundern“?) dieser Welt im Grunde heraus¬
372 2872 1503 2972 ten Gefühlen seinen Lebensweg verfolgt. Der führt durch
1521 2899 2649 2989 schaut, und es ist kein Zufall, daß er das unerschöpfliche ero¬
375 2927 1507 3008 eine hoffnungsvolle Jugend zu Amt und Würden, aber das
1535 2934 2652 3030 tische Problem dabei jedesmal in den Mittelpunkt stellt und
386 2961 1519 3054 Glück bleibt am Wege liegen, das Weib und den Freund
1533 2964 2660 3068 mit behutsamer Kunst zu entwirren sucht. Es ist ein wirkliches
378 3010 1510 3102 läßt Momm hinter sich, und einsam, wie er nun ist, friert
1535 3014 2660 3110 Vergnügen, ihm dabei zuzuschauen. Denn mit leichter und
383 3053 1515 3153 es ihn innerlich, durchfröstelt ihn sein eigener, straffer Lebens¬
1536 3066 2659 3159 sicherer Künstlerhand sind Menschen und Begebenheiten in eine
384 3090 1515 3195 wille, der ihn zum Herrn machen sollte. „Sage mir,“ fragt
1530 3109 2663 3196 Sphäre erhoben, die man ideal nennen könnte insofern, als
376 3134 1527 3238 er den Freund am Ende, „wann hätte ich anders sein können,
1547 3150 2660 3246 hier alles Leben im Dienste einer sinnbildlichen Bedeutung
1547 3188 2667 3291 gleichsam von innen her durchlichtet ist und derart, ohne doch
378 3213 695 3283 als ich war?“
443 3216 1534 3315 Peter antwortete nicht gradenwegs. Er meinte nur: „Das
1532 3230 2671 3324 unwirklich und schattenhaft zu werden, das Leben einer dichte¬
391 3272 1521 3363 sind ja vertauschte Rollen mit uns beiden. Du, der immer vom
1540 3269 2674 3358 rischen Idee beglauhigt. Eine große Klarheit, Ruhe und fast
397 3317 1527 3411 freien Willen gesprochen hat, du hältst, wie mir scheint, jetzt
1545 3317 2679 3407 darf man sagen: Einfalt ist in diesen äußerst anmutig beweg¬
396 3352 1525 3440 alles für Notwendigkeit, und ich, der ich sonst nichts sehe als
1539 3368 2669 3453 ten Geschichten, wenn nicht die starke künstlerische Bewußt¬
398 3387 1529 3469 das Notwendige, ich möchte fast denken, dies und jenes hätte
392 3445 1542 3525 doch durch dein Zutun anders sein können. Du kommst zum
1601 3469 2058 3570 .) S. Fischer, Berlin
389 3514 1002 3621 .* Brune Casstrer, Berlin.
572 3568 682 3628 te.
2600 1528 3345 1596 heit, mit der Schnitzler innere Form u
2609 1572 3328 1654 herrscht, eine solche Kennzeichnung aus
2602 1610 3354 1691 nie den Leser aus dem Auge, mutet ihm
2607 1651 3349 1736 tasien, sondern ansceinend nur schlichte
2607 1699 3341 1779 und hat ihn dennoch plötzlich mitten im
2604 1738 3353 1833 meinen und fesselnden Begebenheit, untel
2623 1788 3333 1870 man hindurchzuschauen glaubt, ohne daß
2609 1829 3345 1906 und langatmige Bekenntnisse beschwerlich
2617 1886 3352 1962 würden. In der Eingangsnovelle „Die
2615 1915 3351 1987 Schnitzler sogar auf seine Art Stellung zu
2620 1960 3344 2059 Problem der erotischen Emanzipat
2620 2001 3341 2084 Form einer modernen Legende von
2630 2043 3346 2131 jungen Frau eines älteren Mannes, de
2632 2086 3345 2164 verfahren glaubt, indem er das junge
2642 2123 3353 2222 hinaussendet, auf daß sie kennen lerne,
2642 2177 3338 2252 ständig entfesselt, qualvoll verwildert,
2631 2214 3345 2300 lichsten Erlebnisse aufgerührt und den
2631 2271 3341 2348 wiß, kehrt sie zum Gatten zurück, der
2636 2308 3346 2390 und sie milde willkommen heißt. Hier
2645 2345 3346 2432 er, denn hier ist das Verstehn. Si
2636 2390 3348 2471 erwidert: Ich weiß so wenig, wer ich
2646 2425 3357 2520 gen, da du mich entließest. „In der B
2648 2472 3352 2557 zuerst bereitet und ino alles Pflicht wi
2655 2520 3325 2601 mich zu finden. Im Grenzenlosen,
2649 2557 3345 2647 und wo alles Lockung war, mußte ich n
3115 2599 3355 2665 Ja wärst dil
2651 2623 3033 2695 nicht, wer ich bin.
2665 2634 3358 2738 Hauch der tausend Schiäfale, der um
2661 2685 3342 2776 hätt ich bleiben dürfen und unsere
2651 2722 3350 2831 ineinander geschmolzen in der Glut!
2671 2767 3344 2865 So aber, tiefer als vor allen Masken
2670 2821 3343 2913 graut mich vor der steinernen Fratze
2727 2874 3349 2965 Das künstlerisch geglättete Kolos
2667 2925 3340 3015 Sprache hat einen opalisierenden Gl
2672 2967 3346 3060 einmal bei Erzählern der Wiener Sch
2723 3004 3360 3103 B. findet. Bei Heinrich Mann
2673 3058 3345 3145 zu, hier kann man getrost von ein
2670 3090 3366 3189 pressionismus reden. Diese Novells
2681 3134 3362 3231 vom Hades“') wirken wie heraut
2675 3182 3357 3272 obgleich sie in einer Reihe von Gest
2685 3227 3350 3306 denen alles, was dem Leser als sa
2687 3268 3358 3348 durch Beschreibung geboten wird, auf
2689 3317 3302 3391 ist. Hinzukommt das immerhin
2675 3356 3317 3436 italienische Milieu der Geschichten.
2744 3423 3222 3538 e) Inselverlag, Leipzig.
