3436 4352
1404 326 1860 417 box 35/8
212 325 1242 427 5 Masken und Nunder
580 1306 681 1392 S W
215 1374 405 1440 Hand zu
433 1390 1693 1434 kehrt und dann von dem erkenntnistheoretischen und experimen¬
431 1428 1702 1488 tierlustigen Verstande des Mannes zurückgestoßen, in die Welt hin¬
198 1435 407 1511 Gestalten
436 1462 1691 1525 ausflieht und verschwindet wie ein Stern im unendlichen Welten¬
209 1498 413 1549 em Aus¬
432 1513 1704 1568 raum, das alles wundert uns ja garnicht. Das alles geschieht ja
205 1538 408 1589 den. Aber
437 1544 1692 1606 nach den Gesetzen des Traumes, der zuweilen am hellen Tage aus
218 1577 406 1632 nach den
437 1586 1701 1645 unserer Brust emporsteigt und plötzlich mehr vom Sinn der Dinge
218 1620 406 1683 ebewegt,
433 1622 1692 1683 und Geschehnisse zu spüren vermeint, als die stumpfen Sinne sonst
434 1665 840 1730 wohl fassen können.
203 1680 401 1753 her Welt¬
517 1699 1704 1748 Das aber ist der stärkste und feinste Reiz Schnitzlerscher Kunst:
211 1735 407 1789 will. Es
438 1741 1698 1798 daß er die geheimsten, noch tief und unerweckt in unseren Herzen
205 1774 408 1835 en Lau¬
442 1779 1696 1836 ruhenden, noch nicht getcaumten Träume zum Lichte einfacher
201 1818 412 1869 en, halb
440 1835 1704 1882 oder seltsamer Begebenheiten emporlockt; darin vielleicht liegt das
221 1856 406 1911 ie Wege.
434 1866 1702 1923 Geheimnis ihres rauschenden, zwischen den Zeilen dahinströmen¬
207 1898 407 1948 chen Er¬
442 1906 1696 1971 den Lebens. Daß er es in einer so graziösen, kulturgesättigten
219 1936 405 1990 ergründ¬
439 1945 1628 2007 Weise tut, macht nur einen weiteren und besonderen Reiz aus.
217 1980 408 2036 ald wie¬
517 1983 1706 2031 Man lese daraufhin erva den „Tod des Junggesellen“ dieses
216 2009 409 2083 und ein¬
439 2026 1711 2089 Mannes, der ein ganzes linges Leben sein geheimes Glück mit
438 2065 1709 2119 den Frauen seiner Freunde verschweigen mußte und der nur den
229 2077 403 2150 ist selt¬
442 2118 1710 2160 einen großen Triumph hat, diesen Freunden nach seinem Tode ein
225 2127 412 2188 itzler ein
439 2153 1712 2208 Geständnis zu hinterlassen, das sie ruhig und schweigend mit nach
231 2174 414 2234 Er, der
437 2190 1704 2236 Hause nehmen müssen. Sie sind ja alle alt, haben selbst Sünden
260 2215 418 2279 aben¬
451 2223 1706 2276 begangen und es hat keinen Sinn mehr, die Frauen zur Rede zu
455 2265 1704 2314 stellen und den „Frieden der Familie“ zu stören. Oder man lese
208 2274 404 2349 m Buche
451 2309 1715 2359 die Novelle „Der Mörder“, übrigens eine der besten des Buches,
220 2334 404 2389 estreiten.
441 2342 1716 2407 in der bei aller Gutmütigkeit, Aufmerksamkeit und Zartheit eines
216 2378 405 2432 iner Ar¬
432 2381 1709 2429 jungen Mannes seiner Geliebten gegenüber schließlich doch geheime
441 2429 1703 2486 Wünsche zur Tat werden. Der Mord und die Stimmung nach
240 2458 405 2509 tut es,
435 2465 1701 2511 dem Mord sind übrigens diesmal bei Schnitzler, der sonst solche
212 2496 405 2549 en über¬
441 2508 1714 2569 Dinge ein wenig spöttisch und weltmännisch behandelt, von einer
230 2538 414 2596 sie keine
457 2545 1509 2605 Stärke und Kraft, die unbedingt in ihren Bann zwingt.
221 2576 408 2639 eit; ein
507 2565 1712 2648 Am stärksten bewährt sich Schnitzlers Art, die komplizierten
438 2616 1711 2673 Strömungen und Verschlungenheiten des Seelenlebens wieder¬
198 2638 405 2708 krasmus,
446 2671 1701 2725 zugeben und sein merkwürdiges Talent, einfache und alltägliche
215 2694 409 2750 a sich die
446 2705 1708 2758 Begebenheiten in das Gebiet des Seltsamen zu erheben, in der
214 2738 414 2790 rau steht,
443 2740 1698 2800 Novelle „Der tote Gabriel“. Diese Novelle, in der garnichts, am
229 2776 403 2830 wie ein
440 2782 1704 2839 wenigsten aber ein Wunder geschieht, ist in technischer Hinsicht eine
218 2817 411 2872 enraum,
439 2818 1696 2884 Meisterleistung. Es ist da eine ganze Welt der merkwürdigsten
219 2859 410 2905 die Er¬
435 2861 1709 2916 und absonderlichsten Gefühle, die hier zwischen den einfachen
212 2894 397 2950 ffortschickt
441 2901 1709 2962 Worten eines Dialogs mitschwingt. Die Unterhaltung eines jun¬
219 2939 411 2998 u folgen,
435 2950 1715 2994 gen Mannes und eines Mädchens über einen toten Freund, das
442 2986 1702 3036 Intermezzo eines nächtlichen Besuches bei einer Schauspielerin,
214 3009 404 3068 rtenflöte
439 3017 1707 3064 das alles ist mit einer solchen Intensität in die Sphäre des Un¬
212 3054 403 3107 mit dem
441 3064 1712 3111 gewöhnlichen, ja selbst des Unheimlichen erhoben, daß der Leser
217 3095 402 3152 ettelarm
435 3111 1708 3162 unter dem Druck irgendwelcher furchtbarer Ereignisse steht, ohne
220 3138 410 3191 wilderen
441 3145 1703 3201 zu erfahren, was es war, das auf diese Menschen einen so starken
212 3170 417 3231 illernden
441 3177 890 3239 Eindruck gemacht hat.
223 3219 405 3277 dlich an¬
521 3200 1697 3284 Einmal taucht auch wieder eine jener spiritualistischen Sonder¬
225 3261 1706 3337 s zurück= 1 barkeiten auf, die Schnitzler auch früher schon gern bebandelt bat.
1771 1394 3019 1447 die er aber dieses Mal mit einer Knappheit und Schärfe anpackt,
1779 1438 3034 1483 die den Reiz des Unheimlichen noch sehr erhöht. Es handelt sich
1765 1472 3023 1521 da um einen jungen Mann, der vor kurzem im Duell gefallen ist,
1767 1524 3033 1575 der aber plötzlich dem Erzähler gegenübersitzt und ihm von seiner
1761 1557 3029 1619 eigentümlichen Seelenverwandtschaft zu einer schönen Frau be¬
1759 1593 3043 1645 richtet, der er häufig begegnet ist und die, obwohl er sie niemals
1768 1641 3037 1697 gesprochen hatte, dennoch in ihrem Tagebuch Geständnisse hinter¬
1773 1686 3033 1732 ließ, die sich ganz und gar mit den einsamen Träumen des jungen
1775 1727 3033 1770 Mannes deckten. Diese Aufzeichnungen waren indessen so kom¬
1766 1766 3028 1821 promittierend für ihn, daß der Gatte der schönen Frau ihn vor die
1780 1800 2708 1866 Pistole forderte und ihn mitten ins Herz schoß.
1844 1831 3024 1898 In dieser Geschichte kehrte jene Schnitzlersche Note wieder,
1759 1880 3025 1938 die man aus den „Dämmerseelen“ kennt, die grausame Lust des
1776 1932 3034 1978 Schicksals, das seinen blutigen Witz an den unschuldigen, vornehm
1776 1969 3046 2016 beiseite stehenden Naturen übt, während es die Brutalität unbe¬
1770 2008 3035 2055 helligt läßt. Es ist gut, daß sie sich auch in diesem Buche findet, das
1780 2046 3027 2105 Schnitzler seinen Verehrern zu seinem fünfzigsten Geburtstag
1778 2081 3045 2143 spendet, denn dieses heimliche Kichern gehört nun mal zu seiner
1783 2126 3045 2174 künstlerischen Persönlichkeit und das Bild von ihr wäre nicht
1784 2165 2501 2219 vollständig, wenn das Kichern fehlte.
