3344 4352
82 1059 174 1137 lin.
83 1124 181 1186 höp¬
82 1161 177 1222 und
83 1216 165 1343 150
90 1321 175 1382 ich¬
111 1364 175 1417 ses
82 1409 152 1466 ei
1280 240 1749 341 box 35/8
81 225 1181 368 5. Masken und Nunder
161 916 3056 1044 Leidenschaft ihn aus dem Spiel in die graue Wirk= hat. Zwei Welten tun sich auf: äußerlich unter=! „Gustl“, in dem (verunglückten) Schauspiel „Der
143 962 2097 1063 lichkeit trug. Und wieder in der „Hirtenflöte“ scheiden sie sich als die Welt der müden Reichen und
2079 1010 3060 1058 [Rufdes Lebens“ und in den genial pointierten
169 994 1147 1080 einer wundervollen Novelle des letzten Buches, geht
1133 1030 3052 1117 die der unverbrauchten Armen; im tieferen Grunde Einaktern „Lebendige Stunden“. Der Künft¬
172 1056 1131 1114 Dionysia, die ein holdes, keusches Weib war, wie im
1132 1070 3065 1152 heißen sie Selbstsucht und Hingebung, sehnsüchtigel ler könne einer letzten Spur des vergehenden Lebens
166 1091 1132 1154 Traum durch die außerordentlichen Ruchlosigkeiten
1131 1110 3060 1181 Untreue und neive Treue. Sie käme also doch auf Dauer verschaffen, darum rettet einer seiner Helden,
166 1127 1139 1197 ihres Lebens. Was hat sie verwandelt? Nein, eine
1129 1146 2085 1215 Erden vor, die Sicherheit? Ja, aber unserem Dichter
170 1163 1133 1235 Wandlung war es nicht! Aber der selbstquälerische
2077 1164 3055 1232 ein Maler, den größten Augenblick seines Daseins
1135 1194 2091 1258 ist sie das gelobte Land, das sein Fuß nicht betritt.
166 1206 1126 1274 Gatte, sinnbildlich zum ewig unbefriedigten astrono¬
2087 1204 3053 1266 hinüber ins Kunstwerk. Aber was gewinnt hierbei
1137 1226 2101 1299 In seinen Dichtungen erlöscht die Liebe, oder sie
172 1246 1128 1317 mischen Forscher gemacht, hatte sie mit dem Frevel¬
2080 1248 3051 1318 der Künstler, fragt in dem anderen Einakter ein
1131 1250 2087 1329 wird von des Mannes Flucht ermordet. (Nur einmal,
2082 1289 3056 1369 Sterbender. „Nachrufe gibt es auch nur für die Le¬
162 1275 1137 1355 mut seines Skeptizismus ihren eigenen, noch schlum¬
1127 1303 2087 1372 in dem großzügigen Renaissance=Drama „Der
2077 1317 2358 1381 bendigen...“
165 1325 1125 1392 mernden Trieben übergeben, die er wachrief, indem
1133 1343 2093 1408 Schleier der Beatrice“, verblutet das Herz
168 1360 1131 1430 er sein argloses Weib verpflichtete, rücksichts= und
2121 1355 3056 1439 Kein Herold, kein Zarathustra, der zu lichten
1120 1380 2083 1453 des Mannes an der Untreue der Geliebten; doch was
159 1399 1126 1470 reuelos jedem in der Tiefe erlauschten Wunsche nach¬
2074 1389 3046 1478 Höhen führt, kein gläubiger Prophet ist Arthur
1121 1421 2081 1487 Veatriee in die wilden Abenteuer treibt, ist nicht
164 1446 1128 1510 zugehen. Befreit von allen Hemmungen, treibt nun
2074 1446 3045 1520 Schnitzler. Er hat sich auch nicht eigentlich unter
1124 1457 2087 1532 eigentlich innere Unbeständigkeit, ist die Peitsche der
157 1474 1127 1559 das Leben mit Dionysia ein wildes, brausendes,
2079 1471 3046 1551 die Kämpfer der sozialen Dichtung gestellt, obwohl
1118 1495 2081 1562 Todesgefahr und die Brunst nach dem Leben.) Die
163 1511 575 1580 vernichtendes Spiel.
2079 1531 3052 1583 er soziale Fragen wiederholt behandelte. Sein Amt
1130 1540 2079 1602 Gestalten der geopferten Christine (nebenbei: ein
218 1566 1127 1629 „Sicherheit ist nirgends.“ Da wir nicht Herren
2079 1567 3055 1638 ist: die Seele aushorchen, die Welt sinnend betrachten,
1122 1574 2071 1644 wunderliebes Menschengedicht aus dem Volke!) und
2065 1599 3047 1662 das Leid milde bedenken, Schönheit suchen und an
157 1596 1127 1682 unserer selbst sind, entgleiten wir uns, wie uns das
1116 1614 2086 1690 des Anatol=Fritz kehren in vielen Dichtungen Schnibz¬
2067 1643 3059 1709 ihrem Grabe klagen. Er ist mitleidig, aber gewiß
157 1643 1128 1710 Leben, der Besitz der Seele, die Liebe entgleiten.
1119 1656 3055 1752 lers wieder verändert durch äußere Verhältnisst,nicht wehleidig; denn er empfängt den Schmerz mit
164 1682 1127 1752 Arthur Schnitzler, als Wiener ein feinstes Zuchtwahl¬
1123 1693 2079 1757 Schicksale, Standesbildung, Altersunterschied. Mit
2067 1717 3051 1783 offener Brust. In den Dämmerungen des Herzens, #
158 1722 1128 1797 produkt überreifer, herbstlicher Kultur; als deutscher
1122 1738 2082 1789 ironischer Herbe wirk dasselbe Thema variiert in der
2068 1754 3057 1828 wo Leid und Schuld sich bilden und chaotisch ballen,
149 1757 1116 1830 Denker und Schwärmer ein Problematiker, der,
1120 1770 2073 1837 Tragikomödie „Das weite Land“ und mit hu¬
2061 1795 3039 1868 sieht er klarer, als die Menschen mit hellen Augen.
151 1800 1113 1865 wenn es Rätsel zu lösen gibt, sein mildes Gemüt,
1122 1807 2067 1878 moristischer überlegenheit in dem kecken Wurf der
2067 1836 3044 1907 Das Leise, das Halbbewußte ist sein Element. In
163 1839 1123 1904 sein eigenes Mitleid nicht schonen kann; als Jude
1123 1855 2076 1913 „Komtesse Mizzi“, Auch im „Zwischen
2068 1876 3060 1957 diesem Element ist er ein reicher und großer Dichter. ##
157 1879 1120 1945 mit einem unendlichen Heimweh, mit dem melan¬
1113 1872 2073 1950 spiel“ stirbt die Liebe, aber hier in zwei Herzen
148 1918 1128 1993 cholischen Zweifel begabt, der sellst seine unruhige
1117 1927 2131 2000 (die sich vergebens über den naturgemäßen Prozeß.—
153 1954 1116 2018 Sinnlichkeit, selbst die Stunde des Taumels und Ge¬
1116 1964 2065 2027 zu täuschen suchen). Im „Einsamen Weg“ ist
147 1996 1110 2059 nusses trübt: dieser aus kostbaren Elementen zu
1109 1988 2086 2074 der junge Anatol (er trägt natürlich nicht mehr diesen
151 2036 1111 2104 einer Eigenheit ohne Gleichen erwachsene Dichter
1106 2040 2081 2107 Namen) ein Greis geworden, dem das Dasein kein
147 2074 2083 2126 hat selten in seinen Schöpfungen die robusten, gesund= Blume mehr reicht und der die grauenvolle Ver
112 2109 2077 2174 ls animalischen Menschen gesucht. Doch wohl in ein= lassenheit eines Herzens erntet, das ehedem sein
153 2153 2075 2231 zelnen Einaktern des „Reigen"=Buches. Traf sie Liebstes verließ ... In der Novelle „Der Mör
147 2196 1107 2256 sein Auge, so wußte sie sein scharfer Blick auch zu
1110 2196 2077 2265 [der“ endlich des neuen Novellenbandes „Masker
148 2235 1115 2294 umfassen, und hinter dem leichten Schleier einer gü¬
1111 2234 2068 2302 und Wunder“, einem grausamen Meisterstück de
147 2272 1107 2331 tigen Ironie leben sie sich aus. (Ich verweise auf die
1105 2274 2082 2348 Psychologie, wird der Mann, der ein Mädchen übe:
144 2304 1114 2379 prachtvollen Wiener Bürgertypen im Drama „Der
1104 2317 2064 2384 alles liebte, nach erloschenem Flammentrieb zun
142 2354 1113 2415 sjunge Medardus“.) Aber Fleisch und Blut
1106 2352 2069 2428 Giftmörder an der ahnungslos ihm Hingegebenen
140 2400 1110 2443 von Schnitzlers Seele sind die feinbenervten melan¬
1105 2391 2072 2457 Das Grausige entwickelt sich mit furchtbarer Not¬
141 2432 1111 2492 cholischen Naturen, die Fragen ohne Antwort, die
1101 2436 2082 2503 wendigkeit. Unvergleichlich ist die Analyse des
144 2464 1111 2523 Untreuen, die die Treue suchen, die vom Tod Ge¬
1108 2464 2082 2538 Doppelgefühls in den Stunden, die von Liebesrausch
142 2501 1113 2569 küßten, die das Leben allein lieben. Sein eigenstes
1103 2495 2073 2574 und Untreue beherrscht sind. Schnitzler quälte hier
145 2540 1105 2601 Sein und Wesen hat Schnitzler in dem Roman eines
1105 2537 2086 2609 seine Phantasie mit der realen Ausgestaltung von
131 2586 1041 2641 reflektorischen Innenlebens gegeben, der „D
1100 2580 2082 2655 Empfindungserlebnissen, die er einst in dem Gedicht
144 2619 1114 2680 [Wegins Freie“ heißt — wohl gerade darum so
1107 2631 1874 2693 „Anfang vom Ende“ gebeichtet hat:
140 2647 1109 2716 heißt, weil es für solche Menschen einen solchen Weg
1162 2665 2018 2743 „Doch, daß ich so einsam von dir gegangen,
138 2681 453 2742 [nicht gibt ...
438 2694 1108 2753 Der Roman, so würde ein Reporter
1171 2711 1754 2776 Wie käm's dir denn zu Sinn,
136 2729 1103 2793 melden, behandelt die Judenfrage oder „Wien und
1158 2731 2007 2825 Und daß ich, von deinem Arm umfangen,
134 2765 1114 2835 das Jndentum“. Aber er „behandelt“ diese soziale
1170 2795 1650 2843 So endlos fern dir bin!
146 2812 1102 2879 Frage gar nicht und strebt nicht ihre Lösung an, so
1165 2820 1850 2893 Ich will ja morgen wiederkommen
138 2851 1108 2916 Grundlegendes er auch über sie spricht. Der Zwie¬
1173 2867 1654 2924 Mit lächelndem Gesicht;
142 2885 1113 2964 spalt von Heim= und Fremdsei den der Dichter
1167 2893 2040 2971 Und daß ich längst Abschied von dir genommen,
145 2919 1115 2993 aus seinem eigenen Schicksal übernahm, wird in
1166 2929 1954 2999 Mein Mädel, — du weißt's ja nicht ...“
134 2959 1111 3041 dieser Dichtung zu einem menschheitlichen Schicksal,
1145 2986 2064 3063 Der Zusammenbruch der Illusion ist die Tregik
125 3002 1006 3069 und das Rassenproblem dient nur als Symbol.
1090 3024 2072 3099 in Schnitzlers Dichtungen, In dem so ergreifenden
182 3049 1113 3121 Auch „Der Weg ins Freie“ hat das unsichtbare
1089 3071 2070 3142 als knappen Drama „Die Gefährtin“ erfährt
136 3075 1096 3159 Motto: „Alles ließt“. Auch hier stirbt an sich selbst
1093 3110 2071 3177 der greife Gelehrte unmittelbar nach dem Tode seines
129 3125 1092 3194 eine Liebe, der der Lenz Ewigkeit gelogen hat. Dieses
1091 3135 2072 3208 geliebten Weibes, daß all' sein Glück Selbsttäuschung
126 3178 1097 3232 traurige Sterben, diese Unfähigkeit des treuesten
1090 3188 2064 3254 gewesen, daß die Frau ihn betrogen und nie geliebt
132 3207 1103 3282 Willens, sein Glück festzuhalten, ist ein Leitmotiy fast
1091 3230 2058 3298 hat. In einer dünneren Luft der Skepsis, in der
122 3246 1103 3317 aller Dramen und Erzählungen Schnitzlers. Und
1088 3272 2069 3331 man verstörende Überraschungen nicht mehr erlebt,
129 3291 1096 3352 zumeist ist die natürliche Selbstsucht des Mannes
1084 3305 2069 3378 vollzieht sich ein ähnlicher Vorgang, in der Novelle
128 3331 1098 3391 furchtbar. In die leichtlebige Sphäre des Lebe¬
1081 3351 1834 3404 „Der Tod des Junggesellen“
1813 3348 2060 3410 („Masken
133 3367 1096 3432 knaben „Anatol“ fallen nur erst matte Schatten.
1084 3379 2062 3451 und Wunder") Aber wie! Ist nicht das Leben selbst
132 3403 1092 3467 In „Liebelei“ jedoch, Schnitzlers populärstem
1089 3420 2049 3489 nur eine Illusion, die der Tod zerstört? Heiße Le¬
121 3445 1084 3504 Schauspiel, ist dieser Schatten schwarz wie der Tod,
1080 3453 2057 3518 bensgier atmen Schnitzlers Dichtungen; wie er aber,
123 3481 1090 3545 ist er des Todes Schatten. Der junge Fritz mag
1083 3498 2068 3563 menn er den Becher des Genusses trinkt, die trübe
118 3527 1081 3581 nur um Weniges reifer sein als Anatol, doch kann
1083 3534 2050 3604 Hefe schon vorausschmeckt, so ist seine Lebenslust
120 3560 1090 3623 er, als er für eine andere Frau, für eine Dame der
1079 3574 2053 3648 krank an Todesbewußtsein und Todesfurcht. Diese
116 3595 1090 3664 großen Welt, sterben gehen muß, in letzter Lebens¬
1080 3613 2054 3683 stärksten Widersacher in des Dichters Brust kämpfen
125 3624 1096 3701 stunde begreifen, daß das Glück bei dem kindlichen
1089 3654 2041 3713 sich aus in der erschütternden Novelle „Sterben“,
126 3678 1090 3742 Geschöpf ihm beschieden gewesen wäre, bei dem
1086 3692 1283 3743 in der
1308 3694 2056 3765 schönheitstrunkenen Tragödie „Der
121 3717 1098 3761 „süßen Mädel“, das seiner flüchtigen Laune ein Herz
1082 3735 2045 3788 Schleier der Beatrice", in der, auch als ge¬
117 3761 2071 3836 voll Liebe und das ganze Leben entgegengebracht sellschaftliche Satire bedeutsamen Erzählung
