3344 4256
1359 167 1806 244 box 35/78
870 195 1029 256 Nun
341 208 463 268 as
172 195 1263 287 5d
1104 720 1385 796 edel
766 774 1480 864 far Zeitungsausschnitte. —
508 823 1479 930 Berlin NO.43, Georgenkirchplatz 211.
585 933 1383 1034 (Liest die meisten Zeitungen und ist das
585 999 1387 1066 bestorganisierte Bureau Deutschlands.)
458 1117 1368 1192 Zeitung: Vossische Zeitung
456 1196 601 1268 Ort:
1167 1231 1434 1298 Berlin
438 1326 1468 1410 Datum: eeesssReeeeeseseeTesSeserReeSesseserAagensseeessReAseesesseanunee
884 1389 936 1439 9.
951 1388 1133 1476 Naisg
1579 1509 2759 1555 sie „ohne Frage und ohne Vorwurf“ empfangen und sie werde
1575 1555 2758 1599 „Gemach, Bett und Gewand“ wie vordem in ihrem Heim bereit
390 1540 1480 1615 Arthur Schnitzlers „Masken und Wunder.“
1574 1587 2765 1634 finden. Diese kalte Problemstellung, diese Scheingüte voll Miß¬
735 1602 1161 1680 Von Alfred Klaar.
1586 1626 1937 1675 trauen, treibt die
1947 1624 2752 1675 schöne junge Frau erst zur Verzweiflung
1577 1667 2761 1717 und übi zuletzt doch eine Suggestion auf sie aus. In
394 1659 1546 1734 Arthur Schnitzler bereitet uns zu seinem fünfzigsten Geburtstage
1582 1698 2761 1756 halb traumhaftem Zustande, im Nachtgewande giebt sie der Heraus¬
354 1721 1544 1778 eine Überraschung; er tut es mit einem neuen Novellenbuch, das
1583 1736 2754 1799 forderung zum Triebleben nach, folgt zuerst den Klängen einer
1196 1756 1257 1807 *)
358 1751 1214 1796 den bezeichnenden Titel „Masken und Wunder“
1252 1758 1535 1810 führt und vom
1576 1777 2751 1821 Hirtenflöte und dem anfangs spröden, dann völlig an sie hin¬
349 1786 1548 1856 Wunderbaren, das uns fast auf jeder Seite gefangen nimmt, ins
1579 1816 2754 1870 gegebenen Hirten durch die Abenteuer eines Zigennerlebens, bis sie,
353 1826 836 1887 Wunderliche hinüberleitet.
1569 1856 2762 1910 zur Kultur zurückstrebend, ein Kleid verlangt und der Hirt seine
386 1878 1545 1925 In vielen Stücken freilich erscheint er auch in dieser neuen selt¬
1567 1897 2754 1932 Flöte — der Künstler seine Kunst — opfert, um ihr zu willen zu
345 1922 1552 1978 samen Folge von Geschichten als er selbst, wie wir ihn seit Jahren
1569 1931 2764 1987 sein. Als Geliebte eines Fabrikherrn gerät sie dann aus der
352 1952 1546 2011 kennen und hochhalten. Da ist wieder die sichere Kontur und der
1565 1971 2755 2019 Uppigkeit in die sozialistische Bewegung hinein, die sie in ihrer Hilfs¬
345 1996 1542 2047 feste Farbenstrich, die Fähigkeit, dem Absonderlichsten Realität zu
1575 2003 2750 2068 bereitschaft schürt und deren Kreise sie in ihren Wirbel ziehen. Sie
340 2037 1552 2073 geben, durch die er sich über die Wiener Schule weichlicher Wehmut
1575 2051 2758 2097 möchte Genossin der revolutionierenden Arbeiter sein, und wird ihre
351 2076 1542 2118 und blasierter Nachdenklichkeit, die er mit begründen half, immer
1575 2087 2750 2132 Dirne, bis ein Aristokrat ihr wieder den Zauber des Maitressen¬
353 2115 1548 2167 wieder erhebt. Da ist die Ironie gegen die Philistermoral, die bei
1566 2128 2750 2173 lebens bietet, aus dem sie, angeekelt, zu einem höheren Courtisanen¬
353 2150 1544 2208 ihm etwas echt Dichterisches hat, weil sie in jene fein erfaßte
1568 2158 2751 2215 tum emporsteigt, zur Geliebten eines Souveräus, mit dem sie Land
350 2186 1540 2246 Natürlichkeit hinabtaucht, die vor allen moralischen Be¬
1563 2199 2752 2256 und Leute regiert, um zuletzt nach so und so vielen Wandlungen
347 2218 1540 2285 griffen da war und hinter ihnen ihr ewiges Werk er¬
1572 2239 2759 2285 um ihrer höheren Wahrhaftigkeit willen von oben und unten
336 2256 582 2311 richtet —
582 2261 1539 2322 eine Grundstimmung, die im alten Musiker
1563 2279 2758 2337 verstoßen zu werden und nun als Bettlerin den Heimweg zu suchen.
344 2301 1540 2356 der „Liebelei“, der die Liebesleere im Leben seiner Tochter beklagt,
1568 2317 2749 2366 Der Gatte ist bereit, sein Wort zu halten, sie aber verschmäht Ge¬
350 2347 1540 2394 am reinsten zum Ausdruck gelangt. Da ist auch wieder der feine
1566 2353 2753 2396 mach, Bett und Gewand. Sie flucht seiner Weisheit, vor der ihr
341 2384 1545 2441 Künstlertakt, der den bekannten Heyseschen „Falken“ der Novelle,
1562 2395 2755 2433 mehr schandert als vor allen Masken und Wundern der Welt; die
334 2419 1536 2471 die merkwürdige Wendung, die eine Geschichte mitteilenswert macht,
1573 2430 2762 2469 es verkannte, daß jedem menschlichen Dasein nur „ein schmaler
344 2452 1548 2515 nie vermissen läßt und die Schnitzler davor schützt, in seiner Nach¬
1572 2470 2758 2513 Strich“ gegönnt ist, „sein Wesen zu verstehen und zu erfüllen“ und
348 2487 1538 2552 denklichkeit aus der bildenden Darstellung (wie es z. B. seinem be¬
1573 2511 2757 2564 enteilt ihm für immer ins Unbekannte. Er aber gibt einem neuen
339 2541 1538 2592 gabten Genossen Wassermann jüngst in „Faustina“ widerfuhr) in
1573 2544 2750 2590 Stern, den er am Firmament aufblitzen sieht, ihren Namen:
337 2571 1229 2629 das bloße Spiel geistreicher Dialektik zu geraten.
1573 2580 1760 2643 Dionysia.
381 2623 1534 2675 Aber da ist auch etwas Neues, was in der bisherigen Produktion
1600 2625 2744 2681 Dieses Halbmärchen, aus dem die Anschauung hervorleuchtet, daß
341 2632 1542 2716 Schnitzlers, vielleicht nur im „Schleier der Beatrice“ vorbereitet
1570 2667 2751 2712 wir uns ethisch nur im Schwebezustande erhalten, daß die schein¬
342 2693 1533 2742 scheint: eine düstere Phantastik, die mit großer Virtuosität zur Wirk¬
1556 2711 2746 2752 bare Harmonie der Kräfte nur ein labiles, kein stabiles Gleich¬
340 2728 1536 2781 lichkeit erhoben, bei aller Milde des Vortrags den Eindruck der
1570 2749 2748 2806 gewicht bedeutet, gibt den Ton für den ganzen Zyklus der Novellen
340 2761 1536 2823 Trostlosigkeit macht, ein fast grausames Vergnügen, durch Märchen
1561 2786 2748 2839 an. Auf ein leichtes satirisches Zwischenspiel „Der Tod des Jung¬
345 2813 1538 2862 und Halbmärchen, die kondensiertes Leben enthalten, das Mysterium
1561 2824 1733 2877 gesellen“.
1830 2831 2336 2880 die fein aber überscharf
2339 2826 2741 2882 ausgeschliffene Anek¬
344 2849 1540 2899 der Erotik, zumal das der Weiblichkeit psychologisch und physio¬
1561 2864 1657 2913 dote
1675 2863 2164 2916 von einem Roné, der
2192 2868 2339 2917 seinen
2338 2865 2750 2924 Freunden als eine
328 2894 1533 2935 logisch derart bloßzulegen, daß das Elementarische des Unterbewußt¬
1557 2897 1638 2948 Art
1665 2903 2160 2956 Testament eine Urkunde
2166 2902 2564 2964 darüber zurückläßt,
2572 2905 2677 2956 daß
2676 2909 2751 2956 er
337 2929 1530 2973 seins die Oberhand behält und daß aus allen Geschichten zuletzt
1561 2935 1652 2981 ihre
1662 2940 2398 2982 Frauen verführt habe, reihen sich
2397 2939 2746 2996 die balladesken
339 2973 1528 3021 das letzte Wort des Schillerschen Talbot herauszutönen scheint: „die
1560 2974 2753 3024 Stücke „Der Mörder“ und „Der tote Gabriel“, die mit großem
340 3002 1530 3070 Einsicht in das Nichts und die herzliche Verachtung alles dessen,
1560 3018 2748 3070 Raffinement alle Schauer der Mystik in die Realität des modernen
337 3044 1149 3085 was uns erhaben scheint und wünschenswert“.
1562 3057 2750 3112 Lebens hineinbannen. Der Held der einen Erzählung wird durch
373 3083 1529 3138 Die erste Geschichte „Die Hirtenflöte“ hat dafür etwas Pro¬
1554 3097 2745 3138 Gewohnheit und Schwäche an eine treue Geliebte gefesselt, während
335 3131 1437 3181 grammatisches. Ein gealterter Weltkenner, der sein junges,
1448 3129 1532 3177 an¬
1562 3135 2752 3181 ihn erst die Berechnung, dann die Leibenschaft zu einem Mädchen
328 3155 1439 3207 hängliches Weib und den Lauf der Gestirne studiert, fühlt das
1550 3173 2741 3224 aus der Gesellschaft treibt. Der Vater der Braut verlangt ein Jahr
338 3199 1530 3254 überwindliche Forscherbedürfnis, das Letzte in der Seele seiner
1556 3211 2754 3265 Probezeit, in dem die Liebenden in keiner Weise verkehren sollen.
336 3232 1535 3289 Lebensgenossin zu ergründen. Er belauscht ihren Schlaf und wähnt
1559 3243 2743 3298 Der Schwächling nützt dieses Jahr, mit der alten Geliebten eine Welt¬
335 3282 1537 3332 ihre Träume zu vernehmen. Eines Tages tritt er mit dem Vor¬
1556 3289 2740 3335 reise zu machen, wird immer nervöser und leidenschaftlicher, je näher
336 3316 1544 3360 schlag an sie heran, sie völlig frei zu geben; sie möge aus der Enge
1551 3329 2750 3384 der Termin der Erfüllung heranrückt und tötet auf der letzten Seefahrt
327 3351 1536 3408 des gemeinschaftlichen Lebens heraustreten, jedem Triebe unbedingt
1558 3358 2735 3405 das anhängliche Weib, das ihm im Wege steht, indem er ihr eine
341 3388 1528 3435 folgen und zurückkehren, wann und wie es ihr beliebe; ob als
1551 3402 2744 3457 Morphinmlösung zu trinken gibt. Die Leiche und das Geheimnis
338 3433 1530 3492 Königin, ob als Bettlerin, ob unberührt oder als Dirne, er werde
1549 3439 2736 3490 des Mordes werden ins Meer versenkt. Reuelos stürmt der Bewerber
1555 3482 2746 3531 zu seiner Braut, um zu erfahren, daß er ihr gleichgültig geworden
363 3509 1534 3564 *) „Masken und Wunder“, Novellen von Athur Schnitzler, Berlin,
1551 3524 2746 3576 und sie sich mit einem anderen verlobt hat. Er kann es nicht fassen,
409 3541 631 3609 S. Fischer.
1538 3565 2740 3628 gesteht ihr, was er um ihretwillen getan, ohne sie aus ihrer ver¬
2790 1515 3340 1554 nichtenden Kälte herauszutreiben
2783 1553 3350 1608 Nächer der Ermordeten bringt i
2821 1584 3339 1642 Noch verwegener spielt „De
2783 1624 3348 1676 Mächten, die jenseits von Bere
2788 1663 3345 1720 aus leidenschaftlichen Naturen
2784 1705 3339 1756 stisches Geschöpf, das ganz in
2785 1736 3337 1788 glühte in der Stille für einen 2
2780 1778 3348 1830 für eine Künstlerin, die ihm ang
2777 1819 3348 1863 blutete. Das Mädchen betrau
2776 1859 3350 1910 immer fern stand; sie verharrt in
2790 1897 3327 1951 er aus dem Leben geschieden is
2790 1929 3349 1987 nur ein phantastisches Spiel
2783 1973 3335 2024 Gelegentlich eines Balles gibt i
2782 2006 3321 2065 Mitternacht jene Künstlerin
3118 2049 3337 2099 ihre Verg
3006 2051 3116 2096 und
2788 2048 3006 2102 ihren Haß
2779 2088 2858 2136 da
2861 2078 3350 2140 die schlaue konventionel
2787 2117 3348 2180 Eruption zurückdrängt, entl
2786 2160 3311 2208 gehren in einer anderen Art.
2777 2195 3336 2258 kannte, der ihren Wunsch erfüllt
2770 2242 3341 2291 Idol zum Opfer fiel. In ein
2779 2281 3350 2337 Nachsucht wirft sie sich auf der
2774 2319 3350 2373 Freunde des Verstorbenen an d
2779 2355 3323 2413 leidenschaftliche Küsse, um ihn
2781 2394 3329 2444 Sie schwelgt in dem Gefühl,
2781 2436 3343 2479 Todeswunde beigebracht zu habe
2812 2471 3338 2524 Die beiden letzten. Geschichten
2779 2503 3336 2565 gewand ab und zeigen als Tra
2774 2545 3349 2592 philosophische Seite der Vern
2782 2581 3350 2633 Leben ohne Hülle. Im „Tageb
2771 2622 3350 2675 um erträumte Mitteilungen ei
2773 2662 3348 2718 das aus dem Jenseits berichtet
2770 2697 3348 2754 ein ihm fremdes Weib lediglic
2782 2732 3344 2794 Geliebte seiner Phantasie ab
2778 2773 3349 2829 bildungskraft genan dieselben
2774 2821 3329 2870 vertraut sie wie Tatsachen
2773 2847 3348 2904 zu einem Duell, das dem Geda
2777 2892 3336 2943 Parabel „Die dreifache Warnung
2779 2933 3334 2973 Determinismus. Jeder Schritt
2773 2970 3349 3025 eine Katastrophe, die er nicht
2770 3002 3331 3059 konnte; auf die Klage über da
2767 3045 3350 3092 warnte, den gewissen Tod por A
2769 3080 3349 3135 Hohn der Elemente. Dieser Ho
2778 3122 3340 3168 märchen Schnitzlers hindurch. Die
2773 3155 3350 3213 heit letzter Schluß die Grundstim
2775 3199 3349 3248 in diesen Tagen als ein Achtziger
2773 3240 3340 3281 so müßte man annehmen, daß er
2770 3276 3350 3324 Masken und Wundern das sale
2774 3313 3350 3363 letztes Glaubensbekenntnis niede
2768 3353 3348 3398 im Leben und Schaffen steht, he
2767 3389 3350 3444 Phase der Entwicklung, um die
2775 3431 3349 3474 fanstisch=phantastischen Stimmung,
2776 3473 3349 3515 ins Mystische richtet und gegen d
2769 3509 3348 3553 die dem schaffenden Menschen zu
2739 3551 3346 3605 um, dem Tätigen ist die Welt ni
