3336 4348
1976 313 2387 419 der Tat
2376 312 2972 408 box 35/4
244 319 2001 448 Der Geist in Nort und der Geist in
439 1310 825 1400 Wulorn der igen
441 1360 2129 1441 Nachdem der Reichsverweser seine Ansprache, die wiederhott von beurien Becammlungen
442 1430 2241 1490 Beifallsrufen unterbrochen wurde, deendet hatte, stimmten die Breitner=Steuern“ abzuhalten.
2862 1409 3329 1513 Hestern i.1 Gerhand a.
2885 1485 3317 1536 die Sozialdemokraten
431 1554 3328 1608 zur Voraussetzung gehabt. Daß Lernet=Hulenia nicht ein beliebiges Roßeltyp aus dem Gotha und den besten Schneiderateliers. Es Die Einigung beziehr
446 1578 3314 1646 Talent ist, steht un weiselhaft fest. Auch dieses Stück, das haupt= sind ihrer viele, die da zu spielen und zu tun haben Gleichsam an der Wiederherstellung
443 1636 3333 1683 sächlich bei Hofmanusthal in die Schule ging, ist ein kleines erster Stelle, weil am charakteristischsten hervortretend, Herr Lovrie, möglich, noch gester
442 1679 3328 1738 Meisterstückchen in der Wortkunst. Herr Holenia hat, wie gesagt, der den adligen Grafentyp mit einer liebenswürdigen Nonchalance voranschlag einzutreten.
435 1718 3325 1788 viel Ohr. Aber er ist auch vom Theater beiessen, weiß um und lässigem Humor repräsentiert; mit ihm zusammen der da der letzte Redner
434 1753 3303 1848 das Handwerk Bescheid und macht Zweckkunst nach Wunsch oder feudale Hochbürger Romberg, der scheinbare Kälte und wirkliche geistige nach erfolgter Einigun
432 1823 3340 1895 Laune. Für jeden Stil hat er den Ausdruck, doch weil die schöne Ueberlegenheit mit aller Eindringlichkeit kundtut; dann der keicht noch einige Zeit weiter
437 1849 3337 1933 Einsenigkeit, die den Dichter vom Literaten zu scheiden pflegt, nicht angeblödelte, aber mit perfider Schläue begabte Aristokratenjängling sozialen hervorrief un
435 1906 3336 1999 seine Sache ist, hat man noch allen Grund, ein hißchen Hermann Thimigs; Vater Thimig als fabelhafte alte, leicht und schwer Die Spezloldebatte wür
426 1953 3334 2043 mißtrauisch zu sein. Gerade jetzt ist von Schnitzler rauschige Exzellenz, geleitet von Hans Thimig, der ihm lustig wird aller Wahrscheint
438 2008 3353 2076 ein schmales Büchlein erschienen, das den Geist im Wort assistiert. Man sieht Herrn Korff, der die unangenehmste Rolles so daß ein weiteres #
438 2053 3353 2136 und den Geist in der Tat behandelt. Da spricht er von dem des Stückes zu tragen hat, als den kuppelnden Vater; er das Budget termingen
434 2105 2928 2180 negativen Typ, der geneigt ist, sich entweder als den entsprechenden macht ihn düster, von vornherein in jenes Theatralische
437 2148 2921 2217 positiven Gegentyp zu fühlen oder doch sich als solchen aufzu= hinüberspielend, das ihm erst später anhaftet. Die kuppelnde
2978 2152 3349 2253 Proteststreik
440 2196 2916 2268 spielen, auch wenn es ihm mehr oder weniger bewußt ist, daß Baronin ist Frau Terwin, unbefangen und medisant heraus¬
446 2241 2911 2309 sein Reich innerhalb des negativen Gebietes beschlossen ist. fordernd, schon im Ton bald jenseits der Gesellschaft;
2977 2285 3325 2373 Die niederösterrei
452 2303 2921 2370 Manchmal jedoch gelingt es ihnen, so deduziert Schnitzler mit das zu verkuppelnde Mädchen, das nicht weiß, wie ihm
441 2355 3255 2422 Scharfsinn, durch Gewandtheit oder auch durch Naivität über ihre geschieht, aber wissend um ihre Aufgabe, ist Lili Darvas, schön. Einspruchs, den
456 2391 3328 2456 eigentliche Natur auch den Menschenkenner eine gewisse Zeit hin= anmutig und mit einem rührenden Herzension, der keusch zum regulierung der Lehrer
1688 2431 3322 2508 Ausdruck kommt. Reizend ist Emmy Förster als alte schwer= kundgebung und erteint
455 2433 1708 2505 durch zu täuschen. Das sei nur hier in Parenthese zum
1684 2488 2919 2564 hörige Fürstin, vollendet in Haltung und Konversation und
448 2484 1690 2562 Kapitel Lernet=Holenia, wenn auch nicht für ihn allein gültig,
446 2537 723 2620 hinzugesetzt.
1662 2528 3335 2622 amüsant Frau Woiwode, die drollig ihren Nervenzustand äußert Eine Enkelir
568 2595 2904 2666 Die große Aufmachung, wie das schöne Wort heißt, ist eineud zum Schreien komisch wirkt, in ihrer Zanisucht. Der indignierte
3094 2608 3331 2705 spurl
456 2632 2908 2708 Spezialität des Theaiers in der Josefstadt und diese „Oesterreichischeud innerlich saubere Aristokrat des Herrn Dirmoser wahrt die
2981 2674 3185 2753 Paris.
443 2661 2905 2768 Komödie“ sozusagen ein gefundenes Fressen für eine Festtafel. Ez allerbeste Haltung und Herr Strobl führt gewandt die zweite
1683 2727 2518 2792 Stimme im Zanlduett mit Frau Woiwode.
3004 2739 3321 2797 ten Wiener
445 2746 1697 2814 wird Nobelservice ausgetragen und wenn auch der Herr selber in
3222 2783 3314 2846 19 2
1777 2785 3209 2843 Es gibt, wer wollte daran zweifeln, auch einen Diener in Amerikanerin #
449 2794 1712 2864 Hollywood weilt, versucht die Regie des Dr, Hock dem Geist, der
455 2831 3352 2915 jenen lenkt, nach Kräften treu zu sein und ihm liebevoll zu dieser Schloßkomödie, einen der alten Herrschaftslakaien, die Ver= amer ikautschen Pf#chol
457 2888 3325 2953 dienen. Zwar manchmal überpointiert, aber darin mehr dem traute des Hauses und aller Affären sind, zwar untergeben bleiben, Weise spurlos verschm#
453 2935 3310 2999 Autor als Reinhardt folgend. Das Bühnenbild Strnads ist pracht= aber eigemtlich die Regierung führen. Auch hier ist ein solcher Rockefollera
451 2991 2910 3063 voll, ein bißchen wohl in der Perspektive nach oben verschoben, Johann, ein Unbestechlicher aus Hofmannsthal gebürtig, ein
2934 2988 3346 3107 Der Massenn
458 3013 2898 3102 aber in der Plastik ganz einzig gestaltet. Das ist wirk= respektvoll zudringlicher Räsoneur in Livree. In diese wurde Herr
709 3063 2898 3145 große Vorhalle eines Fideikommißschlosses, Moser gesteckt und seine aus Quernlantentum und Pfiffigkeit ent¬
453 3085 732 3150 lich die
459 3142 2903 3196 mit Säulen und Treppe, mit Bildern und Zierat; nicht wie für springende Komik begleitet nun erheiternd die Ereignisst auf
2975 3101 3354 3207 Prag, 29. Jan
453 3171 1994 3244 einen Theaterabend, sondern wie für ein Jahrhundert gebaut Schloß Sarau.
2860 3158 3315 3239 Massenmörder Franz
468 3216 1717 3300 So sieht der Schauplatz der drei Akte aus, in denen Konversation
1779 3230 3345 3296 Das Theater braucht Talente wie Herrn Lernet=Holenia. Oberrockendorf bei Mar
459 3293 3353 3341 gemacht, getanzt, gestritten und geküßt wird Hier bewegen sich Vorläufig hat er sich nur als ein erstes Talent zweiten Ranges Grundbesitzers Döllu
450 3350 2613 3411 die Darsteller mit vollendeter Elegan und Eigenart, jeder ein vorgestellt, aber vielleicht vertauscht er die Grade.
2853 3332 3339 3416 zum Tode durch den St
