3344 4192
2580 83 3035 177 box 35/4
311 99 2488 218 Der Geist in wort und der Geist in der rat
601 849 1258 935 Dr. Max Goldschmidt
609 925 1258 1014 Büro für Zeitungsausschnitte
435 982 729 1064 BERLIN N4
979 995 1426 1076 Telefon: Norden 3051
753 1099 1100 1171 Ausschnitt aus:
418 1149 1437 1254 Königsberger Hartungsche Zeitung
909 1230 1299 1314 +. Feb. 192.
738 1304 828 1346 1ee#.
1789 1280 3114 1370 KRE
503 1340 676 1411 S
1782 1346 3077 1423 Geistesverfassung. Doch auch hier handelt es sich immer nur um Affi¬
1796 1376 3085 1447 nität, nicht um notwendige Brziehung oder gar um Identität. Es
924 1373 1381 1487 Begabung
1785 1422 3069 1497 kann gelegentlich ein sehr hohes Maß dichterischer Begabung vorliegen,
1796 1463 3086 1521 ohne daß das betreffende Individuum als Repräsentant des Tovus
841 1478 1446 1558 Von Arthur Schnitzler
1793 1488 3074 1563 Dichter zu bezeichnen wäre, wie wir andererseits wieder echten Re¬
1268 1517 1787 1591 ffäser eine kleine Schrift
1800 1519 3089 1608 präsentanten des Typus Dichter von geringer dichterischer
720 1534 1277 1614 Soeben erschien im Verlag##
664 1583 1791 1651 des Dichters „Der Geist im Wort und der Geist in
1793 1601 2264 1662 Begabung begeonen.
673 1618 1794 1674 der Tat“, Schnitzler versucht in dieser Schrift Urtypen
1869 1609 3078 1673 So gibt as dichterisch höchst begabte Schriftsteller, die der Geistes¬
666 1655 1801 1730 des menschlichen Geistes das Wesen seiner Repräsentation
1783 1647 3075 1735 #verfassung nach nicht als Dichter, sondern als Hisioriker (Kontinna¬
1789 1693 3079 1762 listen) zu bezeichnen wären; es gibt auch dichterische Begabungen (be¬
674 1700 1282 1767 in Wort und Tat zu schilbern.
1808 1728 3079 1799 sonders solche mit vorwiegend bsychologischer Einstellung), die der
584 1727 1791 1808 Wir können allgemeine und spezifische Begabungen
1802 1771 3089 1835 Geistesverfassung nach dem Typ Naturforscher angehören, und es gibt
500 1799 785 1866 unterscheiden.
1789 1811 3081 1894 Dichter zuweilen hohen Ranges, die dem Typus Prophet zuzuzäh¬
591 1823 1784 1888 Die allgemeinen Begabungen könnte man auch als allgemeine An¬
1806 1865 1992 1928 len sind.
498 1862 1794 1939 lagen intellektueller Natur bezeichnen, wie z. B. Fleiß Phantasie,
1875 1869 3089 1942 Im negativen Gebiet sind die Affinitäten zwischen bestimm¬
771 1899 1803 1977 — im Gegensaßz zu den Anlagen erhischer Natur, den
505 1910 742 1973 Scharfsinn
1800 1917 3093 1999 teu Geistesverfassungen und den entsprechenden Begabungen deutlicher
507 1940 1794 2016 eigentlichen Charakteranlagen, wie z. B. Gute, Gerechtigkeit, Grau¬
1806 1963 3083 2035 und stärker ausgevrägt als im positiven Gebiet Es gibt z. B. Re¬
508 1989 775 2064 samkeit usw
1802 2006 3081 2069 prätentanten des Trpus Staatsmann mit mäßiger staatsmännischer,
596 2008 1792 2081 Bei manchen allgemeinen Anlagen wird es sich schwer entscheiden
1799 2043 3097 2120 — Repräsentanten des Typus Politiker mit hoher politischer Be¬
506 2058 1796 2130 lassen, ob sie eher den Anlagen intellektueller oder den Anlagen ethi¬
1802 2069 3094 2153 gabung. Und so kann es geschehen, daß der hochbegabte Politiker für
520 2104 1380 2180 scher Natur zuzuzählen sind (z. B. Schlauheit).
1801 2110 3094 2182 einen großen Staatsmann, der mäßig begabte Staatsmann für einen
582 2109 1799 2190 Die allgemeinen Begabungen sind in Hinsicht auf die Gesamtper¬
1809 2170 2454 2243 schwachen Politiker gehalten wird.
505 2171 1797 2234 sönlichkeit oft bedeutungsvoller als die spezifischen Begabungen, und
1878 2176 3098 2255 Die individuelle geistige Leistung wird im allgemeinen um so er¬
514 2203 1802 2289 je nach ihrem Grade auch mehr oder minder bestimmend für die Ent¬
1810 2226 3105 2305 heblicher sein, eine je ausgeprägtere Affinität zwischen der angebore¬
518 2253 1784 2313 wicklungsmöglichkeiten einer svezifischen Begabung. So wird z. B.
1805 2259 3106 2347 nen Geistesverfassung und der spezifischen Begabung besteht und je
505 2292 1805 2370 die Phantasie fördernd auf die dichterische, der Scharfsinn auf die
1799 2329 2638 2396 höher diese spezifische Begabung entwickelt ist.
519 2340 1217 2410 philesophische Begabung wirken usw.
1877 2341 3092 2422 Es braucht nicht erst darauf hingewiesen zu werden, daß eine
596 2358 1813 2425 Eine allgemeine Begabung darf nicht verwechselt werden mit einer
1802 2393 3087 2454 ganze Reihe von Begabungen, z. B. die musikalische, innerhalb dieser
511 2409 1811 2477 vielseitigen Begabung, worunter wir bekanntlich das Vorkommen
1883 2435 1931 2473 900
1817 2431 3080 2497 Ausführungen keinen Platz finden, die sich nur mit dem Geist im Wort
522 2437 1812 2506 mehrerer verschiedenartiger spezifischer Begabungen in einem und dem¬
1803 2459 3104 2553 und mit dem Geist in der Tat befassen. Selbstverständlich aber gibt
517 2503 1079 2571 selben Individuum verstehen.
1810 2508 3092 2577 es auch unter den Musisern Geistesmenschen, d. h. Repräsentanten
598 2525 1808 2581 Bestimmte allgemeine Begabungen zeigen geradeso wie bestimmte
1815 2553 3094 2622 irgendeiner Geistesverfassung, wie wir andererseits oft genua, auch
514 2565 1806 2620 spezifische Begabungen Affinitäten zu bestimmten Geistesverfassungen.
1822 2583 3104 2650 unter den Angehörigen der sogenannten geistigen Berufe, Menschen
2573 2623 2652 2664 W. 87
514 2602 1807 2668 So wird z. B. die sogenannte diplomatische Begabung sich
1817 2626 2838 2710 finden, die nicht den Geistesmenschen zuzuzählen sind.
518 2652 1598 2723 besonders häufig beim Staatsmann und Politiker finden.
2954 2664 3138 2749 S
597 2680 1822 2755 Als Beispiele für spezifische Begabungen seien für hundert
518 2729 1833 2800 andere hier vorläufig nur die dichterische. schriftstellerische, rhetortsche
1750 2768 1800 2798 1
527 2774 1828 2842 staatsmännische, politische angeführt. Man merkt hier nicht zum
517 2804 1817 2863 ersten Ttal, daß für manche Arten von spezifischer Begabung gleiche
516 2828 1827 2910 Bezeichnungen gebraucht werden, wie sie für Typen von Geistesverfas¬
518 2880 1824 2972 sungen angewendet wurden Und gerade der Umstand, daß wir für
523 2914 1829 3000 eine bestimmte spezisische Begahung und für eine bestimente Geistes¬
515 2954 1837 3027 verfassung häufig das gleiche Wort haben, aibt zu Inümern und i
523 2996 1824 3072 Fehldiagnosen oft verhängnisvollen Anlaß. Aber dichterische Geistes¬
517 3038 1823 3098 verfassung und dichterische Begabung, journalistische Geistesverfassung
530 3074 1815 3148 und sournalistische Begabung sind keineswegs dasselbe, und gerade so
529 3106 1835 3185 wie Geistesverfassungen und Berufsarten müssen auch Geistesverfase
522 3141 1830 3235 sungen und Begabungen, auch wo gleiche Bezeichnung für beide an¬
520 3200 1357 3274 gewendet wird, streng unterschieden werden.
611 3222 1839 3304 Die spezisischen Begabungen sind wohl durchaus an¬
524 3264 1838 3354 geboren, müssen aber keineswegs in jedem Falle zur Entwicklung,
526 3310 1837 3399 ja, müssen nict einmal zur Erscheinung kommen. Aeußere Einflüsse.
537 3350 1837 3428 persönliche Schicksale können ihre Vertümmerung oder auch ihre Ver¬
529 3405 1169 3487 vollkommnung zur Folge haben.
620 3448 1845 3496 Gewisse Affinitäten zwischen bestimmten Geistesverfassungen und
539 3474 1837 3552 bestimmten Begabungen leuchten ohne weiteres ein, wie z. B. die
538 3491 1855 3579 zwischen ein spezifisch dichterischen Begabung und der dicht erischen
