3344 4256
908 95 1391 147 r“
726 126 1877 200 Wir können allgemeine und spezifische Be¬
681 196 1193 256 gabungen unterscheiden.
734 227 1880 288 Die allgemeinen Begabungen könnte man auch als
684 295 1880 348 allgemeine Anlagen intellektueller Natur bezeichnen, wie z. B.
673 332 1878 377 Fleiß, Phantasie, Scharfsinn — im Gegensatz zu den Anlagen
676 377 1878 429 ethischer Natur, den eigentlichen Charakteranlagen, wie z. B.
688 418 1439 484 Güte, Gerechtigkeit, Grausamkeit usw.
725 457 1883 521 Bei manchen allgemeinen Anlagen wird es sich schwer ent¬
691 499 1884 574 scheiden lassen, ob sie eher den Anlagen intellektueller oder
694 559 1876 605 den Anlagen ethischer Natur zuzuzählen sind (z. B. Schlauheit).
737 594 1890 654 Die allgemeinen Begabungen sind in Hinsicht auf die Ge¬
690 637 1886 692 samtpersönlichkeit oft bedeutungsvoller als die spezifischen
684 679 1886 732 Begabungen und je nach ihrem Grade auch mehr oder minder
692 717 1885 782 bestimmend für die Entwicklungsmöglichkeiten einer spezifi¬
691 780 1891 836 schen Begabung. So wird z. B. die Phantasie fördernd
686 810 1881 882 auf die dichterische, der Scharfsinn auf die philosophische Be¬
687 871 1129 925 gabung wirken usw.
741 869 1896 968 Eine allgemeine Begabung darf nicht verwechselt werden
691 939 1895 992 mit einer vielseitigen Begabung, worunter wir bekanntlich
698 993 1900 1050 das Vorkommen mehrerer verschiedenartiger spezifischer Be¬
690 1032 1847 1113 gabungen in einem und demselben Individuum verstehen.
738 1068 1895 1143 Bestimmte allgemeine Begabungen zeigen geradeso wie be¬
690 1111 1888 1186 stimmte spezifische Begabungen Affinitäten zu bestimmten
690 1166 1904 1241 Geistesverfassungen. So wird z. B. die sogenannte diplo¬
702 1208 1903 1277 matische Begabung sich besonders häufig beim Staatsmann
696 1266 1145 1332 und Politiker finden.
739 1289 1906 1364 Als Beispiele für spezifische Begabungen seien für
703 1338 1902 1416 hundert andere hier vorläufig nur die dichterische, schrift¬
711 1392 1911 1449 stellerische, rhetorische, staatsmännische, politische angeführt.
700 1430 1896 1505 Man merkt hier nicht zum erstenmal, daß für manche Arten
710 1473 1905 1535 von spezifischer Begabung gleiche Bezeichnungen gebraucht
717 1530 1910 1585 werden, wie sie für Typen von Geistesverfassungen angewen¬
712 1562 1913 1631 det wurden. Und gerade der Umstand, daß wir für eine be¬
710 1601 1917 1672 stimmte spezifische Begabung und für eine bestimmte Geistes¬
703 1657 1918 1729 verfassung häufig das gleiche Wort haben, gibt zu Irrtümern
703 1713 1911 1770 und Fehldiagnosen oft verhängnisvollen Anlaß. Aber dich¬
695 1757 1916 1826 aterische Geistesverfassung und dichterische Begabung, journa¬
723 1780 1922 1862 listische Geistesverfassung und journalistische Begabung usw.
721 1832 1919 1904 sind keineswegs dasselbe, und gerade so wie Geistesverfassun¬
725 1867 1926 1951 gen und Berufsarten müssen auch Geistesverfassungen und
721 1918 1917 1991 Begabungen, auch wo gleiche Bezeichnung für beide angewen¬
730 1971 1518 2053 det wird, streng unterschieden werden.
768 1987 1918 2072 Die spezifischen Begabungen sind wohl durchaus an¬
718 2063 1926 2126 geboren, müssen aber keineswegs in jedem Falle zur Ent¬
731 2097 1923 2161 wicklung, ja, müssen nicht einmal zur Erscheinung kommen.
730 2143 1923 2208 Aeußere Einflüsse, persönliche Schicksale können ihre Ver¬
734 2171 1931 2250 kümmerung oder auch ihre Vervollkommnung zur Folge
728 2251 903 2315 haben.
770 2258 1933 2345 Gewisse Affinitäten zwischen bestimmten Geistesverfassungen
723 2305 1928 2404 und bestimmten Begabungen leuchten ohne weiteres ein, wie
729 2361 1931 2429 z. B. die zwischen einer spezifisch dichterischen Begabung und
726 2406 1929 2478 der dichterischen Geistesverfassung. Doch auch hier handelt es
729 2448 1932 2532 sich immer nur um Affinität, nicht um notwendige Beziehung
744 2489 1938 2564 oder gar um Identität. Es kann gelegentlich ein sehr hohes
733 2559 1935 2611 Maß dichterischer Begabung vorliegen, ohne daß das betref.
741 2579 1940 2658 fende Individuum als Repräsentant des Typus Dichter zu
746 2647 1934 2690 bezeichnen wäre, wie wir andererseits wieder echten Reprä¬
742 2670 1946 2747 sentanten des Typus Dichter von geringerdichteri¬
746 2730 1396 2800 scher Begabung begegnen.
795 2748 1938 2834 So gibt es dichterisch höchst begabte Schriftsteller, die der
747 2807 1938 2873 Geistesverfassung nach nicht als Dichter, sondern als Historiker
740 2846 1950 2916 (Kontinualisten) zu bezeichnen wären; es gibt auch dichterische
756 2895 1941 2966 Begabungen (besonders solche mit vorwiegend psychologischer
754 2939 1944 3010 Einstellung), die der Geistsverfassung nach dem Typ Natur¬
743 2984 1955 3056 forscher angehören, und es gibt Dichter zuweilen hohen Ran¬
753 3034 1653 3110 ges, die dem Typus Prophet zuzuzählen sind.
797 3054 1958 3139 Im negativen Gebiet sind die Affinitäten zwischen be¬
749 3115 1948 3186 stimmten Geistesverfassungen und den entsprechenden Be¬
754 3156 1954 3233 gabungen deutlicher und stärker ausgeprägt als im positiven
757 3205 1947 3270 Gebiet. Es gibt z. B. Repräsentanten des Typus Staats¬
760 3244 1962 3316 mann mit mäßiger staatsmännischer, — Repräsentanten des
762 3302 1957 3358 Typus Politiker mit hoher politischer Begabung. Und so
763 3335 1959 3408 kann es geschehen, daß der hochbegabte Politiker für einen
755 3380 1955 3443 #####en Staatsmann, der mäßig begabte Staatsmann für
766 3452 1570 3505 einen schwachen Politiker gehalten wird.
809 3461 1960 3548 Die individuelle geistige Leistung wird im allgemeinen um
771 3522 1953 3590 so erheblicher sein, eine je ausgeprägtere Affinität zwischen
767 3561 1962 3626 der angeborenen Geistesverfassung und der spezifischen Be¬
767 3619 1960 3684 gabung besteht und je höher diese spezifische Begabung ent¬
772 3668 1002 3733 wickelt ist.
813 3699 1967 3756 Es braucht nicht erst darauf hingewiesen zu werden, daß
772 3736 1955 3815 eine ganze Reihe von Begabungen, z. B. die musikalische,
1209 3793 1269 3828 h
768 3782 1963 3846 innerhalb dieser Ausführungen keinen Platz finden, die sich
777 3822 1961 3886 nur mit dem Geist im Wort und mit dem Geist in der Tat
770 3871 1969 3929 befassen. Selbstverständlich aber gibt es auch unter den
780 3912 1975 3978 Musikern Geistesmenschen, d. h. Repräsentanten irgendeiner
779 3978 1978 4026 Geistesverfassung, wie wir andererseits oft genug, auch unter
774 3975 1991 4068 den Angehörigen der sogenannten geistigen Berufe, Menschen)
788 4070 1830 4126 finden, die nicht den Geistesmenschen zuzuzählen sind.
