3248 4224
309 126 2482 255 Der Geist in Nort und der Geist in der rat
1444 699 1748 817 ALA
2107 646 2383 823 n.
2356 831 2513 920 201
1282 835 1985 944 EIN BUCH UNSERER ZEIT
768 957 2500 1044 Synagogalmusik, seine Bemerkungen über den nenderweise unter, noch gar nicht zum Ab¬
1648 1019 2514 1086 schluß gekommenen, hefligsten Kämpfen, den
757 1028 1634 1092 Nussach und die N’oinoth aus leicht nach¬
1641 1061 2518 1141 Rahmen jenes starren Systems durchbrach,
765 1076 1650 1138 weislichen Gründen zu dem wertvollsten bis¬
1641 1119 2513 1184 in uns Abendländern den Sinn für die auto¬
755 1118 1646 1191 her darüber Gebotenen zählen zu dürfen.
1648 1164 2507 1225 nome Natur jener fremden, somit auch un¬
762 1179 1634 1259 Mit dieser Materie pflegten sich nämlich bisher
1656 1212 2517 1281 serer eigenen, der jüdischen Musik geweckt.
763 1224 1640 1280 entweder — dies aber seltener — Nur¬
1740 1266 2510 1333 Das ist im Falle Berl entscheidend ge¬
760 1267 1637 1345 Musiker zu befassen, deren wissenschaftliche
1651 1315 2515 1389 worden. Denn hier ist es das erstemal, daß
764 1322 1644 1388 Kenntnis der sprachlichen, historischen, litur¬
1654 1368 2518 1425 ein an den technischen und künsllerischen
768 1365 1646 1432 gischen und traditionellen Belange aber man¬
1654 1411 2520 1465 Problemen der neuesten Musik geschulles, das
769 1418 1646 1488 gelhaft war. Oder zwar im Jüdischen wohl¬
1657 1455 2518 1527 heißt nicht mehr in der klassisch-abendländi¬
772 1470 1649 1549 bewanderte Persönlichkeiten, deren, wenn
1655 1510 2522 1572 schen Tonempfindung einseilig veranke r##e s
777 1522 1654 1578 schon nicht musikalische Bildung, so doch
1642 1562 2522 1626 Ohr sich der jüdischen Musik zugewendet hat.
772 1565 1652 1620 Einstellung als anzweifelbar gelten könnte.
1659 1603 2528 1671 Weshalb es gar nicht verwunderlich ist, daß
777 1613 1652 1680 Die klassische Musikperiode hat es nämlich
1661 1653 2530 1712 ein Nichtjude in diesem zwar in sachlicher
766 1664 1652 1737 mit ihrer bis dahin nicht erlebten künstleri¬
1659 1708 2525 1767 Klarheit, aber aus innerster hymnischer Ge¬
781 1703 1653 1772 schen Breitenwirkung zuwege gebracht, daß
1664 1762 2536 1813 sinnung geschriebenen Buche ihrem wahren
773 1764 1645 1828 ihr tonlich-harmonisches, zum Teil auch for¬
1653 1801 2527 1887 Pulsschlag näher gekommen ist, als irgend¬
774 1811 1649 1875 males System allen hörenden Menschen ihrer
1661 1859 1815 1928 einer.
774 1865 1657 1926 Zeit — Nicht-Musikern gefühlsmäßig genau
788 1909 1662 1985 so stark, wie Musikern fachlich bewußt — so
788 1950 1655 2022 sehr in Fleisch und Blut überging und gleich¬
1660 1956 2119 2051 Arthur Schnitzler
795 1996 1651 2078 sam zur zweiten Natur wurde, daß es allge¬
1664 2030 2536 2130 Der Geist im Wort und der Geist
783 2053 1653 2120 mein nicht nur als eines der vielen möglichen,
787 2104 1665 2172 sondern bedenkenlos als das System, das
1917 2105 2282 2196 in der Tat’)
786 2153 1658 2228 alleinige, nach dem überhaupt ein künslleri¬
1753 2178 2534 2240 Schnitzlers Werk wird erst voll ver¬
795 2208 1670 2268 sches Musizieren möglich sei, angenommen
1675 2231 2539 2302 ständlich, wenn man von seiner Zugehörigkeit
783 2251 1657 2313 wurde. Wie unabsehbar die Auswirkungen
1664 2272 2539 2358 zu Wien weiß, in dessen Kulturboden er bis
789 2307 1661 2372 dieses sonderbar einseitigen Zustandes waren
1666 2332 2444 2406 zum Unbewußten tief verwurzelt ist.
795 2343 1659 2420 und noch sind, kann der Laie sich kaum vor¬
1757 2377 2540 2444 Als Dramatiker viel gespielt und in
801 2406 1667 2464 stellen. Doch kann man ruhig sagen, daß gut
1667 2431 2536 2510 vieler Herren Ländern aufgeführt, sind es doch
788 2452 1668 2509 neun Zehntel all dessen, was in den le#sten
1673 2476 2537 2534 die Novellen, die seinen Namen zuerst in die
799 2498 1663 2563 Jahrhunderten über Musik gesagt und ge¬
1681 2523 2537 2587 weite Welt trugen, wo sie von vie’en Na¬
797 2545 1669 2613 schrieben wurde, milde ausgedrückt: heute
1665 2581 2547 2644 tionen, so auch von den Japanern, in der
797 2598 1669 2659 nur sehr bedingte Geltung beanspruchen
1675 2631 2346 2707 eigenen Sprache gelesen werden.
796 2642 1663 2701 kann, um nicht schroff zu sagen: völlig wert¬
1764 2677 2539 2743 Die Novelle gibt nur einen Ausschnitt
788 2696 1676 2764 los geworden ist. Besonders die Art, wie man
1680 2722 2549 2791 aus dem Leben, durch ein Ereignis besonderer
804 2739 1673 2800 in theoretischen Untersuchungen und auch
1679 2755 2549 2836 Art gekennzeichnet. Schnitzler ist ein Meister
800 2791 1669 2855 praklisch in musikalischen Bearbeilungen von
1678 2830 2547 2888 dieser Form; jede seiner novellislischen Dar¬
804 2837 1666 2904 Volksgesängen usw. an die, irgend einem an¬
1679 2875 2552 2928 stellungen reicht in Sprache und Vortrag an
801 2875 1673 2961 dern Kulturkreis entslammende, also auch
1677 2916 2553 2997 das Vollkommenste dieser Galtung. Die be¬
807 2929 1684 3007 jüdische Musik herangetreten ist, war durch
1684 2964 2551 3029 herrscht leidenschaftslose Sprache, irgendwie
798 2983 1676 3053 jene gekennzeichnete Einstellung von vorn¬
1687 3012 2551 3090 an die Prosa Goclhes gemahnend, gestattet
799 3038 1680 3098 herein zum Mißlingen verurteill, da man all
1673 3067 2553 3129 #tiefes Eindringen in das künsllerische Wollen,
809 3084 1681 3158 diese Musik nie aus sich selbst heraus, son¬
1686 3114 2566 3192 wie ungetrübtes Quelb asser den Blick bis
811 3132 1678 3197 dern im Grunde mehr oder minder immer aus
1676 3176 2223 3246 zum Grundgestein freigibt.
799 3182 1682 3257 der klassisch-abendländischen Musikanschau¬
1789 3199 2562 3281 Wer im Band „Masken und Wunder“
803 3227 1672 3286 ung heraus begreifen wollte. Erst die neue,
1792 3272 2282 3365 *) S. Fischer-Verlag, Berlin.
810 3279 1679 3369 die „moderne“ Musik hat, indem sie, bezeich¬
2572 104 3034 217 box 35/4
2968 1265 3120 1353 O
3006 1341 3064 1437 950
