3392 4316
2555 313 3001 422 box 35/4
267 318 2457 428 Der Geist in Nort und der Geist in der Tat
1291 1285 2683 1348 Scheidung von Wort und Tat ist wohl nicht als eine empirisch
178 1273 831 1355 ngen im gleichen Sinne und
1281 1339 2397 1411 verwirklichte, sondern als eine ideelle zu denken.
177 1344 821 1417 komme“ Von den Geistes¬
1411 1384 2673 1442 Die Gedrängtheit der Darstellung macht es nahezu
194 1392 830 1464 daß sie an morphologische
1296 1419 2678 1490 unmöglich, daraus noch einen Anszug zu geben. Es genüge
175 1440 829 1509 uch für die spezifischen Be¬
1294 1484 2680 1553 daher ein Beispiel, um daran die Methode ersichtlich zu
176 1490 821 1570 möge, daß aber die Seelen¬
1294 1532 2677 1586 machen. In dem den Geist im Worte versinnbildlichenden
162 1545 830 1600 nente, zu denen nur eine
1287 1561 2677 1647 Diagramm erscheint auf der positiven Seite der Historiker,
185 1580 834 1661 ege, bedingt wären. Zu den
1283 1623 2677 1683 als dessen Widerspiel auf der negativen Seite der Journalist,
175 1639 821 1711 ssanterweise — und ich halte
1287 1672 2674 1733 welche näher bestimmt werden, der eine als: Kontinualist,
170 1681 827 1750 htig — auch die gemeinhin
1295 1723 2617 1789 Geschichtschreiber, der andere als Aktualist, Tagschreiber.
172 1735 824 1794 kteranlagen, Temperamente,
1407 1751 2666 1827 Hinter der ganzen Lehre steht eine bestimmte Lebens¬
175 1794 824 1852 agt, daß diese Seelenzustände
1293 1817 2676 1884 philosophie, die man wohl mit Recht eine tragische heißen
170 1841 835 1903 dagegen die tiefen Strukturen
1286 1860 2675 1929 darf. Denn, daß es — als Geistesverfassungen unveränderliche
184 1884 837 1945 gebunden blieben. Allerdings
1343 1930 2681 1976 schicksalhaft zum Bösen determinierte Typen geben solle,
176 1931 830 2002 ücklich gegen eine materia¬
1296 1968 2680 2026 heißt, daß es in der eigentlichen und tiefsten Struktur der
313 1957 835 2049 es bestehe wohl eine
1296 2004 2670 2077 Welt gelegen sei, aus sich heraus Unheil und Ubeltat zu er¬
195 2025 839 2099 einmal eine Abhängigkeit
1294 2060 2684 2114 zeugen. Das aber macht den Sinn der Tragik aus, daß die
185 2063 823 2148 Begabungen einerseits, den
1289 2103 2684 2168 Katastrophe sich wesensgesetzlich aus dem Sein des Menschen
197 2123 835 2194 Daß hier ein Unterschied
1297 2158 2686 2217 oder der Welt entfalte. Schnitzler aber sieht offenbar noch
179 2166 836 2248 tesverfassung und Charakter¬
1295 2206 2674 2273 mehr Tragik, als nur diese der Welt oder der Menschheit.
187 2227 836 2300 Wichtigkeit. Es kommt dies
1294 2256 2681 2324 Denn es scheint, daß er alles Wirken von vornherein irgend¬
173 2267 834 2347 enen Scheidung von P’erson
1304 2301 2677 2378 wie dem Bösen verhaftet glaubt, mehr noch: alles Da-Sein
201 2322 834 2394 zweiten hat, aber nicht er
1295 2357 2673 2427 überhaupt, wenigstens sofern es menschliches Dasein ist.
175 2363 832 2438 Schnitzler, daß es „kaum
1299 2403 2683 2464 Denn er meint, „ein Hauch höllischen Geistes sei dem positiven
200 2420 828 2485 Vorkommen auf die Reprä¬
1293 2451 2680 2504 Typus nicht nur zur Möglichkeit des Wirkens, sondern schon
192 2468 841 2527 s negativen Typus beschränkt
1289 2496 2667 2569 zum Da-Sein geradezu unerläßlich“. Dieser Tragik steht —
185 2519 837 2590 Affinitäten zwischen Geistes¬
1293 2544 2688 2607 man weiß nicht recht, ob wiederum tragisch oder vielmehr
252 2568 834 2626 Goethe hätte gesagt:
1298 2590 2687 2666 versöhnend — die Tatsache zur Seite, daß der Mensch des
176 2614 847 2678 mären und sekundären Zügen
1297 2654 2683 2707 negativen Typus ein Streben oder eine Sehnsucht nach dem
178 2663 832 2724 Seelenzustände zu Charakter¬
1298 2707 2674 2759 Positiven mit sich trage. So geht diese Spaltung in positiv
171 2707 829 2782 uen. Ferner treten manche
1308 2745 2681 2804 und negativ nicht nur durch die Menschheit und Geschichte,
180 2766 845 2829 Typen als Charakteranlagen,
1297 2791 2640 2841 sondern durch das einzelne konkrete Individuum hindurch.
181 2808 835 2878 stände oder Stimmungen auf.
1428 2852 2679 2903 Schnitzlei unternimmt es nicht, im einzelnen zu be¬
182 2857 839 2926 enigen Worten Eigenschaften,
1306 2895 2684 2958 stimmen, worin das P’ositive oder Negative letztlich gründe.
183 2917 851 2975 ennzeichnen. Seine Fassungen
1303 2947 2679 3010 Denn seine „imaginäre Verlängerung“ hinauf zu Gott oder
207 2952 840 3029 einer Charakterologie und
1295 2996 2682 3059 hinab zu Satan hat offenbar keine seinshafte Bedeutung. Es
172 3011 845 3066 ung der Typen des Geistes
1303 3037 2679 3104 geht auch kaum an, aus den Charakteristiken, die den ent¬
198 3044 836 3116 als eine Reihe von Werten
1300 3089 2689 3168 gegengesetzten Typen zuteil werden, solche Letztheiten heraus¬
175 3102 848 3173 Scheidung in negative und
1297 3132 2684 3199 lesen zu wollen. Etwa:-der Priester will Andacht, der Pfaffe
175 3144 838 3214 ns nur als eine idealer oder
1311 3189 2692 3251 Unterwerfung, der Staatsmann Entwicklung, der Politiker
186 3210 837 3259 bucreto sich sowohl mengen
1304 3230 2696 3314 Parteisieg so verlockend es wäre, hier weiter zu folgern.
172 3245 840 3327 iedenartigen Charakterzügen,
1431 3282 2696 3349 Daß hier ein philosophischer Kopf spricht, daß hier ein
175 3302 848 3365 en können, daß anscheinend
1297 3329 2692 3398 Dichter Zusammenhänge aufdeckt, ist einsichtig. Fragen wir,
173 3349 847 3414 ommen. Es kann hier nicht
1319 3374 2692 3450 wo der Arzt zur Geltung komme. Recht eigentlich ärztlich
194 3398 851 3468 , wie sie Schnitzler hat,
1308 3431 2708 3498 gesehen scheint mir jene Scheidung von Geistesverfassung und
180 3456 848 3513 talten erschöpfe. Sind seine
1311 3488 2692 3565 Eigenschaften oder Zustünden etc. Diesen Widerstreit von
198 3489 869 3577 Bemerkungen“. Auch die
