3344 4384
1423 238 1880 335 box 36/1
92 236 1283 348 1. Panphlets offorints
732 1060 2117 1191 Jung-Deutschland.
967 1210 1862 1329 Neue Folge des „Liebetraut“
815 1306 2048 1387 Von deutscher Art und Kunst.
889 1393 1947 1497 Herausgegeben von Max Beyer, Saarbrücken.
1126 1471 1722 1563 Verlag S. Dyck, Eberswalde.
683 1482 878 1553 Juli.
1923 1483 2156 1567 1900.
726 1597 2118 1655 Erscheint monatlich, die einzelne Nummer 40 Pfg. Abonnementspreis
704 1639 2148 1690 vierteljährlich inkl. Porto 1 Mk., jährlich 4 Mk. Zu beziehen durch alle
997 1683 1840 1737 Buchhandlungen, sowie direkt vom Verlag.
1088 1823 1765 1910 Wiener Schriftsteller.
1129 1896 1722 1973 Von HugoOehler (Graz).
811 1952 2145 2033 Nirgends auf dieser Welt ist es leichter, sich als Schriftsteller einen
701 2020 2147 2087 Namen zu machen, als in Wien. Man braucht nämlich nur in einem der
696 2076 2154 2144 besseren Litteratencafes öfters seine Zeche schuldig zu bleiben und man ist
692 2116 1491 2184 der Herr Doktor, der Herr Redakteur..
817 2166 2140 2229 Ein Gymnasiast, der in der sechsten Klasse in Deutsch eine unge¬
690 2211 2150 2251 nügende Note erhalten hatte und sich durch dieses Zeugnis berufen fühlte
696 2268 2149 2322 Schriftsteller zu werden, sagte einmal allen Ernstes zu mir: „Was, Sie
695 2314 1729 2384 zahlen sich Ihren Kaffee? Sie sind ja kein Dichter!“
803 2352 2146 2409 Man irrt aber, wenn man ganz Jung-Wien, die ganze künstlerische
698 2411 2140 2481 neue Bewegung von dieser dumpfigen Kaffeehausatmosphäre aus betrachtet.
687 2462 2141 2502 Es giebt unter dieser grossen Schar von Litteraturgigerln, Schmöcken, Tauge¬
692 2509 2153 2570 nichtsen, Tagedieben und Lokalreportern auch Menschen, deren tiefer Geist,
690 2565 2137 2621 ernstes Wissen, schöne Sprache und edles Denken sie berechtigen, Schrift¬
701 2604 2140 2664 steller zu sein, ja deren Werke zu den bedeutendsten gehören, die seit den
698 2653 1610 2725 letzten drei Dezennien geschaffen worden sind.
808 2697 2141 2755 Der grösste Oesterreicher, der Besten einer überhaupt, ist der Wiener
695 2755 2143 2804 Arthur Schnitzler. Seine Schauspiele haben sich die Bühnen der ganzen Welt
691 2800 2149 2870 erobert. Seine Novellen kennt und liebt heutzutage wohl jeder gebildete
687 2854 2150 2918 Deutsche. Gemütstiefe, sprudelnder Witz, ein Gemisch echt französischen
697 2903 2148 2975 Esprits mit alter Wiener Gemütlichkeit, geistvoller, pikanter, geradezu
695 2954 2140 3006 klassisch moderner Dialog, seltene Menschenkenntnis, wunderbares Auffassen
693 3004 2140 3050 der wirksamen, bühnensicheren Effekte, das sind Arthur Schnitzlers wesent¬
694 3050 2140 3106 liche Vorzüge, die ihn weit über seine anderen Wiener Kollegen stellen. Er
698 3100 2140 3148 bildet eine Grösse, einen leuchtenden Stern für sich, und seine Schreibweise,
692 3150 2137 3205 die Schilderung seiner, wenn auch engen, so doch schönen, gemütlichen,
693 3196 2141 3256 reizenden Welt hat nicht nur in Oesterreich Schule gemacht. Die „süssen
701 3242 2143 3295 Vorstadtmädeln“ überfluten die Bühnen, und es giebt in den Theaterschulen
683 3296 2133 3342 Schauspielerinnen, die sich direkt für das Fach der „Wiener Schnitzlermädeln“
693 3344 2147 3417 ausbilden, Doch nicht nur als Dramatiker hat Schnitzler die grössten Erfolge
684 3395 2149 3454 aufzuweisen, es sind nicht nur seine Stücke „Liebelei“, „Freiwild“, „Das
2694 4108 2883 4189 —
