3344 4352
1595 130 2050 240 box 31/3
723 159 768 214 8
225 139 1441 254 25. PrfBernhad
1224 402 1997 481 3.. „5 =Walfen Oesterreichs.
1204 528 2229 629 Antisemitische Kundgebung im
1277 596 2177 704 Wiener=Neustädter Theater.
1137 647 2152 743 Her südlsche „Arbeiterrat“ Hübl als Provokateur.
1156 710 2314 782 Mittelschüler vom sozlaldemokratischen Bizebürgermeister
1145 762 1388 827 geohrseigt.
1446 772 2313 854 Eintägiger Proteststreik sämtlicher Wiener¬
1454 803 1997 876 Neustüdter Mittelschulen.
1347 857 2137 944 (Eigenbesicht'der „Reichspost“.)
1666 921 2280 1001 Wiener=Neustadt, 24. Oktober.
1195 969 2299 1054 Zu bewegten Sienen kam es Mittwoch abends im
1145 1017 2308 1096 Wiener=Neustädter Theater bei der Aufführung des
1132 1068 2312 1153 Tendenzstückes „Professor Bernhardi“. Schon die erste
1143 1119 2305 1195 Aufführung am vorigen Samstag hatte wegen der vielen
1144 1156 2314 1222 für die christliche Bevölkerung beleidigenden Stellen dieses
1141 1216 2299 1300 Stückes unter der hiesigen Studentenschaft lebhaften Un¬
1133 1262 2306 1355 willen erregt. Diese wollte schon damals gegen
1141 1307 1510 1375 die Brüskierung
1531 1322 2295 1398 der christlichen Gefühle demon¬
1137 1362 2303 1434 strieren, konnte jedoch dank der Bemühungen
1134 1406 2292 1491 des christlichsozialen Redakteurs Dr. Thurner
1135 1460 2306 1531 von ihrem Vorhaben abgebracht werden. Als nun die
1127 1508 2296 1584 Direktion des Theaters das Stück für Mittwoch wieder
1133 1558 2291 1638 ansetzte, legte eine Abordnung der Studentenschaft da¬
1134 1597 2304 1683 gegen Verwahrung ein. Die Direktion begründete die
1130 1650 2298 1725 Wiederholung dieser Aufführung mit einem „Mängel an
1127 1693 2294 1781 Repertoirestücken“, versicherte jedoch nach langwierigen
1121 1745 2289 1838 Verhandlungen, daß die gröbsten Beleidigungen gestrichen
1130 1794 2296 1883 würden, wogegen Dr. Thurner, der die Verhandlungen
1116 1849 2301 1925 im Namen der Studentenschaft führte, erklärte, daß diese
1119 1895 2303 1986 auch der zweiten Aufführung keinerlei Schwierigkeiten
1127 1928 1466 1999 machen werden.
1208 1990 2284 2071 Tatsächlich wäre am Mittwoch das Stück, dessen
1113 2031 2289 2126 Aufführung zahlreiche Hoch= und Mittelschüler beiwohnten,
1125 2087 2282 2153 um die Einhaltung der Abmachungen zu kontrollieren,
1120 2127 2284 2228 ohne jeden Zwischenfall ruhig zu Ende gespielt worden,
1127 2177 2279 2260 wiewohl einzelne Schauspieler sich nicht an des Ver¬
1125 2225 2288 2329 sprechen der Direktion hielten. Die Sozialdemokraten
1121 2282 2277 2366 wollten es aber auf eine Machtprobe ankommen lassen.
1115 2322 2285 2412 Vizebürgermeister Puchler fand sich mit mehreren
1118 2373 2292 2454 Arbeiter= und Soldatenräten bei der Vorstellung ein,
1119 2428 2281 2511 um jede Aeuzerung des Mißfallens niederzuschlagen.
1116 2459 1281 2529 Drei
1284 2475 2119 2548 Alte waren bereits beendet.
2171 2489 2284 2564 Da
1121 2511 1404 2576 provozierte
1402 2519 2292 2600 der jüdische. Soldatenrat Hübl,
1111 2568 2274 2639 dem offenbar die Ruhe nicht gefiel, die anwesenden
1118 2614 2280 2696 Studenten, indem er zu VB. Puchler sagte: „Die seige
1112 2664 2269 2735 Bagage getraut sich doch nicht zu pseifen, sonst möchte
1123 2703 2271 2798 sie auch was erleben!“ Als nun darauf der vier. Akt
1109 2764 2283 2857 begann und der den Professor Bernhardi darstellende
1109 2813 2271 2888 Schauspieler Paulmany erzählte, daß ihm die
1106 2852 2266 2938 Studenten beim Gerichtstore mit dem Rufe: „Nieder
1107 2906 1907 2986 mit den Juden!“ empfangen hätten,
1920 2921 2263 2983 kam die durch
1104 2958 2259 3030 Hübls Provokationen verursachte Gereiztheit der
1117 2998 2269 3082 Studenten zum Ausbruch. Diese beantworteten die
1103 3046 2269 3157 Worte des Schauspielers mit dem Ruf: „Hinaus mit
1108 3094 2258 3183 den Juden und ihren jüdischen Stücken!“ Es entstand
1109 3152 2266 3247 nun ein großer Tumult, so daß die Vorstellung unter¬
1106 3187 2276 3280 brochen werden mußte. Die Anhänger Hübls wollten
1095 3238 2256 3327 nämlich kurzerhand die Studenten aus dem Zuschauer¬
1098 3305 2260 3384 raum hinauswerfen. Dr. Thurner und andere suchten
1097 3346 2260 3430 beschwichtigend einzugreifen, während VVgm. Puchler,
1097 3388 2252 3462 das Recht eines Hausherin sich anmaßend, mit Be¬
1101 3428 2256 3526 schimpfungen gegen Dr. Thurner losging und die
1104 3481 2265 3569 Studenten anschrie: „Wenn euch das nicht paßt, geht's
1051 3497 2301 3632 in die Passionsspiele!“ Der Jude Hübl tobte wie be¬
1491 3941 2054 4053 REICHSPOST, WIEN
