3344 4352
1576 192 2023 289 box 31/7
942 206 985 280 B
1144 220 1257 278 ha
1214 204 1483 322 rdi
203 214 1150 318 25. Professern
2280 952 2418 1030 269
1426 947 1982 1041 Unser Kampf um die Bühne.
1046 1057 2419 1148 Daß solchen Zuständen möglichst bald ein Ende gemacht werden muß,
990 1118 2411 1195 ist klar. Daß wir dabei weder in erster noch in zweiter Linie auf katho¬
992 1188 2425 1249 lische Stücke rechnen dürfen, sollte ebenfalls klar sein. Niemand leugnet,
990 1261 2425 1316 daß die Zahl bühnenwirksamer katholischer Dramen dank der Ungunst
991 1317 2422 1377 der Verhältnisse noch recht klein ist. Ein zuverlässiges Mittel, diese Zahl
996 1384 2424 1448 zu vergrößern oder gar schnell zu vergrößern, gibt es bekanntlich nicht,
996 1432 2420 1511 denn Dichter müssen geboren werden. Außerdem wird auch der Kühnste
993 1500 2424 1580 nicht behaupten wollen, daß unsere katholischen Dichter gegebenen Falls
996 1559 2422 1632 viel mehr neue Dramen auf die Bühne bringen könnten als die jetzigen,
1002 1627 2438 1722 zum weitaus überwiegenden Teil nicht katholischen Dramatiker. Nun sind
1007 1719 2436 1784 aber z. B. im Jahre 1912 in München bei den Hoftheatern von 442 ein¬
1008 1760 2435 1858 gereichten Stücken nur 3% angenommen worden. Bei großen städtischen
1008 1815 2445 1882 oder privaten Bühnen klingen die Zahlen, die Karl Wolff, der Dramaturg
1006 1877 2434 1944 der bayerischen Hoftheater, in den „Münchener Neuesten Nachrichten“ (1913,
1008 1957 2443 2006 Nr 47) mitteilt, noch entmutigender: von 800 bis 1000 Stücken, die
1004 2020 2439 2089 jährlich angeboten werden, kommen nur 8 bis 10 zur Aufführung. Wenn
1008 2091 2448 2150 wir uns also darauf gefaßt machen müssen, daß 30 oder gar 100 katho¬
1019 2137 2438 2206 lische Stücke zu schreiben sind, ehe eines gespielt werden kann, dann sollten
1020 2219 2444 2278 wir doch eine so unvorteilhafte Anlage unseres Kräftekapitals nach Mög¬
1024 2258 2448 2344 lichkeit umgehen. Wer aus wirklicher innerer Notwendigkeit Dramen schafft,
1025 2323 2452 2404 den vermögen wir nicht zu hindern; wer aber nicht bloß diese eine Saite
1019 2377 2457 2461 auf seiner Geige hat, dem winken im Dienste der katholischen Sache lohnen¬
1026 2459 1342 2535 dere Aufgaben.
1087 2506 2449 2575 Übrigens ist gegen einen Bühnenspielplan mit nicht katholischen Stücken
1024 2584 2453 2650 ebensowenig einzuwenden, wie gegen die Pflege der heidnischen Klassiker
1027 2633 2458 2709 am humanistischen Gymnasium. Wir erkennen doch alle an, daß echte
1025 2713 2457 2768 Kunst an sich schon eine sittliche Wirkung ausübt. Der Kapuzinerpater
1017 2760 2450 2853 Dr Magnus Künzle hat das in seinem vorzüglichen Buch „Ethik und
1028 2823 2454 2898 Asthetik“, besonders in den Schlußkapiteln über die Aufgabe des Schönen,
1028 2887 2449 2960 mit fachmännischer Sicherheit lichtvoll dargelegt. Sogar bloße Unterhaltungs¬
1037 2947 2459 3036 stücke haben als solche einen nicht zu verachtenden sittlichen Wert. Der
1035 3015 2454 3093 französische Moralist P. Castillon S. J. rechtfertigte im Jahre 1909 in den
1035 3075 2456 3167 Pariser Etudes (CXXI 742) ausdrücklich auch eine Literatur, die „nichts
1031 3154 2445 3217 will, als anständig und heiter unterhalten“. „Ist es denn nicht wahr“
1037 3200 2465 3287 sagt er mit Recht, „daß man wenigstens mittelbar an der Erziehung und
1029 3267 2459 3331 Besserung des Menschen arbeitet, wenn man seine Fähigkeiten ausbildet,
1035 3360 2482 3409 wenn man seinen Verstand bereichern, seinen Erkenntnistrieb wecken, sein
