3344 4256
227 162 1447 275 25 ProfessenBernhandi
585 690 1238 798 den 23 Januari 1914.
597 855 1128 1025 ISNING
599 1063 1390 1173 VD ISBITAIN.
598 1223 1267 1328 erfest med vinterbadarna
603 1299 782 1376 umen.
643 1439 1227 1529 alt med eqna ögon se
637 1507 886 1595 männen.
598 1646 1376 1739 Jarlstedt hos Norstedt & Söner t. e
607 1720 1372 1779 Ich ändá ha de inte fätt nägra kräm¬
599 1762 1384 1829 or som efterräkning, utan njuta av
598 1817 1386 1876 ästa hälsa. Men gom sagt, man mäs¬
604 1861 1387 1916 e vara ytterst försiktig att ei bli för
607 1906 1378 1961 änge i vattnet eller roa sig med att
606 1942 1388 2007 #fttorka, ty det kan vara farligt nog.
636 1990 1377 2057 Sä säga de härdade männen. Och
606 2025 1381 2103 nan fär naturligtvis tro dem pä deras
608 2085 1377 2152 rd. fast nog en och annan tycker det
602 2127 1381 2194 ara ofattligt, att det finns folk som
608 2171 1381 2235 ill den grad äro j ständ att trotsa den
600 2220 1383 2282 itande vinterkylan och det av is app¬
603 2250 1384 2330 vllda vattnet. Nog skulle man i alla
606 2297 1371 2383 ländelser först vilja se det med egna
600 2338 768 2408 gon.
619 2379 1374 2458 Det skall ocksà bli tillfälle därtill.
583 2427 1382 2507 Dagen har nämligen hopp om att med
587 2480 1382 2550 välvillig medverkan av ett antal vinter¬
591 2526 1379 2604 badare kunna ästadkomma nägot som
582 2570 1364 2638 aldrig setts förr i Stockholm — en sim¬
588 2620 1375 2677 uppvisning i det fria vintertid. Plats
577 2661 1370 2727 blir Stockholms bad- och siminrätt¬
579 2703 1376 2783 ning. där vinterbadet har sin hemvist
580 2760 1363 2823 och Dagen har redan försäkrat sig om
582 2804 1365 2869 biständ av bl. a. dr J. Guinchard, dr
577 2852 1374 2903 E. A. Holm, överkonstapel Hjalmar
574 2892 1376 2960 Petersson, faktor Th. Westlund och
575 2944 1034 3002 frisör Anton Seger.
625 2978 1364 3050 Närmare detaljer skola framdeles
570 3030 1364 3092 meddelas, och Dagen skall försöka gö¬
567 3076 1381 3154 ra programmet sä omväxlande och ro¬
585 3119 1374 3199 ande att äskädarna känna sig tillfreds
579 3168 1064 3228 med denna vinterfest.
569 3341 1187 3535 Seroes näst
726 3584 1362 3726 största jord-donation
569 3798 1372 3895 APROPA 250-ARSDAGEN AV MAR¬
606 3860 1326 3948 GRETE HVITFELDTS TESTA¬
645 3926 1295 4008 MENTE TILL BOHUSLAN.
1590 169 2030 253 box 31/1
1394 812 2176 910 slukade 1,524 ich 'extra anordningar“
1397 877 1638 940 1,302 rdr.
1418 904 2208 994 Nägra är senare klagades över,
1396 970 2201 1058 att de beräknade 30 etipendierna
1993 1025 2077 1078 — *
2272 996 2709 1074 R
1391 1012 2001 1087 knappt räckte till mera än —
2050 1030 2190 1083 fotbe¬
1391 1057 2187 1126 klädnader ät stipendiaterna“. Ar 1863
1400 1111 2198 1194 tyckes nägon bättring ha inträtt, i det
1389 1144 2188 1226 att dä utdelades 13.913 rdr. Men un¬
2220 1174 2930 1265 VARLDENS VPPERSTA HASTIGHETS¬
1393 1199 2207 1265 der mer än ett halvt sekel fortfor man
1391 1260 2196 1322 att stä och stampa pä samma plats,
2505 1237 2673 1314 AKARE.
1393 1297 2190 1357 innan den tanken nätt mognad att
2203 1328 2947 1422 ·IDEALTTPEN FÖR EN IDROTTS.
1388 1337 2199 1407 genom godsens försäljning fá till ständ
2491 1382 2653 1445 MAN.
1390 1391 2193 1460 en kapitalfond, vars ränteavkastning
1385 1419 2188 1501 komme att ojämförligt överstiga de
2212 1453 2983 1528 En entusiastisk beundrare av Oscar
1388 1475 1982 1541 smä arrendeavkastningarna.
2188 1509 2979 1579 Mathiesen har inför hans fenomenala
1428 1526 2174 1591 Denna stora reform började genom¬
2181 1566 2984 1613 prestationer pä skridekobanorna känt
1392 1575 2175 1644 föras 1908 — tack vare ei minst länets
2179 1610 2980 1663 sig manad att ge en liten karaktäri¬
1392 1616 2152 1687 nitiske hövding frih. Lagerbring, vil
2177 1640 2987 1714 stik av hans personlighet som idrotts¬
1389 1657 2176 1721 ken tillika med stiftets biskon och Gö¬
2188 1693 2939 1762 man och tillskrivit Dagen följande.
1385 1708 2172 1772 teborgs stads justiteborgmästare är en
2197 1739 2978 1792 För de, som künna Mathiesens vilje¬
1403 1754 2173 1821 av donationens självskrivna tre ''kura¬
2183 1779 2990 1842 styrka, kom ej underrättelsen om att
1398 1800 2172 1860 torer“. Sedan dess hava 123¼ man¬
2179 1818 2994 1890 han lyckats slä världerekordet även pä
1402 1837 2175 1896 tal och 48 mindre lägenheter, som va¬
2178 1860 2928 1920 5,000 meter sá särdeles överraskande.
1404 1891 2179 1956 rit upplätna pä ett ärftligt arrende,
2192 1908 2989 1967 Han har med detta eitt fjärde rekord
1400 1928 2173 1990 försälts till över 600 personer för till¬
2187 1946 2988 2002 ytterligare dokumenterat eig eom värl¬
1388 1989 2982 2056 sammans kr. 1,052.543: 37. Blott 34sdens hittille yppersta hastigheteäkare.
1386 2025 2165 2091 hemmansdelar och 12 mindre lägenhe¬
2184 2025 2985 2084 När jag laser telegrammet om haus pres¬
2182 2062 2963 2126 tationer pá Davosbanan, dröjer jag 1
1395 2069 2166 2144 ter, upplätna till särftligt arrende, äro
2163 2108 2991 2172 stilla beundran inför siffrorna, under det
1396 2110 1668 2174 ännu osälda.
2170 2152 2983 2222 att bilden av den sympatiske ekrideko¬
1427 2147 2598 2231 Vidare ha längs bohusländska kus-hjälten stiger fram.
1395 2211 2167 2267 ten försälts villsammans 1.081 “'strand¬
2185 2222 2982 2291 Den harmonika och vallormadle gestal¬
1389 2249 2162 2306 sittaretomter', '’sjöbodtomter“, s. k.
2177 2261 2977 2334 ten, de markerade anletedragen, den
1384 2291 2171 2356 intäkter, manhus och magasinstom¬
2176 2305 2981 2371 smidiga, eleganta äkningen, hans över¬
1388 2345 2981 2408 ter osv., inbringande trots det bil-Hlägana lek med världsrekorden, göra
1388 2381 2973 2458 liga försäljningspriset över 200,000honom till idealtypen för en idrottsman.
1390 2424 1577 2487 kronor.
2161 2420 2988 2492 IVid tävlingar har han alltid genom ein
1413 2447 2980 2532 Genom dessa praktiska ätgürder lbrillanta äkning och ein person blivit
2149 2504 2978 2572 publikens förklarade gunstling. Det är
1389 2516 2979 2612 tack vare vilka ocksa uppstatt inemeliden ättonde säsongen han nu är 1 eiden,
1388 2561 2178 2627 2,300 Pegna hem'' — ha’’Hvitfeldt¬
2171 2591 2982 2653 och fränsett nägra fä nederlag, har hans
1387 2610 2975 2687 ska stipendieinrättningens'' bokfördal karriär som skridskoäkare varit en en¬
1385 2653 2990 2740 kontanta tillgängar stigit till den da segerbana, en enastäende prestation
1377 2700 2969 2779 aktningsvärda summan av kr. 1.850,000,si hastighetsäkningens annaler. Han är
1390 2752 2162 2808 vartill sà kommer de ännu oförsälda
2168 2757 2979 2819 nu innchavare av samtliga fyra dietan¬
1378 2798 2160 2856 egendomarna, taxerade till över
2163 2792 2978 2857 sers världsrekord, à 500 m. 43,4 eek.,
2165 2831 2969 2893 1,500 m. 2,17,4 sek., 5,000 m. 8,36,6 sek. och
1383 2835 2152 2895 400,000; slutsumman uppgär följakt-
2153 2871 2974 2933 10,000 m. 17,22,3 sek. samt à 1,000 meter,
1375 2868 2135 2947 ligen till ej mindre in 2.273,000 kr.
2145 2915 2972 2966 jen distans, pä vilken numera aldrig täv¬
1418 2932 2158 2985 Arsinkomsterna beräknas till cirka
2163 2958 2966 3020 las. Dock har man nog att vänta en
1371 2957 2153 3033 82,000 kronor, vilken summa är mer än
2161 3001 2964 3057 ytterligare nedpressning av dessa tider,
1378 3010 2155 3075 tre gänger sä stor som det belopp, var¬
2170 3040 2965 3101 churu redan dessa slá oss med häpnad,
1373 3056 2147 3120 till inkomsterna uppgingo, dä de sena¬
2160 3087 2974 3140 dä Oscar Mathiesens prestationsförmä¬
1373 3093 1469 3157 ste
1463 3102 2147 3163 stipendiebestämmelserng fastställ-
2158 3118 2965 3186 ga ännu icke nätt sin kulmen. Arete in¬
1368 3140 2161 3211 des. Med anledning härav föreligger f.
2166 3161 2957 3221 ternationella mästerskap äro honom ovill¬
1361 3182 2152 3240 n. förslagtill en ökning säväl av skolsti¬
2156 3193 2965 3270 korligen givna, dä inga av Rysslands
1359 3228 2963 3306 pendiernas antal (frän 54 till 65) som büsta äkare, de enda, som ekulle kunna
1361 3279 2154 3325 av stipendiebeloppen (frün 120 à 360
2157 3288 2964 3365 närma sig honom, ha för avsikt att del¬
2163 3320 2273 3366 taga.
1366 3311 2143 3381 kronor till 300 à 500: dvs. 20 à 300, 25
1358 3365 2149 3425 à 400 och 20 à 500). Dessutom skulle är¬
2186 3342 2955 3419 Skötekungen“, som han 1 Kristiania
2156 3394 2957 3466 kallas, har ändock icke berusate av sin
1362 3403 2143 3462 ligen utdelas 12 #tilfälliga skolpremi¬
2159 3441 2953 3503 framgäng, och ehuru han sär pä höfd¬
1368 3448 2145 3513 er à 100 kronor. Vidare föresläs att
2160 3481 2958 3553 punkten av popularitet och världerykte,
1369 3491 2143 3555 universitets- och högskolestipendiernas
2160 3524 2961 3592 ür han alltjämt samme tillgänglige och
1362 3541 2145 3593 antal och belopp ökas fran 12 à 200 till
2158 3561 2966 3631 anspräkslöse person. Vid alla fester, där
1363 3580 2142 3638 20 à 400 kr. stycket. För tilldelande
2160 3605 2967 3668 han deltagit som gäst, bar han varit
1370 3629 2138 3699 uv rese-stipendier föresläs 6.000 kr. bö¬
2142 3659 2963 3715 medelpunkten och genom sitt spirituella
1376 3655 1808 3732 raärligen reserveras.
2149 3693 2946 3750 och älskvärda väsen vunnit en ctor kam¬
2155 3725 2344 3792 ratkrets.
1432 3757 2104 3868 u ic ##
2166 3817 2953 3917 Distriktmästerskapet 1 bandy. Pá sön¬
2141 3879 2946 3957 dag s elas de bäda semifinalmatcherna
2138 3918 2953 3996 om baudymüsterskapet för Stockholme
2123 3966 2951 4034 distrikt. A Östermalms idrottsplats spe¬
2132 4002 2944 4090 lar kl. 10 f. m. Djurgärdens idrottsför¬
2808 4058 2993 4141 u
