3344 4352
488 282 705 369 Nr. 27
1564 273 1927 385 DIENELT =
2851 297 2958 374 800
508 377 1706 440 uns plötzlich hart zurück und ruft uns höhnisch zu:
1752 375 2957 450 dem Oberlehrer Borctius, die bitteren Worte hören: „Ich
507 442 1714 501 Ihr seid keine Deutschen und es gibt für euch kein Mittel,
1750 445 2960 502 weili nicht, was unsere im übrigen gewiß sehr ehren¬
509 492 1722 548 Deutsche zu werden; Freinde seid ihr, Fremnde bleibt
1744 491 2951 541 werten jüdischen Mitbürger sich in unsere Angelegen¬
506 539 1707 596 ihr ewig. Was sind wir denn? Unsere jüdische Seele
1744 550 2975 611 heiten zu mischen haben.“ Er macht dieselbe Erfahrung
508 589 1712 641 nimmt man uns durch die Erzichung und den Unterricht
1745 591 2735 663 wie sein Soln, sein Tramm ist wohl zu Ende.
504 654 1723 701 und die deutsche Seele, die man uns einhaucht, dürfen
1824 654 2963 726 Als Menschen, dem einzig die Sorge um das Wolll
507 689 1719 751 wir nicht ausleben. Das ist das große Verbrechen, das
1747 708 2957 752 der sich ihm anvertrauenden Kranken maßgebend ist,
500 737 1710 802 man an uns begeht.“ Zwei Welten stoßen in dieser Szene
1748 757 2966 811 zeichnet uns Schnitzler auch seinen Professor
499 795 1708 848 aufeinänder, verkörpert durch zwei hochstehende Männer,
1752 795 2967 872 Bernhardi. Diese Sorge geht so weit, daß er selbst
513 838 1723 885 von denen jeder aus fast denseiben Ursachen einen anderen,
1749 852 2963 916 dort, wo die katholische Kirche auch ein Recht auf den
506 878 1724 925 Schluß für sich gezogen hat. Aber Dr. Kohn hat das Leben
1761 901 2967 960 Sterbenden verlangt, kein Bedenken trägt, auf seinem
502 934 1721 998 richtiger erkannt, wenngleich er nur zu teueres Lehrgeld
1751 943 2955 1011 Standpunkte sogar ihr gegenüber zu bestehen, in dieser
495 982 1730 1046 dafür zahlen muß. Er, dessen Liebe von des Geheimrats
1747 1001 2956 1068 Sorge um den Kranken bis zum letzten Atemzug ver¬
511 1030 1723 1087 Tochter erwidert wird, findet keinen anderen Ausweg als
1751 1046 2967 1107 wehrt Professor Bernhardi dem Priester den Zutritt ins
499 1097 1714 1143 den, sich von der Kugel des Bruders der Geliebten nieder¬
1749 1100 2961 1147 Krankenzimmer. Aus diesem Vorfall wird, vor allem
511 1132 1721 1185 schießen zu lassen. Dieser Bruder, Leutnant im Leib¬
1748 1153 2952 1204 weil Bernhardi Jude ist, fast eine Staatsfrage, die anti¬
500 1180 1712 1241 regiment, darf es nicht dulden, daß ein Jude den Blick
1753 1209 2968 1264 semitischen Parteien bemächtigen sich des Falles und
496 1229 1712 1288 zu seiner Schwester erhebt, er beleidigt Kohln schwer,
1746 1250 2953 1296 Bernhardi, fast von allen, selbst von den meisten christ¬
507 1280 1714 1337 wirkt ihm denn noch Feigheit vor und so muß der Jude
1751 1300 2960 1352 lichen Kollegen, denen der Jude schon lange ein Dorn im
507 1328 1714 1389 sich vor die Waffe eines Mannes stellen, den er schon
1749 1363 2965 1415 Auge ist, verlassen, wird angeklagt und zu einer Arrest¬
499 1387 1728 1442 als Christinens Bruder nicht verwunden darf. Sterbend
1748 1399 2966 1470 strafe verurteilt, nach deren Verbüßung er ruhig in die
512 1428 1716 1478 wird er in die Wohnung des Geheimrats gebracht, von
1748 1448 2962 1511 Gelehrtenstübe zurückkehrt, trotzdem er mittlerweile Ge¬
509 1475 1711 1535 dem sich die eigene Frau, des Superintendenten Schwester,
1745 1504 2965 1560 legenheit hätte, sich glänzend reinzuwaschen. Was geht
506 1531 1712 1586 und seine Söhne abgewendet haben, da er im Läufe der
1745 1546 2969 1611 ihn die Welt an? Soll jeder über ihn denken wie er will,
499 1574 1714 1632 Ereignisse sein jüdisches Herz wiedergefunden hat, das
1752 1594 2955 1649 für ihn ist mit der Verbüßung der Strafe die Angelegen¬
497 1625 1435 1700 ihm die Taufe nicht hat nehmen können.
1748 1648 2960 1692 heit erledigt, er „will seine Ruhe haben“, Das ist aller¬
594 1686 1714 1727 Aber einen anderen Gevvensatz berührt Nordau noch
1744 1694 2969 1760 dings ein Vorgehen, das wir ihm vorwerfen müssen. Hat.
510 1735 1712 1798 zum Schluß: den zwischen dem Vater Amschel Kohn
1749 1743 2959 1791 dieser Professor, der wirklich nur zufällig Jude ist,
505 1786 1712 1837 und seinem Sohne. Der Vater kann es nicht einsehen,
1744 1790 2965 1857 in den Machtkreis der Kirche eingegriffen und wird
500 1846 1719 1894 daß sein Sohn sich duellieren mußte. „Was hat mein
1739 1842 2967 1903 er deshalb angegriffen, so muß er alles tun, um sein
507 1878 1717 1938 Sohn ritterlich zu sein?... Wir haben von unseren
1741 1892 2959 1957 Recht zu erkämpfen. Er müßte es als Mensch, als Arzt
501 1932 1706 1985 Voreltern gelernt, die Faustgewalt zu verabscheuen. Tot¬
1740 1942 2964 1987 und als Jude. Als Jude schon deshalb, weil der Fall
507 1972 1716 2033 schießen und totschlagen sollen die andern. Unsere Waffe
1749 2001 2962 2049 sofort verallgemeinert wird, und sein Vorgehen nicht nur
507 2029 1710 2085 ist der Geist ... Ein Jude muß wissen, daß er in der
1743 2038 2968 2093 für ihn üble Folgen hat, sondern auch gegen andere Juden
497 2082 1715 2140 Zerstreuung lebt ... Legt ihm der Allmächtige Leiden
1748 2086 2964 2136 ausgenützt wird, auch gegen solche, die seine Handlungs¬
517 2128 1709 2177 auf, muß er sie tragen:“in-diesen Worten zeigt sich so
1746 2140 2962 2187 weise nicht billigen. Und Schreimann, der getaufte Arzt,
495 2168 1719 2226 recht der Gegensatz zwischen alten und jungen Juden,
1749 2180 2962 2227 sagt ganz richtig: „Auch wenn ich Nationaljude wäre,
507 2216 1723 2278 wie ihn nach dem Leben auch der Dichter zu Gestalten
1750 2228 2950 2282 ich würde gegen Bernhardi Stellung nehmen.“ Aber Bern¬
505 2267 1410 2335 formt. Nicht nur in Nordaus „Dr. Kohn“
1749 2278 2965 2342 hardi ist eben kein Nationaljude, ja ist so weit vom
595 2317 1715 2386 In ähnlichem Sinne tut das z. B. Sudermann im
1748 2319 2960 2393 Judentum entfernt, daß er dem Journalisten Kulka sagen
506 2372 1716 2439 „Sturmgesellen Sokrates“ Auch hier steht der Vater dem
1751 2380 2956 2428 darf: „So wie ich heute beschuldigt wurde, die katholische
506 2425 1718 2472 Sohne gegenüber. Der Sohn, Siegfried Markuse,
1746 2425 2959 2485 Religion gestört zu haben, könnte es mir nächstens
496 2475 1711 2530 ist als junger Student in die Fremde gezogen, auch er
1746 2482 2962 2537 passieren, als Feind einer anderen, Ihnen vielleicht näher¬
512 2527 1719 2584 voll Sehnsucht nach dem Anschluß an seine deutschen
1750 2535 2954 2592 stehenden, verdächtigt zu werden.“ Ihm ist aber auch
505 2566 1715 2611 Brüder, aber sie wollten ihn nicht kennen, sie ver¬
1742 2573 2943 2633 vom ärztlichen Standpunkt der ganze Vorfall keine prin¬
499 2615 1715 2679 sperrten ihm die Türe zu ihren Studentenverbindungen,
1743 2623 2947 2681 zipielle Frage, sondern nur ein Einzelfall, sonst würde er
495 2670 1722 2718 und je mehr er sein Deutschtum betonte, desto weniger
1749 2667 2953 2746 wenigstens im Interesse des Standes den Kampf fort¬
499 2721 1721 2764 wollten sie ihe anerkennen, bis er schließlich zur bitteren
1748 2721 2954 2780 führen. Und der Minister hat ganz recht, wenn er mit
503 2766 1712 2819 Erkenntnis kam: sie wollen uns zu Feinden haben“. Und
1746 2770 2942 2821 Bezug auf den Fall Bernhardi sagt: „In einem gleich¬
507 2824 1719 2882 das hat ihn stark gemacht, stark dazu, geistiges Kapitul
1735 2825 2952 2883 gültigen Fail das richtige getan zu haben, erscheint mir
501 2872 1715 2931 zusammenzuscharren, damit er in dieser Welt ihnen ge¬
1734 2874 2947 2928 nicht nur klein, sondern im höchsten Sinne unmoralisch.“
507 2910 1712 2970 wachsen ist. Denn er fühlt das Chetto, das sie, die andern.
1740 2919 2959 2985 So ist Bernhardi eine passive Figur, die alles fast trotzig
502 2966 1717 3013 um ihn, um die Juden aufrichten: es wird nichts weiter
1744 2965 2956 3010 über sich ergehen läßt. Aber in ihrer Art ist sie auch dem
493 3025 1715 3070 sein als hie und da ein kaltes Lächeln, ein sehr höflicher
1743 3016 2952 3084 Leben abgeschaut, sie ist eine jener Gestalten, die zwar¬
505 3060 1715 3103 Absagebrief und ein unerwiderter Besuch und wird doch
1740 3065 2959 3118 jede Gemeinschaft mit dem Judentum längst verloren
492 3124 1714 3170 tausendmal schmerzlicher auf die Gemüter drücken als
1748 3121 2962 3177 haben, aber mit ihren Fehlern oder solchen Schritten, die
502 3157 1715 3216 die stinkende Gasse von dazumal. Aber der Vater versteht
1751 3159 2960 3227 von den anderen als Fehler angesehen werden, dem
503 3206 1712 3287 den Jungen nicht. Er ist Rabbiner — wir erinnern uns
1740 3211 2955 3274 Judentum selbst großen Schaden bereiten. Das scheint
506 3259 1669 3307 an den hochstehenden Rabbiner im „Neuen Ghetto“ —
1735 3264 2960 3322 auch der Dichter irgendwie andeuten zu wollen. Denn
492 3307 1714 3356 und glaubt sich, wie der Sohn meint, zu wunder welcher
1735 3311 2953 3363 diesem Bernhardi hat er einen anderen jüdischen Arzt
503 3356 1710 3397 Dankbarkeit verpflichtet, weil man ihn aus dem alten
1744 3364 2954 3421 zugesellt, Dr. Loewenstein, einen jungen jüdischen
495 3407 1719 3453 Ghetto rausließ. Er will den Juden hinter allgemeinen
1743 3402 2947 3462 Draufgänger, der die Dinge beim wahren Namen nennt,
494 3454 1712 3519 Freiheitsideen verbergen, an denen er sich in ehrlicher
1739 3458 2943 3518 sein Judentum nicht verbirgt, sondern gegen die ver¬
499 3503 1712 3549 Ueberzeugung mit Gleichgesinnten, mit Christen, be¬
1746 3510 2943 3563 steckten und offenen Feinde unter seinen Kollegen rück¬
493 3551 1711 3613 rauscht, ihm schwebt ein Traum von Gleichheit, von
1737 3557 2952 3624 sichtslos Stellung nimmt. Er hält die Tat des Bernhardi
510 3602 1711 3660 Verbrüderung vor, den er vorläufig in seinem demo¬
1745 3602 2957 3668 für richtig, will aber nicht nachgeben, da er sicht, daß die
493 3648 1717 3694 kratischen Verein gepflegt sicht Doch dieser Verein
1746 3653 2954 3704 anderen eine politische Affäre daraus gemacht haben.
505 3695 1712 3754 ist von keinem Bestand, ein Mnglied nach dem anderen
1743 3701 2952 3753 Jedes Paktieren hält er für ausgeschlossen. Ihn läßt der
494 3757 1712 3812 fälit ab, zum Schluß bleibt nur der „Sturmgeselle“ übrig
1741 3747 2951 3796 Dichter die Worte sprechen: Wenn ein Christ dasselbe
506 3796 1716 3838 und neben ihm treu als letzte Säule der Rabbiner Markuse.
1735 3800 2971 3854 getan hätte wie Bernhardi, so wären hinter diesem
1745 3846 2956 3895 Christen Tausende oder Hunderttausende gestanden, die
510 3842 1710 3897 Der muß von einem der letzten, die fahnenflüchtig werden,
