3436 4256
1584 201 2049 285 box 31/6
236 208 1587 312 25. Professer Bernhandi
860 659 1579 789 gochs schswenganaden
1134 798 1400 885 PE
763 882 1645 965 enSaares esurstne ünenaussennerr süae
768 951 1627 1036 BERLIN SO 16, RUNGESTRASSE 22-24
735 1115 1664 1211 Berlin am Morgen, Berlin
753 1222 1402 1287 Ausschnitt aus der Nummer vom:
1443 1254 1829 1331 2 5. JAl 1960
1846 1308 1912 1373 1
1867 1376 2769 1463 Zutritt zu einer Sterbenden, die nichts von
1870 1427 2771 1497 dem unmittelbar bevorstehenden Tod weiß.
963 1358 1783 1529 Ein Michael Kolhaas
1873 1473 2774 1532 Das Mädchen soll durch das Erscheinen des
1873 1507 2782 1571 Priesters nicht um das hoffnungsselige Glüg
1152 1501 1657 1593 wider Billen
1882 1558 2767 1610 ihrer letzten Stunde gebracht werden. Gegen
1882 1593 2769 1652 den Direktor, der Jude ist, wird von den
1001 1586 1791 1657 Schnitzlers „Professor Bernhardi“.
1870 1630 2771 1685 Klerikalen und Deutschnationalen eine Hetze
958 1653 1832 1724 im Theater in der Königgrätzer Straße
1872 1670 2773 1723 veranstaltet. Zu den „äußeren“ gesellen sich
1001 1689 1845 1780 Artbur Schnitzlers Komödie „Proses¬
1867 1702 2788 1770 die „inneren“ Feinde: die nationalistischen
934 1751 1850 1823 sor Bernhardi“ war einmal — lang,
1864 1749 2780 1814 Mitglieder des Professorenkollegiums. Der
1877 1786 2781 1855 Unterrichtsminister, ein Studienkollege des
938 1789 1854 1839 lang ist's her * ein Kampfstück, ein Tendenz¬
1872 1824 2776 1881 Angegrifsenen, läßt diesen trotz feierlichen
945 1843 1857 1897 stück. Aber wa##r nahezu 20 Jahren
1875 1866 2776 1922 Versprechungen im Stich. Falsche Zeugen¬
937 1864 1854 1914 Kampfrus und Krausforderung war, ist
954 1899 1855 1976 heutenür mehr Weschichtsbild. Der Gegner
1871 1902 2787 1954 aussagen tun ein Uebriges und Professor
956 1941 1860 1995 gegen den Schnitzter einstmals aurannte, das
1883 1960 2782 2002 Bernhardi wandert auf zwei Monate ins Ge¬
959 1976 1854 2037 alte Oesterreich mit seinem durch Schlamperei
1892 1992 2789 2040 fängnis. Soweit wäre alles schön und gut.
949 2017 1868 2075 gemilderten Absolntismus, ist nicht mehr und
1889 2023 2787 2078 Aber Schnitzler läßt seinen Helden nur zu¬
946 2061 1857 2107 die von Schnitzler als Gegner senes Oester¬
1885 2057 2782 2125 fällig und unbewußt in den Kampf geraten;
947 2101 1854 2154 reich geschaffenen Komödienhelden haben in¬
1879 2099 2796 2160 er läßt ihn sich mit seinem Gegner, dem
951 2134 1871 2200 zwischen Glanz und Feuer, Rüstung und
1892 2145 2780 2199 Priester, 'versöhnen; er entkleidet ihn des
1888 2175 2788 2237 letzten Restes von Heldentum, indem er ihm
1886 2215 2789 2267 den Verzicht auf die Fortsetzung des Kampfes
1901 2256 2788 2311 in den Mund legt („Meine Ruhe will ich
1892 2299 2792 2355 haben, sonst nichts“). Und getreu dieser ver¬
1901 2348 2790 2391 söhntichen, ausgleichenden Tendenz nimmt
1893 2371 2792 2435 der Dichter auch dem Schluß seiner Komödie
1896 2402 2783 2470 jede Schärfe: die falsche Zeugin widerruft
1888 2455 2788 2524 ihre Aussage und Bernhardi wird auf diese
2302 2484 2795 2560 In sansterPlanderei
1901 2495 2304 2552 Weise rehabilitiert.
1896 2535 2286 2591 versickert das Stück.
1948 2554 2792 2618 In der guten Aufführung Victor Bar¬
1891 2599 2808 2656 nowstys wird das, was von dem Stück über¬
1891 2638 2805 2702 haupt lebendig zu machen ist, lebendig: die
1905 2671 2804 2740 stickige österreichische Atmosphäre von
1902 2715 2806 2772 Schranzentum, Bigotterie, Schlendrian, Be¬
1909 2752 2808 2818 schränktheit und Gmüat. Kortner spielt
1891 2796 2801 2850 außerordeutlich einprägsam und lebendig den
1898 2833 2797 2892 „Michael Kohlhaas wider Willen“; er dämpft
1892 2883 2803 2924 das Pathos der Rolle und kommt uns des¬
1907 2913 2804 2974 halb doppelt nahe. Vortrefflich ist der streit¬
1906 2951 2811 3006 bare jüdische Dozent Löwenstein des Erwin
1896 2988 2815 3036 Kalser; sehr gut auch Felix Bressart
1912 3047 2809 3082 als zittriger, aneköotenerzählender Professor
1905 3064 2824 3129 Cyprian. Paul Otto ist ein salbungsvoll
1912 3101 2809 3168 redender Unterrichtsminister und Paul
1922 3150 2807 3195 Hörbiger ein Hofrat aus dem K. K. Mini¬
1918 3190 2808 3235 sterium füx Kultus und Unterricht, wie er
1919 3228 2828 3285 im Buche, nein, im Leben steht. Eine unver¬
2567 3257 2810 3324 F. C. W.
1913 3267 2429 3345 geßliche Leistung.
1362 3232 1594 3357 2
1003 3397 1867 3461 Fritz Kortner in der Titelrolle von
1020 3440 1866 3505 rthur SchnitzlersPofessor
1142 3478 1869 3535 uhardi“, das gestern im
1218 3521 1883 3582 in der Königgrätzer Straßte
1019 3529 1219 3598 Theater
1185 3559 1708 3644 neu aufgeführt wurde.
990 3624 1897 3692 Helmbusch verloren und sie, die uns vor
995 3686 1909 3748 vielen Jahren begeisterten, stehen heute etwas
995 3723 1903 3789 dürftig vor uns: Viertel= und Achtelhelden
1000 3763 1907 3815 wider Willen, die zufällig in einen Kampf,
1002 3804 1911 3862 verwickelt werden, von dem sie, taum daß
991 3840 1908 3892 er angefangen hat, schon nichts wissen wollen.
1055 3877 1911 3934 „Professor Bernhardi“ ist ein Stück der
1005 3920 1909 3980 vorletzten Konsequenzen — die letzten werden
1003 3956 1904 4010 nicht gezogen. — Der Direktor eines klini¬
1000 3992 1921 4067 schen Instituts verweigert einem Priester den
1692 4106 1905 4185 R
