3392 4352
1249 73 1922 125 part of the Jewish doctor better
1253 116 1869 165 than any one else in England.
1268 161 1920 218 Mr. Sofaer’s position in the thea¬
1250 212 1921 261 tre is of unusual interest. He has
1238 252 1915 304 all the qualities of an actor—imagi¬
1235 296 1919 350 Ination, vitality, bodily grace, an
1239 338 1927 389 expressive face, an intultive control
1250 379 1920 429 of gesture, a voice of the greatest
1244 402 1939 474 beauty and power. He speaks verse
1233 464 1925 517 as no other English actor—not ex¬
1238 503 1929 576 cepting Gielgud—can speak it, so
1242 548 1928 608 using its music to clarify its mean¬
1246 594 1925 665 ing that, under his control, even
1248 639 1926 697 the language of Biron in Love's
1246 682 1931 734 Labour’s Lost“ comes to the audi¬
1251 726 1797 787 ence with unfading lucidity.
1271 829 1927 885 Yet Ithink I do him no injustice
1246 875 1927 923 in saying that, in the public eye,
1248 913 1920 968 he has never held the place he de¬
1244 971 1927 1015 serves among the leaders of his pro¬
1234 999 1932 1060 fessien. The reason is his appear¬
1251 1045 1931 1096 ance, which, though handsome, is
1238 1083 1929 1141 so pronouncedly Oriental as to limit
1243 1120 1935 1185 the range of his parts. Six years
1247 1166 1932 1216 ago he appeared in New York as
1251 1209 1913 1264 Isaac Cohen in The Matrlarch';
1249 1257 1931 1309 I am not aware that he is otherwise
1240 1294 1922 1356 known in the United States. Here,
1247 1326 1928 1390 though he has played with success
1237 1378 1927 1428 In pieces of all kinds, he is chiefly
1248 1405 1920 1480 known, as far as leading röles are
1247 1469 1930 1520 concerned, as a Shakespearean
1250 1500 1925 1559 actor. The reason is the simple one
1238 1545 1932 1596 that, while Shakespeare created
1246 1592 1936 1640 Shylock and Othello and even Jago,
1243 1628 1933 1681 who may be cast as an Oriental, if
1228 1667 1925 1711 you please, modern playwrights, un¬
1246 1711 1932 1764 less they want an Oriental villain
1230 1754 1918 1806 for a thriller, generally write for
1249 1793 1920 1850 Oecidental leads.“ Professor Bern¬
1249 1836 1929 1889 hardi“ provides Mr. Sofaer with an
1247 1870 1932 1946 opportunity that he has long de¬
1249 1919 1413 1975 served.
1276 1972 1913 2026 The play, though it has been per¬
1253 2020 1925 2068 formed only once before in Eng¬
1250 2045 1928 2108 land, and then privately, is familiar
1253 2097 1924 2144 to students of the theatre; but it
1248 2136 1928 2190 has a special and renewed interest
1251 2182 1918 2225 at the present time. It opens with
1246 2219 1921 2273 a scene in which a Jewish director
1244 2261 1922 2308 of a Viennese hospital refuses to
1244 2301 1922 2352 allow a priest to have access to a
1238 2339 1931 2395 dying patient. He s#ays that the
1238 2384 1920 2441 patient is happy, that she does not
1248 2431 1922 2478 know she is dying, that the priest’s
1248 2466 1920 2516 arrival would put into her the fear
1240 2506 1923 2555 of death. At this point, I think,
1250 2551 1926 2605 Schnitzler missed an opportunity.
1249 2583 1927 2642 Because he was writing as an anti¬
1238 2633 1928 2684 clerical Austrian, he never allows
1248 2675 1920 2718 the Catholic point of view on this
1241 2711 1921 2763 incident to be represented; instead,
1248 2752 1924 2803 he hurries on to the consequences
1246 2794 1921 2847 of the incident itself, showing how
1246 2841 1929 2892 from so small a seed there sprang
1238 2873 1711 2939 up a forest of intrigue.
1277 2970 1923 3047 Once launched on this subject, he
1246 3020 1918 3076 has the courage to examine it in all
1247 3063 1915 3114 its aspects, and the play becomes,
1249 3101 1916 3153 not simply a piece of Jewish and
1242 3142 1926 3197 anti-clerical propaganda, but a gen¬
1240 3181 1914 3236 uine study of differing sets of
1238 3234 1924 3283 values. Bernhardi himself is by no
1246 3269 1920 3330 means exempt from criticism; his
1238 3310 1921 3371 stubborn refusal to compromise in
1246 3369 1918 3418 little things, his fanatical lack of
1238 3404 1916 3468 proportion, his special variety of
1246 3448 1917 3505 spiritual pride are set ouf side by
1240 3496 1930 3539 side with the excessive desire of
1238 3534 1923 3591 priests and politicians to excuse
1244 3581 1916 3638 their immediate failures or weak¬
1247 3620 1929 3675 nesses by saying that it is often
1245 3666 1925 3717 necessary to subordinate the means
1244 3702 1913 3752 to the end. Schnitzler is not im¬
1245 3752 1921 3803 partial; he has his own prejudice
1238 3790 1922 3849 and does not conceal it; but his
1243 3838 1910 3876 satire is by no means undistributed.
1264 3875 1915 3934 The result is a play of rare bal¬
1242 3926 1929 3974 ance and subtlety and one that re¬
1240 3969 1913 4027 wards every perceptive delicacy of
1247 4010 1898 4070 the players. CHARLES MORGAN.
