3296 4256
2239 46 2316 125 1
1439 80 1585 143 —
277 130 2095 214 25. Professor Bernhardi box 31/4
169 846 939 910 #nn
1332 884 2790 969 der Gefühle entfachten Feuers mit großen, staunenden Augen. Diese Kraft
174 897 897 1015 ie Peschkowitz-Elmayer
1337 938 2390 1018 und diesen Trotz nennt man Talent, nennt man Genie.
306 1006 668 1065 Telephon 96-707
1401 990 2780 1062 Die Konstantin ist eine Könnerin, eine ganz große. Und ihre Technik
1324 1058 2795 1115 ist virtuos. Es gibt nichts, das ihr nicht geläufig wäre, das sie nicht meistern
167 1018 694 1120 ahnlinien: ), E, 2, H, J, O
1315 1108 2795 1161 könnte. Sie ist Herrin über alle Register. Aber Technik allein und die
1323 1157 2794 1212 virtuose, geschmeidige Beherrschung der überreich zur Verfügung stehenden
1325 1201 2794 1264 Mittel würden nie und nimmer zuwege bringen, daß man eher als überzeugt
1328 1250 2597 1309 ist, daß man glaubt, bedingungslos und ohne Widerspruch glaubt.
1403 1298 2793 1367 Die zwingende Verführung, die von der Konstantin ausstrahlt in warmen
1336 1349 2787 1417 und betäubenden Wellen und die Zuschauer dem herrischen Bann ihrer Per¬
1343 1415 2792 1469 sönlichkeit unterjocht, ist nicht Sache ihrer technischen Virtuosität, sondern
1335 1458 2074 1521 ihres Temperaments und ihrer Rasse.
211 1458 571 1552 Konstantin.
1410 1507 2807 1573 Die Konstantin gehört zu den stärksten Individualitäten des heutigen
184 1542 406 1614 oPerry.
1333 1554 2789 1619 deutschen Theaters. Sie hat keine neue Richtung geschaffen, aber sie erfüllt
1342 1605 2791 1697 die Bühne mit der bezwingenden Ursprünglichkeit ihres blutvollen Lebens.
196 1593 951 1693 den Wert des deutschen Theaters aus¬
182 1667 447 1738 Konstantin
163 1713 951 1785 galle Flammen der Seele und des Körpers
175 1766 956 1842 lle ihre Gestalten und Verwandlungen
177 1812 950 1897 leuchten durch sie, schweben durch sie.
184 1868 966 1959 schein dieses flackernden, vom Sturme
1952 2720 2205 2806 Karl Forest
446 2743 723 2817 Otto Schmöle
1738 2926 2718 3027 ODEON-ELEKTRIC
1925 3008 2523 3072 die führende Qualitätsmarke
1665 3050 2764 3130 Stets die neuesten Plattenschlager nach dem neuesten Aufnahmesystem
1819 3116 2626 3155 Odeon Sprechapparate in allen Preislagen
2233 3184 2768 3231 Wien, I., Schwangasse 1 (Ecke
781 3162 866 3252 10
1661 3183 2780 3256 ODEON-MUSIKHAUS, Karntnerstr. 26) / Tel. R-24-1-51
