3392 4320
1601 150 2054 260 box 30/2
232 150 1454 274 25. ProfesserBernhandi
567 1137 1468 1262 Ausechnitt aus: Der Morgen Wien
893 1242 1208 1344 e3 72.1912
581 1257 743 1360 vom:
1602 1429 3333 1498 die Kunst, das kleinere Übel zu wählen. Wir müssen viel Böses Mayer seinem ehemaligen Freu
703 1433 1292 1541 Der Fall Bernhardi.
1598 1472 2746 1524 dulden, um Böseres zu vermeiden, ja gerade das Kulturwidrigste
2750 1481 3325 1554 Antisemit sind, werfen wir Ihn
1596 1523 2738 1580 ist unbewußt der stärkste Hebel der Kulturentwicklung, wie
421 1504 1574 1608 Politische Glossen zu Schnitzlers Stück von Dr. Friedrich Hertz.
2741 1529 3333 1592 sind". (Nebenbei bemerkt, wurde
1581 1565 2743 1635 der wirtschaftliche Egoismus, Sklaverei, Ausbeutung, Krieg,
2741 1567 3314 1639 Zeitschilderung, die Siegmund
512 1561 1577 1643 Als „Fall eihfildelt wir Schmihlers Wert; es hat für uns
1590 1613 2729 1687 rohe Genußsucht, entgeistigter Luxus und andere soziale Laster.
2751 1627 3315 1684 jüdischer Kaufmann“ vor einem
394 1616 1579 1716 Idie nüchterne Gegenständlichkeit eines tatsächlichen Ereignisses, das
1597 1660 2733 1722 Selten aber war es dem rechtlichen und gereiften Menschen so
2761 1673 3325 1731 freiesten, gar nicht spezifisch jüdi
406 1679 1576 1742 pplötzlich ausbrechend die Decke der täglichen Konventionen und
1599 1705 2730 1771 schwer gemacht, mitzutun, wie in unserem heutigen Österreich.
2749 1727 3331 1787 liberalen Presse ganz totgeschwie
422 1729 1582 1806 Beschwichtigungen sprengt, weite Zusammenhänge offen legt, Sen¬
1592 1761 2737 1826 Überall anderswo gibt es doch eine Anerkennung geistiger Werte
2750 1768 3334 1840 im Titel die peinliche Existenz v#
426 1784 1576 1859 sationsgier und Bosheit reizt und in manchem eine Gewissens¬
1595 1813 2737 1876 und Autorität, eine stark eingewurzelte Selbstachtung und dies er¬
2750 1816 3331 1882 dingen sich ja selbst die frischge
418 1818 1578 1914 Fregung hervorruft. Unsere Worte gelten nicht der Dichtung, ob¬
1591 1855 2733 1921 möglicht es in moralischen Krisen, in denen Parteileidenschaft und
2754 1863 3326 1934 gutzahlenden Wiener Judenblätt
411 1889 1576 1964 gleich Schnitzlers Charakterplastik hier auf neuem Feld die alte,
1600 1914 2739 1974 Selbstsucht das öffentliche Bewußtsein verwirren, den Kampf gegen
2746 1914 3319 1984 in den Sonntagsnummern dem
429 1928 1579 1986 unerhörte Sicherheit und Überzeugungskraft bewährt. Bei vielen
1594 1961 2742 2023 den Trug aufzunehmen. Unsere Empörung ist aber ohnmächtig
2750 1963 3329 2033 und Bernhard Shaw aufgetischt.
428 1977 1579 2042 aber wird das moralische Erlebnis das ästhetische zurückdrängen
1591 2013 2735 2067 und wehrlos. Die Schuld trifft in erster Linie die Presse, die von
2749 2005 3330 2078 semiten und Juden an „Objektin
425 2011 1581 2075 und wenn noch etwas an Gewissen in Österreich aufzurütteln wäre,
1592 2058 2743 2121 der kleinlichsten gegenseitigen Eifersucht zerrissen, einer kräftigen
2744 2061 3336 2129 sich im selben Gesinnungsschlam
417 2077 1571 2143 so müßte dieses Stück und sein Schicksal zum geschichtlichen Aus¬
1590 2102 2743 2165 Aktion gar nicht fähig ist, überdies aber in steter Angst davor
2742 2115 3323 2176 Vorwand. Der Antisemitismus
423 2119 1583 2179 gangspunkt werden. Jeder nicht gänzlich abgestumpfte Österreicher
1591 2162 2742 2217 zittert, irgend einem populären Wahn zu nahe zu treten. Ebenso
2748 2157 3323 2219 einfach gegen jedes geistige Strei
422 2158 1590 2250 hat seinen besonderen Fall Bernhardi erlebt. Gerade erst hat sich
1596 2197 2732 2263 verantwortlich sind Beamtentum und Volksvertreter. Die Auslese
2747 2207 3328 2277 trägheit und gewissen besond
423 2217 1577 2268 ein solcher Fall vor aller Offentlichkeit begeben, der einen neuen
1592 2240 2737 2320 diefer führenden Personen vollzieht sich unter den größten Opfern
2738 2248 3327 2313 Die größere Häufigkeit geistiger
429 2267 1583 2325 Rekord schuftiger Gemeinheit darstellt, nämlich die Hetze gegen das
1594 2297 2741 2372 an Selbstachtung und macht die Emporgekommenen unempfindlich
2754 2307 3330 2376 nun den Anschein, als richte sich
426 2306 1585 2380 Kuppelwiesersche Projekt einer Kindererholungsstätte auf dem
1595 2344 2096 2420 gegen Recht und Vernunft.
2743 2355 3327 2421 Juden. Tatsächlich hat er die bei
423 2356 1583 2423 Semmering. Tagtäglich und auf jedem sozialen Terrain unterliegt
2756 2403 3326 2469 seres öffentlichen Lebens bewirkt
1683 2379 2745 2456 Von überzeugendster Wahrheit find in Schnitzlers Stück der
419 2410 1586 2482 der gerade und verdiente Mann der streberischen Frechheit, der
1595 2445 2745 2513 Minister Flint, der die moralische Empfindelel, ja selbst das ge¬
2749 2455 3325 2520 tellektuelle steht unter der Gefah
420 2452 1574 2532 opportunistischen Feigheit und moralischen Faulheft, die unsere
1599 2498 2732 2559 gebene Wort verachtet und nur dem Erfolge um jeden Preis nach¬
2746 2496 3321 2567 stoßen zu werden, wenn er sich
425 2507 1585 2569 Offentlichkeit schrankenlos beherrschen. Schnitzler schließt mit aller
1585 2551 2738 2610 jagt, und der sympathisch=zynische Hofrat Winkler, der die Quint¬
2751 2543 3330 2609 schuldig macht oder die Sprache
416 2556 1576 2625 Bestimmtheit die naheliegende Deutung aus, von der sich wohl
1595 2590 2734 2664 essenz bureaukratischer Lebenserfahrung in das Wort zusammen¬
2750 2601 3325 2656 vorzieht. Ebenso selbstverständlich
430 2606 1573 2673 auch die Zensurbehörde leiten ließ, daß sein Werk ein antiklerikales
1593 2642 2737 2708 drängt, der Beamte könne nur ein Trottel oder ein Anarchist sein.
2746 2649 3327 2704 riorität, der den Persönlichkeitsn
418 2653 1583 2704 Tendenzstück sei. Der Gegensatz zwischen freier Menschlichkeit und
1581 2700 2734 2753 Unübertrefflich sind die verschiedenen Strebertypen nuanciert und
2745 2698 3324 2768 niveau der Offentlichkeit in stärk
428 2699 1584 2765 Kirchenglaube verkörpert sich in den gleicherweise sympathischen Ge¬
1595 2746 2739 2804 die Treulosigkeit der Intelligenz, besonders der jüdischen, die aus
2844 2739 3331 2824 Schnitzler hat ein Bild Ost
428 2758 1576 2817 stalten Bernhardis und des Pfarrers. Der begeisterte Verteidiger
1583 2795 2730 2845 lauter Objektivität und Taktgefühl jeder gegen einen Juden ge¬
2755 2784 3333 2867 schlichten Prägnanz und Tendenz
427 2805 1575 2862 seiner Kirche wird aber vom selben Schicksal getroffen wie der Ge¬
1598 2835 2620 2904 richteten Intrige passive oder gar aktive Assistenz leistet.
2751 2848 3332 2909 keine Lösung, aber er wird jeder
419 2848 1578 2909 lehrte, beide Männer verfechten ihre Sache mit den Mitteln ihrer
2740 2898 3324 2978 wart ein persönliches Erleiden i
1681 2892 2745 2962 Wie schon im „Weg ins Freie“ wird auch im „Professor
426 2900 1573 2966 offenen und warmen Persönlichkeit, sie verweigern es aber sich
2747 2936 3328 3017 seinem Wesen entsprechenden zu
1589 2944 2737 3011 Bernhardi“ unsere Judenfrage aufgerollt, obwohl es eigentlich
428 2947 1581 3025 der streberischen Koterie, der verlogenen Parteihetze dienstbar zu
2847 2988 3325 3059 Auch wenn der Zensurver#
1596 3001 2735 3065 nicht nötig gewesen wäre, dem Träger der Titelrolle selbst jüdische
428 3003 932 3069 machen und das büßen sie.
2751 3035 3331 3109 sollte doch ein Weg gefunden wer
1596 3045 2732 3111 Abstimmung beizulegen. Trotzdem aber mit ... Recht, denn das
527 3022 1577 3116 Gewiß haben ideal drapierter Eigennutz und Gehässigkeit
2745 3095 3326 3152 Bühne zu bringen. Dies könnte
1591 3094 2736 3146 heutige Österreich kann ohne diesen Zug gar nicht gedacht werden.
432 3093 1574 3170 gegen jede freie und starke Persönlichkeit, flacher Opportunismus
2751 3142 3335 3208 wo einst auch die „Weber“ zue
1594 3140 2738 3200 Die Geistverlassenheit unserer Zustände kommt darin zum stärksten
424 3146 1578 3203 und enge Parteiborniertheit zu allen Zeiten und auf der ganzen
2745 3183 3335 3258 Berliner nach Fürstenwalde fahr
1595 3190 2734 3262 Ausdruck, daß unsere Politiker über diesen Punkt absolut nicht
429 3188 1585 3270 Welt Macht gehabt, so daß Goethes Wort sein Recht behält, aus
1586 3235 2734 3303 hinaus können, an dessen Relevanz doch kein Einziger mehr glaubt.
2747 3236 3328 3317 werden wohl auch genug Wiener
426 3259 1588 3313 der Geschichte könne man nur lernen, daß es jederzeit und überall
2744 3287 2983 3374 gebrauchen.
1583 3290 2744 3359 Bei den Klügeren war es übrigens immer so, schon in den An¬
435 3296 1591 3367 miserabel gewesen sei. Auch die wahrhaft Intellektuellen anderer
422 3333 2737 3409 Länder leiden hierunter. Die Politik im weitesten Sinn ist einmal fängen der antisemitischen Bewegung rief der tapfere Siegmund
