3392 4256
846 70 938 126 O T
989 56 1136 128 Ber
1647 60 2081 161 box 31/1
285 56 1485 167 25 Pfnhandi
1002 342 1408 447 Seite 162.0
1862 365 2226 456 Allgemen
963 482 2189 551 Bürgerherz erschüttern. Das Publikum ist heute in seinem
957 545 2176 600 Geschmack, in seiner Bildung und in seinen Gesinnungen da
952 589 2177 633 angelangt, wo die Kritik und Dichtung um 1890 stand. Jahr¬
954 635 2170 676 zehntelang haben ihm die Kritiker den Naturalismus ge¬
961 686 2185 725 predigt und jetzt glaubt man ihnen endlich. So ist denn auch
953 734 2187 799 das Geschäft noch rentabel und die Theater führen daher
962 776 1706 839 naturalistische Stücke aller Art auf.
1045 833 2170 896 All diese Betrachtungen drängen sich gelegentlich der
957 878 2172 947 fünfzigsten Aufführung von -Schni###ers ärztlicher
957 928 2186 994 Komödie „Professor Bernhardi“ auf, in der wenig
955 974 2182 1046 Komödienluft weht, desto mehr Verärgerung des seiner
961 1019 2172 1089 Meinung nach zurückgesetzten Juden abgelagert ist. Das
949 1080 2165 1124 Stück ist ganz Tendenz, der Held ein jüdischer Arzt und be¬
951 1125 2169 1177 deutender Gelehrter, der einem Geistlichen den Zutritt zum
952 1173 2162 1220 Bett eines Sterbenden verwehrt und daraufhin in einer all¬
947 1230 2171 1276 gemeinen Hetze gegen ihn zugrunde geht, ins Gefängnis
946 1273 2181 1338 kommt usw. Selbstverständlich sind alle Juden gut und alle
953 1321 2167 1377 Christen feige Speichellecker und schlechte Menschen und
947 1372 2171 1431 ebenso selbstverständlich ist, wie bei einem Tendenzstück zu
951 1424 2176 1483 erwarten, der Ausgang kläglichster Pessimismus und der
952 1470 2158 1537 Eindruck tötende Langeweile, über die auch die gute Dar¬
947 1521 2169 1587 stellung des Schauspielhaus=Ensembles nicht hinweghelfen
956 1571 2174 1617 konnte. Aber das Stück gefiel dem Publikum sichtlich und
952 1619 2162 1690 so wird es ja am Ende noch seine hundertste Aufführung
947 1655 1133 1723 erleben.
1023 1709 2172 1765 Noch bedeutend verstaubter mutet Gerhard Haupt¬
937 1768 2163 1816 manns Drama „Einsame Menschen“ an. Die
937 1816 2150 1863 Hauptpersonen: ein unverstandener Gelehrter, ein spieß¬
939 1870 2157 1915 bürgerliches Elternpaar, eine gute dumme Frau, eine ver¬
936 1913 2152 1962 stehende Studentin; dazu etwas Kampf um monistische Welt¬
938 1972 2133 2021 anschauung, um Bibelglauben, ein wenig als „Freundschaft“
943 2020 2155 2060 verkappte Liebesleidenschaft — das mutet alles so fern und
934 2067 2155 2110 fremd an. Bei Ibsen war es neu, Hauptmann hat es popu¬
940 2120 2153 2154 larisiert und die Gegenwart hat diese Scheinprobleme in ihrer
929 2170 2159 2233 Nichtigkeit aufgedeckt. Das mag im wirklichen Leben manch¬
935 2215 2145 2256 mal traurig, auch für den einzelnen Privatmenschen aufregend
935 2269 2145 2326 sein — auf der Bühne wirkt es wie Gerede und Lamento;
941 2311 2159 2377 man mag es begraben und vergessen sein lassen, aber man
941 2358 2152 2427 soll es nicht immer wieder neu einstudieren, so lange die
938 2415 2152 2480 lebenden Dramatiker und gute alte Sachen auf Aufführung
929 2470 2158 2522 warten. Die Darstellung war durchaus lobenswert, be¬
939 2502 1991 2561 sönders Fräulein Nicoletti schuf eine rührende Käte.
1026 2564 2151 2609 Geradezu erfrischend einfach und unkompliziert war die
925 2613 2151 2669 Schauspielhaus=Neuheit dieser Woche: „Das Mädchen
931 2663 2145 2715 aus der Fremde“. Die Autoren Bernstein und
921 2700 2147 2745 Heller haben bei diesem leichten Stück keinen literarischen
932 2755 2153 2818 Ehrgeiz befessen, sondern wollten zwei Stunden lang anspruchs¬
928 2807 2158 2875 los, unterhalten. Und zu ihrem Ruhme ist zu sagen, daß
924 2860 2145 2902 ihnen das ohne Sentimentalität und ohne allzu handgreif¬
930 2907 2146 2940 lichen Unsinn gelungen ist. Die Figuren des Lustspiels sind
933 2956 2148 2992 alte gute Bekannte: ein ganz junger Ehemann, der durch
929 2990 2149 3062 das Wiedersehen mit einer früheren Geliebten in Nöte gerät,
933 3054 2150 3098 ein gutmütig=dummer Freund, eine fesche exotische Geliebte,
933 3102 2134 3149 ein gutes junges Frauchen usw. Alle Szenen sind wohl¬
932 3147 2139 3194 bekannt und auf Situationskomik gebaut; aber das Stück hat
920 3196 2135 3242 einen flotten Zug, man amüsiert sich, lacht über die pein¬
925 3228 2144 3326 lichen Nöte des jungen Ehemanns, freut sich über die
919 3299 2139 3345 schicken Kostüme der Damen und ehe man sichs versieht, sind
925 3352 2142 3410 die zwei Stunden Spieldauer vergangen. Die Darstellung
926 3397 2148 3445 war frisch: Herr Günther spielte sehr hübsch den Ehemann
927 3448 2145 3497 in Nöten, Frl. Schwarz die zierliche junge Frau, Herr Bode
918 3494 2142 3540 den Freund mit diskretem Humor. Die sesche Liebschaft war
923 3547 2142 3598 ein Gast aus Wien, Fräulein Paula Dürr, die mit viel
915 3598 2143 3653 Temperament und Geschmack das Exotische der Rolle heraus¬
916 3648 2137 3707 brachte. Die Damen Leonardi und Selbing und Herr Burg¬
921 3684 2135 3753 hardt vervollständigten das Zusammenspiel recht gut. Der
927 3742 1832 3804 sekttrinkende Pikkolo von Ziegler war reizend.
1830 3738 2143 3802 Dr. W. M.
1245 3825 1793 3887 Theater am Gärtnerplatz.
1318 3891 1737 3967 Drei arme Teufel.
1002 3946 2133 4003 Die Musik Karl Weinbergers ist sorgfältig gear¬
923 4006 2129 4054 beitet, orchestral treten hübsche Einzelheiten, so bei den bevor¬
