3344 4352
386 1590 1681 1699 Ausschaltt aus: Kornespondensblatt für den kathol.
619 1642 1558 1776 25AR 1 8/3 Klorus Sortemdiehe, Wien
396 1701 559 1786 vom:
296 1836 1773 1924 Zim Kapitel: Der katholische Priester als „Literatur¬
940 1903 1166 1984 objekt“.
396 1955 1773 2049 Der Liberalismus ist bekanntlich seit langer Zeit eine billige
319 2037 1783 2088 Saphe geworden. Was sich eben so gerade Liberalismus nennt
317 2085 1781 2138 und gerne als solchen ansprechen läßt; das, was gestern so hieß,
233 2115 1796 2221 deute so genannt wird und morgen sich noch als solcher gerieren
315 2166 1790 2232 wird. Weit ist es aber nicht her mit ihm, seit er die Ehrlichkeit
314 2242 1790 2289 der Uberzeugung mit der Ehrlichkeit der Geschäftstüchtigkeit
327 2282 1786 2336 vertauscht hat. Das sind zwei verschiedene Dinge: der Liberalismus
316 2323 1775 2377 aus Überzeugung, aus einer Uberzeugung, die ohne einen Kausal¬
315 2370 1781 2436 nexus besonderer Lebensverhältnisse nicht entstehen kann, bei
313 2422 1783 2468 der Milieu, Erziehung, Bildung, zufällige Berührung mit spezifi¬
311 2464 1785 2518 schen Geistesrichtungen und Neigung, die durch diese Faktoren
319 2518 1786 2564 bedingt wird, bestimmend mitwirken — solcher Liberalismus will
316 2556 1786 2614 verstanden werden; denn er ist kritisch, weil er ernst ist. Und
313 2614 1800 2665 wenn man ihn aus Verständnis heraus beachtet, würdigt und sich
317 2662 1789 2705 mit ihm auseinandersetzen will — es ist ganz gut möglich! Anders
314 2709 1446 2757 ist es aber beim Liberalismus aus Geschäftssinn.
444 2757 1779 2811 Auch beim Kapitel: Der katholische Priester als „Literatur¬
320 2806 1776 2858 objekt“. Diese Ausdrucksfassung ist sicher unglücklich, ge¬
323 2855 1789 2905 schmacklos, leider aber richtig und genau, weil es sich tatsächlich
315 2905 1786 2963 um die Heranziehung der Person (im Sinne von persona= Maske)
320 2966 1789 3016 als Typus, als lebloses Requisit handelt. Und weil es sich in
325 3000 1785 3047 unserem speziellen Falle um das Theater handelt, kann man auch
316 3047 1801 3086 sagen: als Figuranten, als Statisten und als redenden auch noch
328 3091 1786 3153 dazu. So ergibt es sich, trotzdem der Anlaß dieser kleinen Aus¬
327 3152 1789 3204 einandersetzung „literarischer' Natur ist, daß das folgende nicht
329 3190 1793 3246 „literarisch' sein kann, keine Besprechung, sondern — ein
313 3231 548 3305 Protest.
440 3277 1796 3326 Kommen wir nun zur Sache. Der Wiener Schriftsteller
314 3334 1799 3379 Dr. med. Arthux. Schnitzler hat sich vor einigen zwanzig Jahren
313 3374 967 3440 etwa in die osterrerrsenen
1071 3380 1793 3447 rdadurch eingeführt, daß er
330 3432 1788 3491 die Psyche des nach ihm nicht in letzter Linie so benannten
326 3484 1786 3542 „süßen Mädels' entdeckte. Diese Gattung weiblicher Jugend,
317 3526 1800 3567 deren ziemlich gleichförmige Lebensschicksale er, soweit das
325 3576 1749 3626 männiglich interessant erscheinen kann, mehrfach dramatisch -
327 3623 1800 3669 Oodetn heißt ursprünglich bekanntermaßen: handeln! — gestaltete,
325 3672 1812 3728 hat sich nun etwas überlebt und ist dem Aussterben nahe. Die
322 3714 1801 3770 Mädchen von heute scheinen nämlich (abgesehen davon, daß sie
326 3763 1791 3825 niemals die kompliziert gesuchte Psychologie besaßen, die
325 3807 1801 3872 Schnitzler und seinen Werken große Auflagen und viele Tantièmen
321 3865 1794 3920 brachte) so bedeutend klüger geworden zu sein, daß selbst die
330 3920 1802 3963 sentimentalste Erotik, in deren Begreiflichmachung Schnitzler ein
325 3953 1803 4004 besonderer Meister ist, nicht mehr vermochte, seine Gestalten
1816 168 3271 233 auch nur einigermaßen als lebenswahr glaubhaft zu machen. Er
1805 212 3263 269 hatte daher bald Anlaß genug, sich andere Vorwürfe zu suchen.
1815 269 3269 317 Das Umsteuern ging nicht leicht; da sich die dramatische Ver¬
1814 312 3282 364 tiefung angesichts seiner bedeutenden Lebensfremdheit erheblich
1812 362 3276 405 seicht hielt, als sie sich an neue Themen heranwagte, genügte ein
1811 409 3282 459 begrenzter Kreis von „Personen der Handlung' nicht, obwohl
1808 458 3272 516 sich zweifellos auch hier in der Beschränkung erst der Meister
1803 502 3277 565 zeigt. So kam es, daß ein Stück von Schnitzler am Burgtheater,
1810 556 3276 606 das, wenn und nachdem es von Traditionen zehrt, in seinem
1808 598 3279 658 Repertoire nicht umzubringen ist, in seinem Theaterzettel über 60,
1814 648 3272 701 schreibe sechzig Personen, zählt, deren Mehrzahl in der „Handlung
1817 694 3281 757 wirklich „beschäftigt' erscheint. Die Presse hat’s geschaut, die
1806 743 3282 797 Presse hat’s respektvoll verdaut — es lebe die „gute Presse' die
1811 793 3188 843 ein Dramatiker von „heitzutog' einmal zum Ruhme braucht.
1920 837 3276 883 Schnitzler ist aber einsichtsvoll genug gewesen, einzusehen,
1802 890 3282 941 daß es mit dem „Medardus', wie dieses nach der Personenzahl
1815 936 3275 983 als „Riesendrama' anzusprechende Stück heißt, nichts auf sich
1806 979 3285 1023 habe, sondern daß er von dem Respekt zehren müsse, den er in
1816 1029 3284 1075 den fetten Jahren seiner „wienerischen' Arbeiten ansammelte.
1807 1077 3283 1120 Und weil nun seit einigen Jahren, besonders in den sozusagen
1812 1124 3292 1178 intellektuellen Kreisen Wiens der neuzeitliche Liberalismus —
1812 1176 3285 1226 jener aus Geschäftstüchtigkeit, nicht der aus Überzeugung — im
1814 1222 3290 1271 Kurse hoch geht, so mußte er billigerweise (das Rohmaterial ist
1803 1271 3271 1330 ja auch wirklich sehr billig!) die neue Markttendenz berück¬
1803 1311 3274 1374 sichtigen. Erotik ist nämlich seit dem Auftreten des Massen¬
1808 1367 3285 1427 produzenten Frank Wedekind, der jede Konkurrenz und besonders
1812 1426 3277 1474 die süße und die süßliche durch seine Spezialmarke von Per¬
1805 1465 3283 1505 versität völlig aus dem Felde schlägt, im Theatermarktwerte heute
1808 1511 3243 1565 ganz wertlos geworden; sie ist verkracht, wie's eben jeder —
1810 1557 3227 1609 Mode geht Das dramatische Garn aus Kunstseide hält nicht vor. —
1921 1606 3274 1657 Was tun?! Also Liberalismus. Gangbare Ware. Alle „Welt“
1802 1654 3281 1696 in Österreich ist überall einer zwar ganz unbestimmten, aber
1807 1701 3281 1751 einer und doch immerhin einer Meinung: „Ja, ich sag’ Ihnen!
1811 1744 3275 1793 Was sagen Sie dazu, was jetzt wieder der Klerikalismus sich vor¬
1811 1801 3277 1846 drängt?! Wer hätt’ sich Dos denken kennen?' Also nur immer
1803 1840 3284 1902 man dicke 'ran in't Familienleben, wie der Berliner sagt. Und so
1795 1904 3273 1944 entstand der „Liberalismus' als Reaktion gegen den „Klerikalismus'
1808 1942 3287 1989 und Schnitzler hat wieder eine neue „Richtung' inauguriert. Nach
1804 1999 3281 2049 dem „süßen Mädel' der „süße Liberalismus' — gekünstelt und
1806 2040 3278 2102 lebensunwahr dieser wie jenes. Typisch aber beide. Schlagworte
1808 2084 3274 2137 und eitel Schwindel. Wichtig ist nur, daß man dabei sein Ge¬
1802 2131 3289 2190 schäft macht, zumal die israelitische Journalistik Gratisreklame
1808 2182 1974 2239 leistet.
1912 2213 3280 2283 „Professor Bernhardi' heißt das neueste Stück von
1802 2265 3287 2327 Schnitzler. Verleger: Herr Samuel Fischer in Berlin; heute längst
1803 2324 3281 2380 Millionär, vor zwanzig Jahren aus Ungarn nach Berlin aus¬
1799 2369 3275 2428 gewandert. Das Stück in Osterreich aufzuführen infolge Zensur¬
1796 2415 3287 2459 verbotes unmöglich — eine Bombenreklame gewissermaßen von
1805 2459 3290 2518 staatswegen wie man sie um schweres Geld nicht machen könnte.
1804 2514 3276 2570 Eine Reihe von Auflagen des Buches wird in wenigen Wochen ab¬
1809 2572 3290 2625 gesetzt und alles bedauert den Dichter als den soundsovielten
1808 2601 3293 2664 Märtyrer österreichischer Rückständigkeit, der um die Früchte
1802 2666 3272 2724 seiner Arbeit gebracht wird, weil er den „Mut der freien Rede'
1807 2699 3283 2755 hatte. Herr Müller sagt zu Herrn Meier: „Ja, segn’s, bei uns derf
1813 2765 3289 2815 ma halt net liberal sein!? Die freisinnigen Blätter bringen in
1809 2803 3289 2861 ihrem bekannten Ton, der zwischen Resignation, Lamento und
1796 2861 3281 2919 Marquis-Posa-Pathos hin- und herschwankt, ellenlange Besprechun¬
1817 2906 3273 2960 gen über eine Vorlesung des Stückes, die ein findiger Buch¬
1808 2946 3285 3006 händler, der „zufällig' die Auslieferung des Buches vom Verlage
1809 2994 3288 3056 übernommen hat, veranstaltet. Österreich ist nun wieder einmal
1814 3043 2761 3098 als „schwarzes Land' gekennzeichnet ...
1919 3080 3283 3140 Sehen wir uns die Sache näher an. Ob sie belangreich genug
1810 3141 3288 3199 ist, daß sie das sie so sehr fördernde Zensurverbot rechtfertigen
1812 3195 3282 3249 kann, mag hier als gleichgiltig außer Betracht bleiben. Der für
1825 3242 3134 3300 uns interessante Kern des Stückes ist ungefähr folgender:
1915 3279 3289 3339 In einer Abteilung des Spitales, dem Professor Bernhardi
1813 3341 3283 3388 vorsteht, liegt ein junges Mädohen im Sterben, ohne von ihrem
1812 3381 3289 3443 bevorstehenden Ende eine Ahnung zu haben; sie ist vielmehr voll
1813 3422 3289 3490 der schönsten Erwartungen für ihre Rekonvaleszenz. Der Pro¬
1820 3466 3288 3527 fessor läßt sie in diesen Illusionen befangen bleiben und hält
1822 3524 3284 3579 den Priester, der dem Mädchen die Sterbesakramente bringen
1809 3580 3290 3628 will, zurück, damit die Sterbende in ihrem Traum nicht gestört
1813 3622 3291 3676 werde. Hier stehen sich zwei Weltanschauungen gegenüber. Die
1815 3672 3290 3734 Patientin erfährt jedoch, noch während Arzt und Priester sich
1811 3716 3291 3771 auseinandersetzen, von der Pflegeschwester, daß sie versehen
1813 3756 3289 3817 werden sollte und stirbt. „Als Sünderin, ohne jede Tröstung der
1817 3812 3283 3865 Religion ist sie dahingegangen — und das ist die Schuld des
1819 3847 3281 3921 Arztes', sagt der Priester. Die Sache spricht sich herum und
1821 3909 3289 3968 nach einer Reihe kunterbunter politisch-gesellschaftlicher Ereig¬
2759 3949 3285 4010 an allen Dingen, die
1805 3949 2669 4015 nisse, Vorfälle, Machenschaften usw.
2780 3998 3305 4035 Liatt fal del E
1807 4056 3275 4121 sich da gegen den Helden Bernhardi anspinnen und entwickeln,
