3296 4352
707 175 1178 293 a W
735 778 880 848 244
1563 780 2072 867 G.K.'s Weekly
2589 788 2988 878 June 25, 1936
1920 897 3021 955 The argument is exquisitely balanced. Both sides
1012 895 1528 989 The Drama
1881 946 3023 1020 of tlie case are lucid, but while the honesty of the Jew
1881 1004 3023 1045 is crystal clear his extreme stupidity becomes ap¬
756 986 1821 1064 N HE EMBASSThas never done anything better
1879 1054 3023 1104 parent, stupidity one feels not of an individual but
717 1049 1798 1107 #than—Schnitzler’s“ Professor Bernhardi,
1887 1093 3025 1133 of a racial kind. Given a similar situation in which a
796 1105 1813 1160 produced by Arthur Schnitzler, the author’s
1878 1146 3028 1198 Christian doctor attending a Jewish pätient had to
681 1158 1825 1208 son. The play, written some years ago, is of im¬
1881 1189 3020 1234 decide as to whether or no a Rabbi should be admit¬
686 1209 1815 1279 mediate and vital interest. The story staged in
1892 1222 3024 1276 ted, it is difficult to suppose that his decision would
682 1271 1817 1310 Vienna shows the anti-Jew feud in the making and
1882 1279 3026 1336 be against the Priest. Bernhardi, sublimely insensi¬
1880 1322 3019 1367 tive to tlie reactions of a Catholic community, closes
682 1336 1808 1382 portrays with exquisite art the endless misrepresenta¬
1890 1365 3031 1421 the door on the priest and the girl warned by the
679 1375 1817 1435 tions—for political ends—of an incident which—wise
1885 1416 3017 1467 nurse of his approach collapses in sheer terror of death.
679 1427 1815 1479 or unwise as you may regard it—was innocent of any
1916 1463 3016 1528 From then on one’s sympathies are with the Jew.
687 1484 1315 1548 intent deliberately to offend.
1876 1508 3011 1558 The incident assumes a fresh distinction in the press
717 1538 1810 1593 But it is not only of topical moment. The author
1878 1557 3022 1595 as in political circles. Dr. Bernhardi’s rivals on the
682 1587 1817 1640 in the person of Bernhardi gives the whole Jewish
1891 1591 3012 1662 Board work up an anti-Semite agitation. He is por¬
1892 1637 3022 1689 trayed as leading an anti-religions movement and
683 1638 1814 1697 psychology. He presents those qualities which enlist
1888 1691 3019 1740 reviled as injuring the standing of the Elizabeth
685 1692 1812 1755 our admiration and respect and those amazing numb¬
1885 1734 3005 1797 Institute. Professor Ebenwald, the second in com¬
685 1747 1819 1818 nesses of taste and feeling which make the European
1880 1794 3008 1842 mand of the medical staff, engineers a political attack
690 1812 815 1869 gasp.
1873 1828 3019 1873 in Parliament and a personal onslaught by the Board
725 1847 1801 1897 Bernhardi is the Director of the Elizabeth Institute.
1873 1886 3011 1939 of the Hospital. Bernhardi resigns his post, and as
686 1899 1808 1952 Under his management and throngh his genius it hias
1878 1931 3009 1987 a result of political machinations is tried for blasphemy
1872 1972 2841 2032 and sentenced to two months' imprisonment.
677 1960 1813 2009 grown famous thronghont Austria and so high is the
1926 2011 3010 2076 The author gives brilliant character sketches of
679 2033 1811 2085 esteem in which he is held that it is only the most
1880 2057 3015 2106 Bernhardi’s supporters and antagonists, Christian and
686 2071 1810 2127 virulent of the anti-Semites who remember he is a
1883 2103 3011 2153 Jewish, and in a masterly scene between Father Redes
673 2135 1809 2192 Jew. The Board of Directors necessarily includes
1884 2153 3008 2216 and the Professor postulates the irrevocable gulf which
674 2175 1801 2236 intriguers—was there ever a Board without—but their
1886 2200 3014 2265 separates their standpoints—spiritual and material.
682 2231 1816 2299 self-seeking aims and love of advertisement are kept
1873 2252 2999 2310 And yet one is conscions that an ever deeper an¬
680 2280 1568 2353 in check by Bernhardi’s loval colleagues.
1877 2284 3011 2353 tagonism exists between the two, the one rooted in
1875 2339 2638 2392 nationalism, the other in racialism.
725 2336 1813 2396 And so the sky is blue and the Institute booming
1917 2380 2998 2428 Bernhardi excites admiration, sympathy and re¬
678 2393 1811 2459 whien the whole place, metaphorically if not actually,
1868 2431 2999 2479 spect; hie inspires and infuriates. His stupidity in
678 2448 1817 2516 is rent asunder and Bernhardi’s fame and good repute
1874 2487 3003 2541 failing to recognise the fundamentals of the people
672 2502 1292 2562 totters almost to extinction.
1877 2529 3010 2582 among whom he is domiciled, his inability to see that
720 2553 1807 2596 A young girl is dying from an illegal operation, She
1884 2560 3003 2614 bis inability to apprehend the general point of view
664 2603 1819 2671 was past help when she arrived at the hospital. The
1881 2609 2994 2670 has created an impasse are magnificently portrayed.
1874 2660 3007 2718 On the Embassy stage one realises why even the most
675 2672 1807 2724 concern of the staff is to help her to anscasy end.
1883 2696 3014 2772 cultured, the most talented, the most generous Jew
674 2715 1813 2766 She is given injections which create the illusion of
1893 2748 3000 2802 will occasionally and quite unconsciously commit a
671 2757 1801 2826 health and happiness. The poor thing talks of being
1882 2792 2974 2844 bétise which leaves his Gentile friends squirming.
674 2822 1799 2885 up and about in an hour, she is even able temporarily
1915 2836 3008 2909 The end of the play is superb. The nurse, chief
670 2876 1812 2936 to forget that her lover has forsaken her She is
1875 2879 3001 2933 witness for the prosecution confesses that she gave
675 2937 1795 2993 indeed experieneing a blissful euthanasia when a
1879 2934 3007 2983 perjured evidence against the Professor. This menns
1876 2984 3003 3026 a new trial, a fresh stoking up of fear and cruelty.
674 2982 1807 3043 priest arrives to administer the last rites of the
1885 3023 3010 3092 Bernhardi says he will have none of it. He will go
673 3040 1807 3089 Church. She has not asked for a priest; he was sent
1884 3065 2806 3136 nway and do his work of healing elsewhere.
676 3091 1803 3147 for by a nurse fearful that her patient might die
1914 3109 3002 3181 But will he? Can he escape from the mesh or
670 3135 919 3197 unshriven.
1867 3156 3000 3236 however unwilling must he be drawn into the political
715 3193 1789 3265 Bernhardi points out that if the girl sees the Father
1873 3203 2270 3264 and racial vortex?
672 3259 1792 3315 she will know at once her true condition and insteal
1908 3254 2999 3307 However the author’s query satisties one sense of
1860 3297 2996 3365 justice—will the Institute close down, or will the
671 3303 1807 3347 of slipping away happy and content will die in agon
1891 3346 2996 3393 Professor in the extremity of its necessity—dissen¬
665 3366 1802 3421 of body and torment of mind. It is a doctor’s duty
1867 3398 2997 3462 sions have rent it economically and professionally
677 3412 1807 3468 not only to fight for the life of a patient but to help
1908 3439 2482 3482 önce more be reinstated?
670 3456 1360 3522 the sufferer to a penceful death.
1898 3479 2988 3554 Mr. Abraham Sofner as Bernhardi gives a perform¬
712 3510 1802 3569 Bernhardi’s attitude horrifies the nurse and a
1867 3534 2991 3575 ance of sheer genius; Mr. Bernard Merefield is delicate
676 3565 1792 3640 ripple of surprise runs through the group of waitin
1873 3579 2998 3639 and restrained as Father Redes, while Mr. Ronald
671 3626 1799 3673 professors and students. The priest puts the case
1867 3623 2996 3679 Adam’s study of Dr. Flint, Minister of Education, is
1871 3671 3004 3739 superb. Mr. Charles Maunsell is brilliant in his sketch
670 3669 1799 3717 for the spiritual need of the dving girl in an admirabl
1867 3717 3000 3776 of Professor Felder, while Mr. John Garside gives a
665 3717 1795 3771 written speech. There is no suggestion that Bern¬
670 3763 1794 3812 hardi is or ever has been anti-religions; he merel,
1885 3755 2992 3829 lelightful studvof the charming old Professor Cyprian.
678 3810 1808 3870 refuses access to this one particular patient. It is.
1909 3811 2839 3875 A great play, superbly acted and produced.
659 3847 1348 3915 he believes, his duty to do so.
2560 3860 2952 3933 J. K. Paornrno.
