3392 4352
715 210 855 263 eS S
1643 203 2091 290 box 30/4
282 196 1488 300 25. ProorBernhandi
1960 526 3047 588 Wir sind im christlich=sozialen, also antisemitischen Wien
1869 566 3041 643 und Bernhardi ist Jude. In Presse und Parlament geht di
1870 606 3038 678 Hetze gegen ihn los. Er soll nach der Aussage der hysterische
1863 636 3048 718 Krankenschwester den Priester tätlich beleidigt haben. Bernhard
1866 682 3049 763 könnte den Sturm beschwören, wenn er an Stelle eines fähiger
1868 728 3048 799 Anwärters einen schäbigen Schützling des klerikalen Klüngels in
1856 768 3049 837 das Aerztekollegium der Anstalt aufnehmen würde. Das tu:
1862 798 3057 860 Bernhardi wieder nicht, weil es gegen sein ärztliches Gewissen
1869 847 3065 892 geht. In dieser unangenehmen Lage offenbaren sich die schönen
1859 880 3057 939 Seelen seiner Herren Kollegen und der bürgerlichen Gönner des
1862 924 3062 993 Krankenhauses ganz wunderbar. Die einen ziehen sich öffent¬
1855 971 3064 1031 lich zurück, die erstern lassen ihren Chef sitzen und drängen sich
1856 988 3053 1070 an den Futter= und Ehrenplatz. Die Perle aber von allen ist
1864 1035 3057 1106 ein Kultusminister, der dem Professor verspricht, im Parlament
1870 1072 3048 1152 seine Sache zu führen, dort aber umfällt und seinem Jugend¬
1873 1112 3046 1186 freund noch einen Prozeß auf den Hals legt, der den Professor
1877 1149 3041 1225 sechs Wochen Gefängnis kostet und das Recht, seine ärztliche
1868 1190 3041 1266 Praxis auszuüben. Diesen Charakter= und Gemütsathleten hat
604 1193 1816 1319 Ausschnitt aus: Volksstimme, Magdeburf
1864 1226 3025 1296 der Dichter besonders liebevoll gezeichnet, und wegen dieses
1848 1270 3020 1339 Ministerporträts ist, wie Kenner österreichischer Verhältnisse
615 1306 769 1357 vom:
1860 1307 3041 1385 meinen, die Aufführung der Komödit innerhalb der schwarz¬
1854 1350 2714 1404 gelben Grenzpfähle noch immer verboten.
990 1336 1306 1417 B
1950 1385 3043 1457 In der Schilderung dieser österreichischen Verhältnisse, in der
1853 1414 3047 1499 Herausarbeitung der mannigfachenCharaktere liegt der Hauptwert
1857 1461 3037 1534 und das Fesselnde des Stückes. Die Lösung der Frage: Darf ein
1855 1496 3042 1573 Arzt in dem gegebenen Falle den Priester zurückweisen, steht Mensch¬
780 1437 1745 1572 Zur Volksvorstellung im Stadttheater.
1845 1540 3036 1610 lichkeit höher als kirchliches Gebot?, die anfangs im Vorder¬
1055 1561 1450 1638 Professor Bernhardi.
1852 1581 3031 1649 grund zu stehen scheint, hat d reDichter mit Recht beiseitege¬
1856 1619 3029 1691 schoben. Sie ist für jeden fühlenden Menschen keine Frage. In
749 1614 1836 1694 Die Komödie „Professor Bernhardi“, die am Sonntag nach¬
1847 1658 3018 1726 dem Professor Bernhardi selbst hat Schnitzler einen Menschen
658 1652 1835 1738 mittag zur Aufführung gelangt, ist ein neues Stück von einem
3041 1680 3101 1726 N.
1847 1698 3030 1767 geschaffen, der den Gemeinheiten des Lebens nicht gewachsen ist.
660 1691 1568 1766 zeitgenössischen Dichter. Artur Schnitler,
3040 1716 3106 1767 üf
1728 1726 1822 1783 jasser
1854 1736 3102 1797 Er ist „Nurarzt“ Gelehrter, Forscher, kein Kämpfer. Der poli=#un
655 1737 1823 1808 ist ein Oesterreicher und war im Heere unser ##sbrüdeks
1849 1771 3015 1840 tische Lärm, das Hervortreten ist ihm so zuwider, daß er selbst
652 1772 1833 1854 Militärarz!. Er geriet mit seinen Vorgesetzten in Konflikt und
3037 1792 3107 1845 D
1854 1812 3024 1882 eine neue Gerichtsverhandlung scheut, die ihm die Wiederher¬
649 1815 1824 1892 wurde gegangen. Einen ähnlichen Vorgang behandelt Schnitzler
3027 1839 3088 1887 ze
1847 1852 3009 1921 stellung seines Aerztepatents bringen müßte. Er nimmt die
646 1850 1825 1924 in der Komödie. Bernhardi, der Leiter eines aus privaten
3037 1876 3103 1929 Be
1850 1891 3018 1971 Erlaubnis zur Praxis lieber aus der Hand seines phrasen¬
644 1898 1825 1965 Mitteln unterhaltenen Krankenhauses, kommt in Zwiespalt mit
3033 1917 3109 1964 zitz
1842 1925 2782 1993 drechselnden, wandlungsfähigen Ministerfreundes.
638 1933 1837 1994 einem Geistlichen, der einer Todkranken die Letzte Oelung geben
3027 1954 3121 2013 du
1934 1973 3021 2031 Die Komödie ist geschickt und ohne wesentliche Längen auf¬
647 1970 1826 2044 will. Der Professor hindert ihn daran, weil er der Kranken.
1848 2008 3034 2082 gebaut; wohl wird viel geredet, aber der Dialog ist glänzend,
646 2006 1827 2081 die des Glaubens ist, sie würde bald wieder gesund, diese Ein¬
1845 2045 3019 2112 die Menschen plastisch. Echtes Leben pulst durch das Stück, das
641 2045 1825 2123 bildung nicht zerstören lassen will. Der menschlich fühlende
1841 2083 3026 2169 auch bei den Besuchern der Volksvorstellung Freunde gewinnen
645 2078 1587 2155 Arzt weist den Pfarrer ab, und die Kranke stirbt.
1804 2111 1970 2176 wird.
2891 2141 3127 2200 wr wei
2122 2455 2620 2536 (Guellenangabe ohne Gewähr.)
2192 2525 2975 2635 oiksstimme, Magseburg
1819 2565 2244 2631 Ausschnitt aus
2195 2637 2489 2720 7-0R11913
1831 2672 1988 2727 vom:
2822 2789 2965 2843 Grote.
1803 2765 2438 2852 erreichen als die der Modernen.—.
1900 2858 3000 2912 Professor Bernhardi fand am Sonntag in der Volks¬
1804 2896 2987 2963 vorstellung eine gute Wiedergab.. Man müßte lediglich wiederholen,
1818 2940 2995 2989 was bei der ersten Vorstellung geschrieben wurde; vielleicht war die
1810 2970 3003 3029 Darstellung noch ausgeglichener und flüssiger. Die Theaterbesucher
1825 3017 3000 3078 folgten den Vorgängen mit großer Anteilnahme und kargten mit Beifall
1816 3072 3005 3118 nicht. Als ebenbürtiger Kollege des Chirurgieprofessors Ebenwald
1816 3096 2992 3151 erwies sich — hinter den Kulissen — Herr Direktor Vogeler. Er hatte
1811 3147 2986 3184 dem Schauspielkorpus das „Hinterteil“ einfach amputiert, allerdings nich
1809 3176 2961 3224 erst bei der Volksvorstellung. Dabei erzielte er zwar einen wirkune
1810 3219 2947 3283 volleren Schluß als der Dichter selbst, buchte aber die Zuschaner
1807 3249 2154 3314 den vollen Genuß.
