3344 4320
259 151 1442 261 25. Professor Bernhardi
129 1039 461 1141 ann hat er auch
476 1058 1656 1157 lassen hat. Er kommt nicht als Märtyrer. Er ist nur an¬
122 1121 461 1191 nstigen Jugend¬
485 1141 1660 1201 geekelt und hat keinen anderen Wunsch, als möglichst rasch
134 1167 461 1242 übrig zu haben.
479 1192 1672 1275 zu seinen Patienten zurückzukehren. Deshalb widersetzt er
134 1221 452 1295 n, anständigsten
472 1239 1662 1334 sich energisch der Wiederaufnahme des Verfahrens, zu der
139 1265 467 1338 erfüllt zu sein,
474 1279 1642 1355 der Minister drängt. Die Welt weiß ohnehin, daß er un¬
130 1312 454 1384 Worten und ist
480 1323 1658 1421 schuldig ist, und er selbst fühlt nach wie vor, daß er nur
137 1363 461 1431 Streber, der zu
475 1386 1650 1473 das tat, was er für das richtige hielt. Wohin das freilich
123 1409 454 1479 Amt zu bleiben.
465 1424 1654 1507 führte, das hat er bitter genug erfahren müssen. Und jener
132 1460 452 1533 ter Lebensarbeit
478 1486 1641 1547 sehr erfahrene und sehr illusionslose Hofrat klärt ihn lä¬
130 1512 457 1575 erpellation wird
467 1529 1649 1619 chelnd auf: „Wenn man immerfort das Richtige täte
126 1561 463 1628 sich plötzlich der
526 1570 1641 1657 sagt er —, oder vielmehr, wenn man nur einmal in
131 1610 449 1680 selben Rede, die
467 1617 1639 1708 der Früh aufing, das Richtige zu tun, und so in einem¬
135 1659 446 1734 erteidigen, läßt
469 1670 1641 1779 fort den ganzen Tag lang das Richtige, so säße man
160 1704 445 1775 diesem wegen
453 1718 1328 1790 sicher noch vorm Nachtmahl im Kriminal.“
172 1758 452 1826 eine Bombe
539 1771 1632 1863 So befolgt eigentlich dieses Stück auch die öster¬
131 1804 446 1877 rensitzung, die
456 1827 1628 1906 reichische Weisheit des Hofrates: es geht den letzten
136 1854 448 1925 tund auch die
456 1867 1629 1964 peinlichen Konsequenzen hübsch säuberlich und resigniert
132 1895 449 1976 Gegner nimmt
452 1919 1629 2004 aus dem Wege. Es flüchtet zu überlegenem Lachen, weil
136 1952 440 2025 einde bemühen
450 1965 1636 2067 doch Wut und Aerger gewisse Dinge nicht aus der Welt
251 2009 438 2070 es geht
450 2001 650 2086 schaffen.
138 2041 447 2129 rSchwerpunkt
528 2030 1624 2148 Dieses Lachen begriff das Publikum besser als den
122 2095 437 2167 e entscheidende
448 2081 1623 2197 ursprünglichen Konflikt zwischen Arzt und Priester. Und
121 2142 429 2211 mt und den
443 2152 1614 2248 das Lachen im Zuschauerraum klang umso herzlicher, als
131 2195 433 2266 vergessen läßt.
448 2205 1635 2304 der Spott über die „schkampete“ gemütliche Art wienerischer
130 2242 425 2317 arf. Sie be¬
441 2244 1618 2351 Menschen in Berlin immer den schmeichelhaften Glauben
116 2289 433 2365 ttelndem Witz.
441 2322 1618 2419 auslöst, daß in Preußen doch alles ganz anders
130 2344 432 2407 es Stückes im
437 2352 600 2426 wäre.
117 2390 434 2461 iche Empörung
518 2372 1605 2497 Der laute Erfolg galt auch der ausgezeichneten Dar¬
120 2440 421 2514 erndes Achsel¬
443 2437 1608 2536 stellung. An fünfzehn Gestalten bewegten sich über die
113 2490 423 2561 schen sind nun
432 2494 1612 2596 Bühne, die alle scharfen, persönlichsten Schnitt hatten. Das
123 2540 414 2609 gewisse Sachen
432 2550 1619 2644 waren durchweg Aerztetypen, denen man da und dort
125 2586 411 2670 ihnen auszu¬
427 2596 1607 2691 schon begegnet war. In Kleidung, Sprechweise, in hun¬
439 2644 1613 2735 dert winzigen und doch wesentlichen Details war eine
118 2652 406 2754 nkungsart ist
436 2683 1613 2775 Fülle feinster Beobachtung in Bühnenwirkung umgesetzt.
121 2736 404 2801 Winkler, der
426 2747 1607 2834 Und während so wieder einmal naturalistische Schauspiel¬
118 2785 410 2856 findet sich auch
427 2795 1617 2898 kunst einen Sieg feierte, tat ein paar Straßen weiter ihr
116 2831 417 2907 igeschrei seiner
417 2846 1341 2949 Schöpfer Otto Brahm den letzten Atemzug.
118 2886 423 2977 efängnis ver¬
1770 4092 1848 4145 .—
1619 174 2029 259 box 30/1
2068 267 2994 423 isschnitt aus:
2052 371 2181 433 im:
2252 359 2540 442 4402.1970
2282 488 2925 592 Schnitzler uj darabja.
2110 569 3109 662 — „Professor Bernherdi“ bemutolöja u berlint
2354 613 2878 693 Kleines Theaierben. —
2714 687 3070 765 Berlin, nov. 30.
2349 730 2813 803 — Sajät levelezönktöl.
2194 773 3098 872 Schnitzler Arthur uj darabjät a béesi cenzu¬
2093 827 3115 920 ra nem engedte elöadatni s igy annak bemutatója
2086 877 3102 988 Berlinnek jutott, hol Schnitzler mär nem egy da¬
2084 931 2728 1022 rabjäval megelözte a bécsicket.
2182 993 3107 1090 Bernhardi tanärröl mär oly sokat irtak elöze¬
2094 1047 3093 1145 tesen a lapok — 6pon a conzurüzässal kapesolato¬
2094 1100 3103 1200 san, — hogy annak témäjüböl nagyobb részek mär
2078 1149 3094 1247 ismeretesck is, csupün az annak tendeneidjäbel fo¬
2079 1190 3097 1301 lyó diszkussziök maradtak takarva a première es¬
2085 1248 2232 1320 téjéig.
2168 1316 3102 1403 Bernhardi orvos-professzor egy nagy körház
2069 1353 3092 1456 igazgató-föorvosa s mint ilyen megtiltja a papnak,
2072 1418 3090 1512 hogy az utolsó kenetet adhassa egy haldoklö fiatal
2077 1470 3087 1563 leänynak, aki még halälküzdelmes ördjähan is re¬
2077 1531 3087 1614 ménykedik a felgyógyuläsban s läzas älmäban völe¬
2069 1586 3070 1662 génye eljövotelét lesi. Elete legszebb älmät álmod¬
2076 1635 3160 1744 ja. Bernhardi professzor nem engedheti meg, hogr
2073 1687 3074 1778 az utolsó kenetet hozó pap a haldokló leäny ägyä¬
3062 1716 3131 1794 F
2060 1737 3081 1819 hoz közeledjék, mert nz d megjelenése megingatná
2058 1791 3081 1880 benne a felgyógyuläs reményét sc felrindäs osak
2067 1834 3084 1952 megröviditené amugy is megszämlält perceit. A pap
2066 1894 3069 1990 azonban — vallasa ds kötelessége parancsolja —
2062 1946 3063 2037 be akar menni a haldoklóhoz, mire Bernhardi ta¬
2056 1993 3070 2084 när uljät állja. A beteg leäny e perchen meghal.
2148 2065 3077 2133 Ez a pär pereig tragikus konfliktus adja
2049 2112 3072 2206 meg a komédia alaptémdjät. Anyaga lesz két vi¬
2053 2159 3072 2244 lägnézlet küzdelmének, pürviadalänak. Maga a ko¬
2054 2229 3057 2312 média a mäsodik felvondsban indul ki. Akét viläg¬
2049 2277 3068 2369 nézlet mellé kôt pärt tömörül s e két küzdelemre
2046 2315 3055 2415 kösz esoport erejét és nivójät egész sor pszicholö¬
2045 2381 3059 2466 giai mellékkörülmény és mellékszereplö fokozza. A
2044 2430 3067 2521 fiatal leüny haldokläsakor lejätszödott jelenetböl
2050 2491 3056 2576 egy terjedelmes vallis-politikai boträny 6pül, mely¬
2047 2542 3060 2631 nek tempója annäl is inkübb komplikälödik, mert
2036 2593 3048 2683 Schnitzler jönak lätta Bernhardi tanärban egy zei¬
2038 2641 3043 2718 dö orvos-zsenit szinpadra vinni. Bernhardi tanär
2036 2709 3048 2775 oldalán a liberälisan es humänusan gondolkozók
2037 2763 3053 2836 esoportjät lätjuk, mig az ellentäborban a klerikaliz¬
2038 2807 3041 2894 mus — (a darab az oszträk klerikalizmus idejében
2026 2863 2986 2945 jätszödik; valöszinüleg: Lueger fénykordban)
2025 2924 2641 2991 es az ultramontanizmus küzd.
2130 2968 3036 3059 Schnitzler, — aki maga is dr med. — pompä¬
2027 3014 3044 3106 san és ostorozó irdnidval fosti meg a béesi orvosi
2027 3077 3040 3157 milient es egr-egy energikus megjegyzéssel és tü¬
2018 3134 3036 3216 zes gunykacajjal teszi nevetségessé az ülszentesko¬
2014 3179 2435 3246 dest es kishitüiséget.
2122 3235 3035 3312 A pappal szemben tannsitott mak#cskodäsért
2024 3285 3028 3365 Bernhardi tanär kéthavi börtönt kap. Amikor a
2016 3338 3030 3403 börtönböl kikerül: megtiltja hiveinek, hogy märtirt
2016 3390 3031 3460 faragjanak belöle. Schnitzler nem kergeti alakjät
2058 3502 3060 3564 * pör-revizió unalmas szituäcidjäba — bär min¬
2056 3530 3068 3617 den kivilägosodik az összekuszält bonyodalomböl:
2058 3604 3078 3676 a pör koronatanuja — az apolönó — halälos ágyán
2060 3661 3069 3729 megvallja, hogy Bernhardi ellen esak kényszerü¬
2057 3724 3075 3784 ségböl tanuskodott s Bernhardi tanár nem lökte
2062 3769 3083 3836 vissza az ajtöböl a papot, amint be akart, térni a#
2066 3842 3082 3892 haldoklóhoz. A kitüné professzor a nvilvänossag
2069 3866 3079 3942 elött rehabilitälva van, de — de nem ker pör-revi¬
2072 3939 3080 4002 zjôt, mert: nem akarja „az egész srindlit egy ujabb
2063 3989 3062 4047 megvilägitäsban lätni.“ Szämära elégtételnek ele¬
2060 4029 3080 4099 gendö az a perc, midön a pap felkeresi öt s kije¬
2052 4100 3123 4149 lenti elötte, hogy: nem oszlja ugyan nézeteit, mert##
