3344 4352
702 216 860 268 PS S(
256 203 1472 307 25. PrBernhandi
659 658 1305 732 Dr. Max Goldschmiet
669 726 1287 780 Büro für Zeitungsausschnitt
483 755 773 823 BERLIN N 4
1042 768 1280 826 Teleion: 1
799 835 1167 897 Ausschnitt aus:
559 879 1401 960 Allgemeine Zeitung, Chemnitz
810 951 1190 1038 2 8 Okt. 1929
674 1146 1519 1260 Kunst und Wissenschaft
616 1256 1592 1345 e de  e e de e
750 1354 1432 1445 „Neues Stadt=Theater.
751 1429 1442 1499 25. Oktober: Professor Bernhardi.
688 1476 1599 1543 Schnitzler ist immer geistreich und anregend.
614 1518 1604 1594 Nicht, aß#gend etwas, das die Zeitgenossen
613 1572 1591 1627 vielleicht nur unbestimmt fühlen, ihnen plötzlich
611 1605 1598 1668 als unerwartet scharf geprägte Frage vorlegen
615 1658 1589 1705 könnte, oder daß er in einer als Frage bewußt ge¬
611 1693 1603 1756 wordenen Angelegenheit eine deutliche Richtung zu
614 1736 1599 1780 weisen hätte: aber er weiß viele Dinge aus der
606 1777 1600 1831 Atmosphäre der Zeit aufzugreifen und sie anregend
610 1810 1596 1856 von hier und von da zu beleuchten. Und da er
610 1841 1599 1896 kein Kopf ist, der im Tagfälligen stecken bliebe, so
605 1879 1599 1925 sind seine Stücke immer noch und immer wieder
608 1920 1597 1981 aktuell. Auch dieses aus dem Vorkriegsösterreich.
607 1962 1603 2019 Ein Arzt verwehrt einem Priester, an das Bett
615 2003 1595 2060 eines Sterbenden zu treten, weil der Sterbende
621 2044 1594 2102 in Euphorie liegt und hinüberschlummrn soll,
616 2078 1599 2137 ohne daß ihm die Aussichtslosigkeit seines Zustan¬
610 2130 1592 2185 des zu Bewußtsein kommt. Daraus ein Drama
611 2165 1605 2222 „Gotteshäuser oder Krankenhäuser“ zu machen,
619 2201 1605 2251 wäre Anzengrubers Sache gewesen. Als Bern¬
610 2243 1599 2295 hardi unter den Angriffen seiner Gegner die Lei¬
613 2266 1603 2340 tung seines Institutes niederlegen muß, sagt
616 2303 1605 2365 Schnitzler: Es ist wirklich schlimm, daß bei uns
617 2347 1594 2411 in Oesterreich alle Personalfragen auf dem poli¬
609 2397 1594 2439 tischen Gebiet enden. Daraus ein Drama zu
607 2420 1603 2489 machen, wäre vielleicht Ibsens Sache gewesen.
610 2469 1598 2523 Beide hätten versucht, zu erschüttern. Die Synthese
605 2505 1603 2574 solcher Fragenkomplexe in der Gesellschaftskomödie
606 2551 1585 2598 war Schnitzlers Sache. Er pointiert und will an¬
606 2591 1599 2667 regen. Aber dabei verläuft ihm der Schluß etwas
616 2637 853 2693 im Sande.
693 2641 1604 2722 Die Inszenierung durch Heinz Pabst zeigte
618 2708 1600 2761 eine gute Höhe. Karl Weinig gab einen
614 2734 1600 2803 prachtvollen Bernhardi, der ganz gegen seinen
617 2787 1585 2836 Willen in den Mittelpunkt eines Prizipienstreites
616 2823 1599 2885 gerückt wird; vielleicht hätte er am Schluß noch
623 2868 1595 2915 ein wenig mehr inneres Gewicht bekommen kön¬
617 2904 1584 2957 nen. Auch Georg Braatz als Ebenwald war
611 2934 1572 2984 eine vollsaftige Figur. „Oesterreichische“ Atmo¬
616 2978 1593 3035 sphäre bekam das Stück vor allem durch Heinz
622 3007 1603 3069 Pabsts Hofrat Winkler, der das aus Witzblät¬
620 3054 1606 3107 tern bekannte Verhältnis des Beamten zu seinen
624 3103 1603 3146 Dienststunden reichlich fidel unterstrich, schauspie¬
613 3139 1586 3196 lerisch übrigens eine Nowendigkeit, da eine im
620 3158 1608 3237 letzten Akt neu auftretende Figur sofort scharf
1621 205 2070 292 box 31/4
1584 1068 2575 1115 prosiliert dastehen muß. Auch Hilde Müling,
1589 1112 2568 1174 die einzige Frau in diesem Männerstück, bot eine
1604 1152 1997 1197 trefssichere Leistung.
1659 1174 2498 1237 Der äußerst lebhafte Beifall war verdient.
2214 1236 2559 1295 Martin Elsner. 4
2074 1251 2173 1329 mnerenenn
2050 1753 2673 1831 Dr. Max Goldsehmiet
2046 1822 2668 1874 Büro für Zeitungsausschnitte
1872 1852 2162 1917 BERLIN N 4
2424 1864 2856 1928 Teleion: Norden 3051
2193 1937 2531 2003 Husschnitt aus:
1942 1974 2807 2069 Dresdener Anseiger, Dresden
2148 2128 2547 2217 30 Okt. 1925
1897 2210 2806 2280 Themnitzer Theater. In seinem Drama:
2512 2245 2810 2302 ist Arthur
2157 2253 2484 2314 Bernhardi
1842 2260 2141 2329 [Professor
1848 2271 2809 2356 [Schnitzler nicht der Dichter des fin de siecle,
1855 2317 2819 2407 an den Börigonten steht nicht der letzte Abend¬
1854 2361 2806 2443 schein einer sterbelden Welt, sondern ein
1858 2384 2821 2479 Kampf um neue Ziele wird ausgenommen,
1850 2436 2820 2517 wenn auch nicht ausgetragen. Heute freilich ist
1858 2491 2820 2557 dieser Kampf längst beendet, wenn Rassen= und
1866 2514 2818 2589 Parteifehden dennoch hestiger als je toben, so
1859 2548 2826 2622 vollziehen sie sich unter völlig veränderten Ge¬
1859 2596 2829 2673 sichtspunkten. Ist also der politische Hinterarund
1852 2617 2832 2709 des Stückes verblaßt, seine Menschlichkeit ist neu
1859 2667 2837 2746 und frisch geblieben, zumal sie sine ira et studio?
1856 2684 2851 2776 und ohne pathetische Geste vorgetragen wird.?
1862 2754 2844 2816 Was tut es, ob man dem Professor Bernhardi?
1858 2789 2831 2865 recht gibt, wenn er, wie sein nordischer Kollege
1865 2823 2835 2899 Dr. Stockmann aus dem Volksfeind in fast ver¬
1868 2857 2841 2946 bohrter Hartnäckigkeit tapser „mitten durch“
1864 2903 2829 2989 geht, oder ob man glaubt, mit klugen Kon¬
1862 2940 2837 3032 zessionen seine Sache weiterzubringen — wenn
1872 2983 2841 3047 solche Männer wie dieser Bernhardi und sein
1872 3026 2837 3107 priesterlicher Partner in allen Lagern stünden,
1877 3058 2844 3127 könnte man sich über jeden Abgrund die Hände
1873 3093 2841 3181 freichen, daß aus den Händen eine feste Brücke
1883 3132 2850 3213 wird. Die Erstaufführung im Alten
1884 3164 2849 3252 Theater unter Papstens Leitung fand den leb¬
1870 3214 2855 3299 haften Beifall eines ausverkauften Hauses.
1877 3251 2849 3330 Jeder der vierzehn Arzte, die Schnitzler mit
1889 3295 2840 3362 erstaunlichem Geschick einführt und in immer
1877 3326 2840 3392 neues Licht rückt, trug über den Typus hinaus
2331 3364 2845 3428 Im Mittelpunkt Karl
1885 3391 2281 3456 persönliche Züge.
1891 3410 2851 3480 Weinig, ein Charakterspieler von vielen
1885 3457 2852 3522 Graden, der seine Wandlungs= und Charatie¬
1888 3488 2851 3561 risierungskunst wieder einmal glänzend erwies.
1894 3520 2850 3595 Sein Bernhardi war eine Persönlichkeit, auf
1887 3563 2863 3651 deren Eintritt man wartete, lebhaft, wunderlich,
1904 3602 2863 3678 grüblerisch und mit prächtigem Humor; ein
1900 3633 2860 3716 Mann, größer als die Gestalt des Dichters, der
1891 3666 2882 3759 den Kampf nicht aufgab, um „seine Ruhe“ zu ##
1901 3704 2856 3809 haben, sondern mit weisem Lächeln verzichtete.
2666 3753 2816 3807 M. 92
