3344 4352
1618 189 2065 274 box 30/4
245 174 1477 296 25. ProfesserBernhand
1665 1329 2735 1393 ##bge Kunstler und Magier immer wieder gereizt? Die
2756 1327 3309 1387 ggelernen“ Arztes anzog un
1590 1349 2720 1427 Oanknlose Grausamkeit jenes tölpelhaften Schnitters, der
2745 1359 3298 1436 Mealen Konkurrenz dieser
1617 1395 2729 1471 #in seiner blinden Zerstorungswut auch vor den schönsten
2760 1402 3313 1468 wie dem Medilus Schiller, der
1620 1448 2721 1500 und jugendlichsten Geschopfen nicht zurück¬
2751 1450 3328 1508 Zeus“ nicht nur in jener he
1626 1490 2721 1545 schreckt? Oder die geistreiche Tücke jenes planmäßigen
2747 1491 3317 1555 ewige Zeiten heraufbeschworen
1622 1520 2734 1583 Schleichers, der seine ahnungslosen Opfer just in ihren
2813 1517 3327 1587 Aber die Dichtung wächst,
1618 1555 2726 1608 reichsten und zuversichtlichsten Momenten
2756 1555 3322 1629 über jedes typische Beru
1611 1604 2730 1652 überfällt? Aber vielleicht ist es den erwähnten Darstellern
2754 1612 3327 1658 aus. Sie durchbricht schon in
1618 1642 2723 1695 auf die naive Roheit oder raffinierte Gemeinheit des Todes
2756 1638 3294 1702 und glatten Rundhorizont
1619 1674 2741 1732 gar nich angekommen? Vielleicht haben sie uns in ihrer
2761 1674 3328 1741 Lehrer= und Theologen= und
1619 1715 2731 1783 beseligt erbenden Gauklerin nur die Seligkeit des un¬
2758 1719 3317 1780 nd Juden= und Philister= un
1614 1758 2733 1831 wissentlichen und unbekümmerten Sterbens versinnbildlichen
2755 1749 3325 1818 und Soldaten= und Journali##
1620 1795 1825 1854 wollen?
2758 1800 3317 1853 leürstudenten= und Kunstzig
1682 1835 2734 1891 Die Philosophie des Sterbens (das Lebensthema Arthur
2758 1829 3324 1895 Gauner=Stücke, die aus den
1617 1863 2725 1928 Schnitzlers) läßt sich an den primitivsten und an den kom¬
2755 1863 3319 1929 eder aus den Farben ihrer Ch
1624 1910 2733 1966 pliziertesten Menschen fast in der gleichen Weise und nahezu
2764 1917 3327 1970 ihrer Thesen eine aufreizen
1618 1947 2730 2003 mit dem nämlichen Ergebnis studieren. Goethe folgt dieser:
2759 1955 3318 2005 Wirkung herausschlagen. Diese
2265 1984 2320 2015 1275
1630 1991 2717 2050 Philosophie in der komplizierten Natur des Professors Faust.
3001 1993 3170 2046 enthält
2770 1994 3003 2044 Frie Drama
1617 2025 2729 2088 Schnitzlers Professor Bernhardi geht mit dieser Philosophie
2776 2031 2884 2087 finger
1623 2063 2735 2117 von der primitiven Natur eines armen und schmählich ver¬
2755 2076 2849 2124 eine
1622 2109 2726 2148 lassenen Gretchens aus. „Werd' ich zum Augenblicke sagen.
1621 2133 2219 2196 verweile doch, du bist so schön
2253 2148 2714 2204 dann will ich gern zu¬
1617 2172 2742 2227 grunde gehn; dann mag die Totenglocke schallen, die Uhr
2496 2221 2602 2277 sei
1625 2216 2005 2276 mag stehn, die
2203 2212 2375 2271 fallen,
2384 2227 2494 2272 es
2007 2222 2210 2280 Zeiger
1621 2251 2722 2309 Zeit für mich vorbei!“ Faust glaubt also erst im schön
1620 2292 2722 2358 sten Augenblicke seines Lebens todeswürdig
1564 2347 2703 2400 #werden zu können. Faust scheint in die Unseligkeit des
1834 2373 2720 2436 Rerch die Seiigteit solch eines unbewüßsen
1577 2416 2717 2477 Augenblicks einziehen zu wollen. Auf seiner gottsuchenden
1592 2440 2732 2521 Tuerahrt vom Himmel durch die Welt zur Hölle vermählt
1608 2490 2731 2550 Per sich mit Helena, die ihm den geflügelten Sohn Euphorion
1606 2527 2718 2593 Tichenkt. Cuphorion kommt (wie die Religionsgeschichte der
1622 2571 2723 2618 kalten Heltenen erzählt) auf einer sobenannten Insel der
2738 2562 2825 2637 01
1617 2615 2721 2678 Seligen zur Welt. Euphorion ist schön wie Adonis und
2747 2616 2844 2660 Frath
2758 2642 2916 2708 öst nicht
1612 2651 2716 2704 tir#t wie Adonis den Tod alles Schönen. „Auch das Schöne
2747 2682 2925 2744 die mar
1620 2695 2725 2755 muß sterben; das Menschen und Götter bezwinget, nicht
2744 2727 2915 2785 Fehmen
3121 2655 3251 2791 110
2592 2730 2719 2780 Der
1617 2730 2609 2790 die eherne Brust rührt es des stygischen Zeus.“
3119 2762 3316 2826 wie über
1621 2762 2729 2822 olvmpische Zeus tötet den glückseligen Euphorion durch einen
2708 2765 2929 2822 1 Membrau
377 2760 676 2837 chnitt aus:
2741 2801 2978 2865 der Vorseh
1624 2811 2718 2864 Blitzstrahl aus heiterem Himmel. Und es ist eine absonder¬
3041 2802 3298 2861 auf ihrem
2975 2811 3047 2869 ung
439 2809 1481 2924 (A APR. 197° Neue Hamburger destung
2754 2854 2982 2899 widerleglich
2975 2841 3309 2911 es Recht. Alle Fi
1621 2849 2715 2902 liche Fügung, daß die moderne Medizin dem Glückselig¬
2748 2884 2953 2945 deren Ges
1605 2887 2703 2939 [keitszustand, der die Todgemeihien oft.
3057 2888 3299 2937 inkt aus im
1612 2918 2713 2972 Flötzlick vor ihrem unerwarteten Tode
2750 2918 3313 2977 göttliche, dieses künstlerische
1601 2960 2727 3009 heimsucht, den angeblich so nüchternen. Namen
2747 2951 3317 3007 politischen und individuellen 3
823 2958 1319 3043 —.—.—
1610 2988 2025 3062 „Euphorie“ beilegt.
2745 3002 3312 3062 lich agierendé Kräfte mitspiel
1656 3029 2722 3099 Aus dem tlinischen Fall einer absoluten Euphos
2752 3031 3304 3102 Ausschlag geben. Daher beg
675 3024 1354 3106 Deutsches Schauspielhaus.
2742 3064 3305 3138 letzte und streitbereite Bern
1618 3076 2722 3147 rie leitet Schnitzler das Um und Auf seiner Bernhardis
609 3079 1500 3179 Professor Vernband rm#
2736 3113 3306 3180 drängten Waffen freiwillig h
1619 3123 2730 3181 komödie ab. Jener Dr. Arthur Schnitzler, der eine Zeitlang
2752 3163 3308 3207 würdige Wort findet: „Das
1613 3158 2721 3214 Arzt gewesen, bevor er Dichter wurde, wie die Leute sagen.
540 3147 1585 3219 Der Tod und das Mädchen ... Ein ehrwürdiger Holz¬
2761 3198 3320 3256 reichische Politik oder Politik
1616 3201 2710 3249 Und nun zeigt es sich, daß das modern=medizinische Phäno¬
485 3178 1587 3257 schnitt, der wohl schon jedem Sammler einmal durch die
2767 3238 3313 3284 sich plötzlich um Verantwortun
1611 3229 2729 3291 men der absolnien Euphorie schon vor abertausend Jahren
479 3231 1591 3287 Finger geglitten ist! Das Mädchen tanzt. Gibt sich der
2757 3272 3309 3335 letzten Sinn um die Frage. d
1612 3265 2720 3316 in der mythologischen Phantasie eines gottbegnadeten Künst¬
479 3269 1587 3339 kindlichsten Freude hin. Sieht mit verklärten Blicken in eine
2817 3305 3313 3360 Es ist ein eminentes Verdi
1605 3304 2713 3363 lervolks als göttliche Urkraft gelebi hat. Die schöpferische
476 3319 1584 3368 lange und köstliche Zukunft hinein. Ahnt nicht, daß der
2752 3333 3319 3406 Carl Hagemanns, daß die schn
1614 3343 2715 3407 Macht der poctischen Intuition läuft eben allen wissenschaft¬
480 3346 1592 3409 Knochenmann als heimlicher Partner den Walzertraum
2742 3378 3326 3437 der Richtung Brieux oder Otto
1622 3396 2723 3442 lichen oder sonstwie intellekuellen Zurechtlegungen um
477 3398 1582 3447 mitmacht... Durch das lebendigste Lebensgefühl das sich
2749 3431 3315 3490 Bernstein auf geradlinigen u
481 3420 1589 3484 im schönsten und letzten Augenblick zu einer übersinnlichen
1623 3413 2724 3483 Jahrtausende voraus. Was entwicklungsgeschichtlich von
2759 3470 3312 3521 Gleisen bewältigt wird. In D
1618 3473 2722 3523 ganzen Zeitaltern gilt, besteht auch in der Entwicklungs¬
484 3472 1589 3537 Trunkenheit steigert, klirrt Fr lautlose Klang einer sein
2743 3482 3299 3569 bilige Sonntagszüge, die
1612 3503 2720 3561 geschichte jedes schöpferischen Einzelmenschen zu Recht. Und
468 3494 872 3571 geschliffenen Seuse.
2745 3533 3259 3600 Statson von biederen
526 3535 1585 3598 Maler, Zeichner Steche Holzschneider, Dichter, Musiker,
1608 3532 2720 3602 so bestätigt uns das jüngste Werk des zeitgenössischen
2746 3571 3305 3644 Aner in der szenischen Form d
485 3584 1589 3641 Zauberer, Tänzer find umt müde geworden, das seltsame
1612 3582 2727 3641 Poeien aufs neue, daß Schnitzler den Seziermantel des
469 3625 3314 3696 Motiv in den verschiedenen Varianten darzustellen. Was i einten Dichters getragen, ehe er den Seziermantel des  schreienden Flaggen auf Halbn
