3392 4224
353 2440 414 2484 5
1390 107 2381 166 hinein in Diskussionen und politisch=ethische Kon¬
503 98 1347 172 Ochnitzeers „Professor Bernhardt.
1394 156 2380 214 traste, und wohl hat Bernhardi zu allem von Schnitz¬
481 152 1370 245 Vorlesüng=durch Ferdinand Onno.
1384 192 2389 247 ler ein besonderes Kennzeichen erhalten: daß er
516 216 1393 306 Im Spiegelsaal des Deutschen Hauses hat
1406 233 2384 305 Jude ist. Aber die Linie wird gebrochen. Der anti¬
1407 278 2390 339 klerikale Gelehrte wird zum isolierten Mann, zum
425 281 1401 336 gestern ein Theaterereignis außerhalb der Bühne
1404 322 2385 383 Volksseind. Nicht bloß der Schicht zu Gefallen, die
432 325 1399 390 stattgefunden. Als Gast der Lese= und Redehalle
1409 363 2390 441 Schnitzler ehedem mit dem Professor Adolf Losatti
429 365 1398 429 deutscher Studenten brachte Ferdinand Onno,
1407 405 2388 476 im „Vermächtnis“, dem scharfen Wesensbild des
430 412 1396 471 ähnlich wie in Wien, die von der Zensur verbotene
1401 450 2395 522 jüdisch=wienerischen Altliberalismus, getroffen hat,
433 445 1402 518 Aerztekomödie Schnitzlers zum Vortrag. Und mag
1401 500 2388 565 ist der Chorus von Bernhardis ärztlichen Kollegen
430 493 1399 567 auch die Rezitation eines jeden auf unmittelbare
1401 542 2392 613 abgeschildert; auch die Löwenstein, Adler und Wenger
434 535 1396 607 Gegenwart abzielenden Werkes nur ein Notbehelf
439 583 1398 647 sein, hier wurden die Hörer durch einen Künstler
1404 582 2391 650 sind nicht relouchiert. Und eine Szene wie die zwi¬
1414 628 2389 686 schen Bernhardi und dem Psarrer hebt das Ganze
427 631 1398 691 von Rang entschädigt, der allem das Tempo eines
1404 662 2387 727 in die reine Luft der dichterischen Unparteilichkeit.
421 686 1388 749 mit ungewöhnlicher Heftigkeit erfassenden Geistes gibt.
427 715 1033 787 Jubelnd wurde er empfangen.
1389 715 2390 785 Das im Komödiensinn Beste sind die Typen der in
1392 761 2383 809 Oesterreich Herrschenden. Dieser k. k. Unterrichts¬
503 763 1404 839 Der „Professor Bernhardi“ liegt seiner Indi¬
1396 806 2385 867 minister wird auch durch kein Zensurverbot mehr der
424 802 1401 881 vidualität zunächst nicht in demselben Maße wie
1404 846 2382 898 Vergessenheit überliesert werden, und dieser anarchi¬
420 842 1397 921 die anderen Schauspieler Arthur Schnitzlers. Das
1405 889 2386 964 stische Hofrat hat nur hie und da in Bahrs witzigen
420 895 1399 970 Drama der Stimmung ist durch ein Drama der
1400 935 2138 994 Romanen ein seiner wertes Gegenstück.
414 917 1404 1018 äußeren Handlung verdrängt, das Mysterium von
1476 972 2384 1039 Herr Onno las das Drama mit meisterlicher,
411 983 1390 1060 Leben und Tod durch einen Zusammenstoß öffentlicher
1401 1007 2380 1085 nervöser Schattierung, eindrucksvoll und mit flie¬
415 1027 1399 1103 Tendenzen. Vielfach wurde, noch ehe das Buch (bei
1402 1070 2391 1133 gender Hingabe. Die Hörer dankten mit stürmischem
424 1084 2384 1180 (S. Fischer in Berlin) herauskam, das entscheidende Applaus, der ihm galt, dem Verfasser und dem
423 1115 2378 1200 Motiv des ersten Aktes mitgeteilt. Professor Werke. Die Vorlesung, die nur an zwei Stellen
415 1169 2391 1271 Bernhardi, der Direktor des Wiener Elisabethi- durch kursorische Inhaltsangaben gekürzt war,
422 1203 1398 1266 nums, läßt den Pfarrer Reder von Sankt Florian
1389 1235 1984 1296 dauerte zweieinhalb Stunden.
2228 1239 2343 1307 W.
420 1247 1421 1322 nicht zum Bett einer sterbenden Patientin. Es istr
425 1294 1399 1352 eine junge Arbeiterin, die ihr Geliebter verlassen
428 1341 1412 1410 hat, und die an Sepsis infolge unerlaubten Eingriffs
412 1369 1413 1447 hoffnungslos erkrankt ist. Noch ahnt sie den Anbruch
421 1432 1412 1497 ihrer Todesstunde nicht, im Dämmerschlaf eines glück¬
411 1460 1407 1547 lichen Traumes wird sie hinübergehn. Der Pfarrer
420 1513 1404 1579 erscheint, von der Schwester Ludmilla unter Gut¬
408 1562 1405 1635 heißung des Kandidaten Hochroitzpointner gerufen.
412 1605 1413 1672 Bernhardi redet ihm zu, die Sterbende nicht mehr
419 1648 1413 1716 aus ihrem Wahn aufzurütteln und schonend sich zu
413 1695 1413 1761 entfernen. Unbemerkt indes kündigt die Schwester
417 1736 1415 1794 der Aermsten den Besuch des Geistlichen an. „Muß¬
424 1778 1413 1844 ich denn wirklich sterben?“ jammert sie und ver¬
1728 1784 2671 1930 Seschall met Feue Freie hense Wen
424 1820 1406 1893 scheidet plötzlich. Nun beschuldigt der Pfarrer den
416 1864 1419 1935 Arzt, daß er das sündige Mädchen gehindert habe,
1872 1847 2159 1934 1206719½2
1729 1880 1876 1938 1883
419 1910 1417 1976 die Tröstungen der Religion zu empfangen. Mit die¬
421 1953 1410 2024 sem lauten Einspruch beginnt ein unnachsichtlicher
414 1997 1417 2065 Revanchekrieg, der vier Akte durchgeführt wird, bis
1724 2003 2828 2083 [Zwei## Pprlesung von Artur Schnigrers
417 2045 1410 2107 zum Prozeß gegen Bernhardi, bis zu seiner Verur¬
1655 2053 2832 2128 „Professock—Bernhardi“.] Herr Ferdinund###
422 2090 1415 2144 teilung zu zwei Monaten Gefängnis und zum Vorsta¬
1649 2107 2825 2175 vom Deutschon Volkstheater las heute abends im großen
420 2129 1409 2194 dium der durch eine Selbstbezichtigung der Schwester
1634 2157 2815 2215 Beethoven=Saale Artur Schnitzlers Komödie „Professor
411 2162 1407 2239 Ludmilla ermöglichten Wiederaufnahme. Die Fürstin
1639 2184 2823 2276 Bernhardi“. Der Saal war ausverkauft; viele Damen und
422 2216 1403 2281 Stixenstein legt das Protektorat über den Ball des
1654 2238 2811 2288 Herren mußten sich mit Stehplätzen begnügen, und auf der
410 2247 1402 2325 Elisabethinums nieder. Dann demissioniert das ge¬
1651 2283 2808 2342 Galerie drängte sich Kopf an Kopf. Heute überwog, den
426 2304 1415 2371 samte Kuratorium, mit Einschluß des freisinnigen
1646 2329 2810 2394 populären Preisen entsprechend, die Jugend, insbesondere die
413 2347 1404 2421 Prinzen Konstantin und des Hofrats Winkler, der
1648 2366 2805 2413 weibliche. Junge Frauen, Studentinnen und Beamtinnen
411 2394 1403 2456 seine private Lebensansicht in das Bonmot zusammen¬
1654 2405 2815 2454 hatten sich zu dieser Vorlesung eines für die Wiener Bühne
416 2435 1403 2503 faßt: „Anarchist oder Trottel“. Zuerst ist Bernhardi
1649 2449 2813 2503 derzeit nicht zugänglichen Werkes eingesunden. Herrn
424 2480 1398 2550 nicht abgeneigt, durch eine schriftliche Erklärung den
1642 2490 2820 2558 Onnos Vorlesekunst, welche sich an dem Schnitzlerschen
409 2523 1397 2583 Konflikt aus der Welt zu schaffen. Jedoch die inter¬
1644 2535 2811 2608 Werke glänzend zeigt, wurde an dieser Stelle bereits hervor¬
408 2561 1402 2635 essierten Umtriebe seines Kollegen Ebenwald, der ihn
1647 2581 2802 2641 gehoben. Onno differenziert die wichtigsten Gestalten, die
399 2589 1405 2680 bestimmen will, dem oben gut empfohlenen Professor
1644 2614 2807 2684 Professoren Bernhardi, Ebenwald, Cyprian, Flugfelden, Filitz
409 2655 1410 2723 Hell aus Graz die Abteilung für Hautkrankheiten
1649 2669 2813 2737 und insbesondere den Doktoranden Hochroitzpointner und den#
410 2695 1402 2771 zuzuschanzen und nicht dem bisherigen Assistenten
1647 2705 2804 2777 Pfarrer, mit großer Kunst. Auch die originelle Art seiner
414 2745 1400 2812 Dr. Wenger, widern den Kämpfer gegen brutale und
1632 2758 2801 2825 Zeichnung der einzelnen Persönlichkeiten fesselt den Zuhörer
410 2779 1397 2848 heimliche Gewalten an, und er zögert. Ein letztes
1632 2785 2809 2855 so sehr, daß man die Wirkung eines vornehmen Theater¬
408 2823 1402 2907 Mal bietet sich eine Gelegenheit zum Frieden. Der
1637 2840 2816 2906 abends lebhaft empfindet; originell ist vor allem, daß der #
398 2873 1389 2948 Minister für Kultus und Unterricht selbst kommt zu
1642 2880 2796 2942 Held des Dramas ein wenig ins Heroische, ins Heldenhafte
407 2915 1386 2991 Bernhardi. Die im Amt noch wenig verbrauchte
1642 2929 2799 2975 gezogen wird, was wohl nicht in der Absicht des Dichters
1644 2964 2805 3025 liegt, daß Ebenwald und der Minister vielleicht zu sehr im
399 2956 1398 3034 und von Reformerehrgeiz getragene Exzellenz ist der
1637 3007 2808 3083 karitierenden Stil wiedergegeben wurden. Die Erzählung vom
402 3011 1401 3080 Kliniker Professor Flint, Bernhardis einstiger
1626 3054 2798 3110 Tode des jungen Mädchens im ersten Akt wirkte geradezu
398 3050 1386 3109 Studienfreund. Längst haben ihre Wege sich ge¬
1640 3096 2797 3148 erschütternd, der Dialog zwischen Bernhardi und dem Minister
402 3082 1383 3169 trennt, längst weiß Flint sich von Bernhardi miß¬
1633 3139 2804 3203 im zweiten Akt löste stellenweise leise Heiterkeit und ein
409 3134 1396 3200 achtet. Mit dem Ton der Wärme erstrebt er sein
1633 3178 2797 3230 inniges Mitverstehen aus, die Sitzung der Abteilungs¬
403 3177 1385 3253 Vertrauen. Sein Zweck ist die Umgehung der von
1639 3225 2796 3262 vorstände des Elisabethinums, welche den dritten Akt aus¬
390 3217 1384 3300 den Christlichsozialen gestellten Parlamentsinter¬
1641 3262 2800 3328 füllt, war ein Meisterwerk der Vortragskunst. Im Publikum
405 3270 1394 3338 pellation, in der Bernhardi, ganz wie nachher vor
1639 3314 2796 3371 saßen mehrere Aerzte, welche den schweren Kampf der
407 3317 1383 3365 Gericht, angeklagt wird, sich an dem Pfarrer ver¬
1631 3341 2182 3402 Poliklinik um ihr Dasein
2270 3350 2798 3409 man könnte ja für das
410 3357 1389 3431 griffen zu haben. Aber dem Jugendfreund gegen¬
1639 3389 2794 3459 Elisabethinum den Namen: Wiener Allgemeine Poliklinik
404 3404 1384 3475 über ist die Exzellenz bedenklich unsicher, die laue
1632 3426 2786 3487 setzen — mitgemacht haben, erinnerten sich daran, daß Artur
405 3441 1380 3521 Feindseligkeit wandelt sich zur Sympathie eines
1633 3483 2788 3542 Schnitzlers Vater siegreicher General in diesem Kampfe ge¬
399 3488 1390 3550 erzwungenen Bündnisses. Mannhaft will Flint, mit
1622 3510 2788 3589 wesen war, daß Schnitzler den jungen Assistenten einige Züge
397 3529 1393 3602 Bernhardis Erklärung in der Tasche, den Klerikalen
1618 3552 2792 3603 und Details aus seiner eigenen poliklinischen Assistentenzeit
400 3573 1385 3646 antworten. Doch die Ranküne siegt. Eine tumulina¬
1627 3603 2793 3682 gisk Auch die folgenden Alte entfesselten stürmischen Beifall.
407 3623 1387 3690 rische Hauptversammlung der Elisabethinumsärzte
398 3658 1391 3724 endet mit Bernhardis kaum freiwilligem Rücktritt.
411 3706 1380 3779 In der Parlamentssitzung fällt der Minister für
400 3734 1389 3833 Kultus und Unterricht um. Die Verfolgung wird
393 3787 1385 3868 durch das Justizministerium eingeleitet. Bernhardi
390 3846 1383 3896 erledigt seine Strase, ohne zu appellieren, wie Herr
407 3881 1376 3938 Dr. Goldenthal, sein Verteidiger, es wollte. Ein
406 3923 1380 3994 Märtyrer soll, als er wieder frei ist, aus ihm gemacht
403 3968 1402 4041 werden. Doch er ist des Unfugs müde, und er ver¬
398 4006 515 4066 T224
