3344 4352
1603 129 2050 229 box 31/2
237 146 1449 229 25. PrefessoBernhand
1078 1014 2353 1084 Separatabdruck aus der „Wiener Medizinischen Wochenschrift“
1582 1074 1862 1134 (Nr. 9, 1919).
1261 1116 2197 1182 Verlag von Moritz Perles, Wien I. Seilergasse 4.
1038 1165 2423 1224 (Nachdruck verboten, event. Genehmigung ist bei der Verlagsbuchhandlung zu erwirken.)
1520 1570 1941 1663 Arztestücke.
1046 1665 2403 1736 „Der Schöpfer“ von Hans Müller und „Professor Bernhardi“
1460 1715 1998 1794 von Arthur Schnitzler.
1165 1821 2406 1878 Von jeher ist der Arzt auf der Bühne ein beliebtes dramati¬
1050 1877 2423 1930 sches Instrument gewesen. Dramatisches Instrument, meist Episode.
1047 1913 2423 1972 Seltener eigentlich war er dem Theater mehr, selten einem Stück
1050 1970 2418 2033 Träger oder Stütze. Molière und Shakespeare lieben es, Arzte (Arzte
1056 2027 2431 2081 ihrer Zeit!) auf die Bühne zu bringen, oft nicht ohne sich
1062 2063 2427 2131 über ihre Wissenschaft zu belustigen. Im allgemeinen dürfte im
1063 2118 2426 2177 häufigen Auftreten von Arzten in unseren klassischen Stücken kein
1061 2174 2422 2231 besonderer Grund zu suchen sein. In den Werken unserer Klassiker,
1061 2231 2424 2282 in denen Unglück, Krankheit, Tod so wesentliche Motive bilden,
1060 2261 2437 2324 kann der Arzt nicht ausbleiben. Gerade in den letzten Jahren ist jedoch
1055 2326 2428 2370 der „Arzt am Scheideweg“, der Mensch als Arzto der — wenn man
1067 2356 2433 2437 will — der Arzt, der (beinahe wie zufällig Mensch ist) der liebende
1058 2408 2433 2468 und geliebte Arzt, des öfteren in den Mittelpunkt dramatischer
1064 2456 2432 2516 Konflikte gerückt. Und gerade in diesen Tagen, da im Wiener
2182 2506 2423 2571 neu ein¬
1061 2507 2179 2571 Komödienhaus Shakespeares „Perikles von Thyrus“
1062 2571 2435 2617 studiert wurde, ein Stück in dem ein Arzt als Retter eine so be¬
1062 2610 2423 2664 deutsame Rolle spielt, kam das Burgtheater mit dem „Schöpfer“
1071 2655 2440 2720 von Hans Müller heraus und wenige Wochen hernach bringt die
1061 2721 1969 2786 neue Zeit Schnitzlers „Professor Bernhardi“,
1181 2827 2428 2898 „Mensch oder Idee?“ Die Frage Carlyles an die Welt setzt
1067 2897 2436 2946 Hans Müller seinem Werk als Motto vor. Ein Werk, das in einer
1060 2928 2433 2986 Zeit entstanden ist, in der das Einzelschicksal, der Mensch, nichts
1067 2982 2435 3040 war und die Idee, die „Uniform der Idee“ alles zu sein schien.
1063 3038 2436 3095 Die Zeit ist heute vorüber und das Stück — wenn man das von
1067 3098 2448 3145 einem Werk ein paar Wochen nach seiner Erstaufführung sagen
1074 3129 2445 3182 kann — veraltet. Das Einzelschicksal des großen und des kleinen
1066 3195 2448 3246 Mannes, es steht heute vor allem anderen. Die „großen Ideen“, die
1062 3245 2445 3296 uns vor ein paar Monaten im Banne hielten, wir haben sie jäh verloren.
1061 3271 2450 3353 Das, was wir 4 Jahre hindurch für unseren Katechismus gehalten
