3344 4320
1669 145 2101 235 box 30/1
301 157 1505 259 25 Professor Bernbandi
2602 639 2694 696 478
678 639 767 700 477
1362 639 2006 701 Arthur Eloesser, Schnitzler und Sohn
1696 757 2734 826 Zügen, die aber doch zu sehr durch Literatenhände
711 776 1675 826 Der Mann der Wissenschaft und der Mann
1693 812 2734 876 geformt worden sind. Auch der Hofrat, der den Sa¬
640 809 1683 875 der Kirche haben beide ihre Pflicht getan; darüber
1695 872 2742 914 loranarchisten spielt, um das ganze Treiben auf den
642 865 1679 910 einigen sie sich als vornehme Charaktere, indem
646 908 1680 952 sie sich einen Augenblick, wie es etwas melo¬
1700 905 2731 950 letzten Witz bringen zu können, stempelt sich zu offen¬
644 948 1675 995 dramatisch heißt, über den Abgrund hinweg die
1699 945 2734 1006 sichtlich mit der Marke aus Schnitzlers ironischer Ge¬
1696 991 2734 1050 dankenfabrik; er hat im „Grünen Kakadu“ mit ge¬
638 994 1681 1048 Hand reichen. Meiner Meinung nach darf der
1695 1038 2741 1090 lassener Neugierde verkehrt. Aber wenn auch die
632 1037 1684 1093 Priester einen Pflichtenkreis, der gegen die Ge¬
1698 1080 2738 1122 Existenz aller dieser Leute mehr in eine aktuelle
644 1081 1670 1125 bote der Kirche gleichen Rang behauptet, durchaus
1699 1125 2739 1172 österreichische Wirklichkeit als in eine beständige und
641 1133 1676 1180 nicht anerkennen, und ich hätte die ganze Szene gern
1696 1166 2740 1215 weiter zu verbreitende Tiefe des Menschlichen hinab¬
641 1173 1671 1217 entbehrt, die sich eigentlich mit der Frage hätte aus¬
1692 1211 2733 1263 reicht, man muß Arthur Schnitzler beglückwünschen,
644 1213 1687 1273 füllen müssen, ob es einen persönlichen Gott und
1700 1253 2743 1298 daß er sich als Fünfzigjähriger aus der etwas weichen
644 1270 1681 1306 ein individuelles Fortleben nach dem Tode gibt. Oder
1697 1308 2737 1348 und dumpfen Atmosphäre der späten Liebeleien in
630 1307 1676 1361 die nur eine gewisse Notwendigkeit für sich gehabt
1688 1340 2748 1404 die scharfe Zugluft des öffentlichen Lebens hinaus
638 1356 1679 1401 hätte, wenn dem forschenden Menschen und dem gläu¬
1702 1385 1956 1454 gewagt hat.
642 1393 1673 1441 bigen Menschen etwas fehlt, so daß beide mit einem
638 1443 1673 1488 ungeklärten und uneingestandenen Verlangen in das
645 1469 1676 1524 Reich des anderen hinüberschauen. Aber Schnitzler
1771 1457 2742 1529 „Aber die Poesie kann doch, zum Glück, farbig
633 1518 1676 1566 schrieb kein philosophisches und kein religiöses Drama,
1697 1513 2729 1564 sein. Die Poesie ist doch so ein kleines Fenster
641 1563 1684 1610 was wir ihm gar nicht verübeln wollen, keinen Uriel
1696 1562 2729 1599 mit der Aussicht auf das Märchen und auf die
1701 1603 2736 1664 Ewigkeit — wie der Traum, wie die Kindheit. Möge
639 1616 1679 1665 Acosta und keinen Kohlhaasschen Kampf ums Recht;
1693 1661 2735 1701 es doch wenigstens in der Kunst solche Momente
643 1649 1673 1705 denn dieser Bernhardi zeigt sich viel zu geschmack¬
1687 1692 2732 1739 geben, in denen tausenderlei duftet — in denen gleich¬
632 1699 1670 1749 voll, um in einer Zeit, da auch für die Juden
1696 1746 2736 1795 zeitig Engelchen weinen und Teufelchen kichern.“ So
642 1739 1669 1790 keine Scheiterhaufen mehr brennen, die Würde eines
1696 1793 2730 1838 schreibt Thaddäus Rittner, der von Österreich
631 1791 1675 1841 Märtyrers zu beanspruchen. Er will seine Ruhe haben
1693 1819 2734 1883 stark empfohlen wird, in einem persönlichen Pro¬
640 1830 1678 1879 vor Feinden und Freunden, um möglichst ungestört
1688 1869 2737 1928 gramm, und man sollte nun erwarten, daß er mit
1691 1915 2734 1969 sanften, wundertätigen Händen ein warmes Stück
649 1919 1686 1968 sich gleichsam durch das ganze Drama, daß er als
1692 1963 2725 2015 Leben an seine Dichterbrust zieht, und daß in dieser
640 1962 1666 2015 feiner ruhiger Mann ein Drama angezettelt habe.
1697 1995 2729 2052 liebevollen Hut die deutsche Tragikomödie flügge
726 2005 1679 2048 Plötzlich ist überall Gesinnung da. Die Arzte, die
1684 2052 2727 2101 wird, nach der Michel sich schon so lange sehnt.
631 2049 1672 2094 sich um ihre Patienten kümmern sollten, geben alle
640 2091 1671 2148 Symptome politischer Vergiftung von sich, und in
1685 2135 2735 2178 und phantastisch ist, das unversehrte Leben als das
633 2142 1670 2192 einer Skala von größter Vollständigkeit, von außer¬
1694 2174 2735 2222 reine Märchen. Diese Absicht läßt sich in Rittners
641 2188 1675 2236 ordentlich erfinderischer und treffsicherer Satire steigt
1689 2223 2726 2269 Komödie wohl noch merken, aber auch nur die Absicht.
641 2222 1679 2261 das Gesinnungsfieber bei den Liberalen und Kleri¬
1684 2263 2721 2309 In Wahrheit hat er Literatur gemacht, teils Schnitz¬
631 2267 1671 2316 kalen, bei den Zionisten und Antisemiten, bei den
1697 2312 2735 2364 ler, von dem er unabsichtlich die weichen, schwebenden
631 2313 1666 2356 Heuchlern und Strebern. Das ist Österreich, min¬
1696 2355 2738 2416 Sätze nimmt, ohne den er überhaupt kaum zu denken
641 2349 1682 2412 destens Wien, und das ist eine Satire, wie sie
1689 2394 2738 2456 ist, und noch viel Alteres, was eigentlich schon ver¬
635 2401 1684 2447 Deutschland vielleicht noch nicht hatte. Der Dichter
1695 2441 2742 2498 gessen worden war. Im siebzehnten oder achtzehnten
632 2443 1672 2496 wirft mit seiner Affäre Bernhardi einen Köder hin
1693 2505 2729 2546 Jahrhundert hätte dieses Stück wahrscheinlich „Der
628 2499 1671 2546 und nun läßt er alle schnappen, wie es ihm die wirk¬
1705 2534 2730 2579 Schüchterne“ geheißen. Das ist ja der Held der
641 2532 1685 2586 lichste Wirklichkeit gesagt hat. Selten habe ich ein
1692 2576 2728 2633 alten Charakterkomödie, der von dem einen wesent¬
634 2579 1665 2632 realistischeres Stück gesehen, nicht ein naturalistisches:
643 2620 1671 2678 denn die Menschen werden nur in der Aktion, nur
1692 2619 2733 2666 lichen Zuge existieren kann, wie dieser Hans Torup,
1700 2663 2740 2709 ein Feigling vor den Frauen, der plötzlich zum Teufel
639 2674 1673 2722 von der einen Seite gezeigt, nicht in der Ruhe des
636 2711 1670 2744 Zuständlichen oder in ihrer Einsamkeit. Wollten wir
1695 2707 2728 2749 wird, weil ein eifersüchtiger Arzt ihn zum Tode
635 2756 1670 2803 länger und tiefer mit ihnen verkehren, so würde es
1689 2751 2732 2803 verurteilt hat. Nun wird ihm die Schule des Lebens,
1695 2805 2729 2856 Bedenklichkeit und Verantwortung geschenkt, nun
637 2797 1678 2849 sich wahrscheinlich zeigen, daß man nicht um sie
1693 2838 2730 2881 braucht er nach dem Sommer keinen Herbst mehr
637 2846 1674 2896 herum gehen kann, weil sie mehr durch den Schnitt
1689 2881 2728 2933 zu fürchten. Bis er den Schwindel des Medizin¬
631 2877 1672 2933 der Silhouette als durch runde plastische Eristenz
631 2925 1040 2986 gekennzeichnet sind.
1703 2933 2739 2985 mannes entdeckt und der Schüchterne wieder schüchtern
727 2961 1672 3025 Aber auf die Physiognomie versteht er sich
1699 2972 2733 3021 wird. Aber das Stück wurde im zwanzigsten Jahr¬
642 3011 1673 3064 meisterlich. All diese arischen und semitischen Arzte,
1687 3012 2730 3059 hundert nach Schnitzler geschrieben, und nun füllt es
632 3058 1679 3117 die Gesinnungstüchtigen, Gesinnungslosen, die stets
1702 3060 2734 3106 sich mit einem süßen Lyrismus, mit einer Schwär¬
639 3102 1671 3155 Gereizten, stets Lauen, die mit der zottigen Hoch¬
1685 3105 2727 3140 merei von reifen, schweren Sommertagen, von wehen¬
1685 3157 2738 3205 den Frauengewändern, von Getändel und Gekose
632 3153 1669 3199 brust, die durch wissenschaftliche Objektivität Ent¬
640 3192 1682 3243 mannten, sie stecken nur die Nase ins Stück, aber
1689 3202 2733 3247 und faltergleichem Getaumel. Nur daß die beiden
638 3237 1676 3278 es sind zwanzig eigenartige Nasen, die man nicht
1693 3239 2731 3289 Enden nicht zusammengebracht sind; der Witz wird
631 3278 1671 3326 verwechseln kann. Diese Leute sind um so besser,
1694 3277 2721 3339 lang gezogen, die Poesie nicht minder, und sie kom¬
633 3321 1673 3369 je fertiger sie sich vorstellen mit einer entschlossenen
1687 3325 2730 3361 men doch nicht zusammen, weil sie nicht ausreichen.
1697 3376 2741 3424 Wenn Thaddäus Rittner noch sehr jung wäre, müßte
643 3368 1684 3412 Lokalfarbe, deren Gesamtheit und Kunterbunt die
1688 3412 2734 3453 man ihm sagen, daß ein Shakespeare dazu gehört,
644 3410 1680 3458 künstlerisch wohlberechnete Farblosigkeit des Helden,
1696 3453 2734 3505 um aus Sommerfäden der träumenden Seele ihre
643 3456 1674 3504 der kein Held sein will, überschreien muß. Meine
1699 3497 2727 3555 Kleider zu weben, die beim Erwachen nicht zerreißen.
641 3502 1674 3544 Zweifel gehen gegen die Figuren, die sich Zeit gönnen,
636 3548 1682 3596 die sich erklären und rechtfertigen, warum sie ins
1692 3542 2730 3610 Aber er ist alt genug, um sich das selbst schon sagen
635 3599 1680 3640 Schillern gekommen sind, so gegen den Minister, der
1697 3588 1917 3654 zu können.
633 3632 1686 3674 einst rot war, einen politischen Schlaukopf mit feinen
2259 3611 2695 3692 Arthur Eloesser.
2793 4080 2987 4143 S
1978 4084 2466 4145 m n
