3344 4352
1602 152 2043 247 box 31/6
227 153 1495 266 25. Profese Bernhand
199 1800 542 1879 Paul Hörbiger
2282 1800 2545 1893 Curt Götz
1412 1805 1865 1895 Valerie v. Martens
172 1917 710 1988 Laufe der Zeit in unser
1296 1906 2748 1987 scheidet es eilig aus, dagegen schlingt sie in sich ein, verarbeitet.
132 1969 717 2029 Meinung und dem Sprach¬
1290 1978 2747 2030 gleicht ihrem eigenen Wesen an, was ihr förderlich sein könnte.
152 2013 721 2076 weiter an unseren Erleh¬
1282 2019 2741 2071 Ebenso, wie nun eine selche Zelle alles in sich aufnimmt, was ihr
157 2057 722 2106 e Nahrung aus ihnen und
1283 2068 2755 2121 zur Nahrung. zur Entwicklung. zur Vollendung dienlich ist, so nimmt
150 2107 713 2153 ohne unser Wissen weiter
1296 2107 2755 2158 auch jener Stoff alles in sich auf. was aus des Dichters Erlebnissen.
141 2148 720 2202 ehen, daß er, wundersam
1291 2149 2754 2196 Erfahrungen, Gefühlen ihm nutzbar sein mag. verschmäht das
192 2186 715 2247 wieder emporsteigt und
1282 2194 2750 2253 Unverwertbare, stößt es aus und dehnt sich allmählich immer
155 2233 713 2290 llich zu dem herangereift.
1288 2248 2747 2295 weiter, so daß er endlich den ganzen Iuhalt der Dichterseele zu
183 2279 710 2341 jetzt erst hin ich deiner
1297 2280 2747 2340 bilden, in daß die Dichterseele selbst in den Stoff umgewandelt
236 2319 641 2399 Schicksal erfüllen,
1292 2332 1485 2390 scheint.
2003 2374 2048 2434 *
1373 2428 2754 2486 In den besten Momenten ihres Schuffens sind Künstler zweiten
322 2460 718 2524 mpressionist und
1288 2474 2754 2525 Ranges von den wahrhaft großen kaum zu unterscheiden. Doch
360 2510 713 2575 der er ist über¬
1300 2514 2752 2573 was ihnen in jedem Falle mangelt, ist die Fähigkeit, sich genügend
407 2559 708 2619 st- und Welt¬
1297 2557 2762 2618 lange auf der erforderlichen Höhe zu halten; und ihr Verhängnis
393 2606 715 2667 che und Stim¬
1296 2601 2762 2665 ist es, gerade in den Augenblicken, wo die außerordentlichste und
387 2648 715 2710 wiegt, daß die
1289 2651 2764 2703 letzte Anspannung aller Kräfte notwendig wäre. ins Dürftige.
471 2690 715 2756 die andere
1294 2694 2131 2769 Triviale oder Absurde hinabzusinken.
472 2742 516 2817 1
539 2743 712 2810 Vesens¬
1379 2794 2742 2865 Das Publikum ist viel gescheiter als es selber glaubt, aber man
1291 2869 2759 2927 darf es ilnn nicht zugestehen, sonst wird es noch anmaßender als
471 2881 711 2950 er Künstler
1289 2903 1903 2975 es ohnedies zu sein pflegt.
493 2939 713 2996 r ist der
504 2982 726 3045 enie des
1395 2995 2756 3053 Theaterschriftsteller, die imstande sind. etwa einen vierten
556 3030 712 3100 S ollnie
1302 3050 2747 3104 Akt vor ihrem zweiten zu schreiben. sind mir einigermaßen ver¬
1292 3105 2749 3150 dächtig. Sie haben offenbar niemals etwas erfahren von den Ueber¬
1290 3138 2747 3195 raschungen und Abenteuern, die dem Dichter auf seinem Weg zu
523 3166 714 3233 beginnt.
1295 3194 2747 3240 begegnen pflegen und die ihm den köstlichsten, wenn auch einen
502 3221 712 3283 gleichbar.
1295 3226 2763 3282 zuweilen nicht ungefährlichen Reiz seiner Wanderung bedeuten.
491 3260 719 3325 uind 80z1-
503 3310 717 3369 was einer
1384 3337 2755 3388 Wenigen Menschen ist es gegeben, einem Kunstwerk als ruhig
496 3356 722 3413 I, Ja muß
1288 3375 2749 3437 Betrachtende gegenüberzustehen; aber kaum einer ist fähig oder
483 3400 720 3468 sich oder
1294 3434 2762 3498 gewillt, während er das Werk auf sich wirken läßt. im Nachgefühl
