3392 4320
1610 154 2074 246 box 30/3
251 128 1470 263 25. Professer-Bernhandi
1678 1204 2859 1300 Mißbilligung heraus. Die Redakteure haben denn
1689 1264 2850 1343 auch schließlich die Verantwortung nicht mehr über¬
1693 1313 2850 1398 nehmen wollen und sind gegangen. Der „Bund der
1690 1351 2847 1435 Festbesoldeten“ hat ebenfalls vor einigen Wochen sein
1690 1400 2850 1474 Verhältnis zu dem Blatte gelöst. Die Vorgänge zeigen
1689 1443 2849 1531 jedoch, daß man die innere Kraft der gemeinsamen,
1680 1488 2843 1591 wirtschaftspolitischen, Beamtenorganisationen bisher
1674 1524 2024 1599 überschätzt hat.
2051 1540 2399 1610 MMerdt
2113 1588 2202 1650 S
142 1586 462 1677 Nachdruck verboten.
522 1592 1669 1673 Theaterkritiker für verschiedene Zeitungen zu sein, in welcher
1683 1626 2830 1712 gen Mann im Restaurant beobachtet, wirkt er sympathisch
534 1636 1677 1730 Doppel=Stellung sie dann vom Verlag herausgegebene Stücke
1684 1656 2843 1748 und wie ein Gentleman, nachher ist er eine Subalternnatur.
147 1664 261 1752 ef.
528 1677 1682 1763 bewußt oder unbewußt günstiger beurteilt hätten. Die
1677 1708 2843 1795 Leopold Kramer aus Wien führte die schwierige Rolle
531 1723 1677 1802 Referenten weisen diesen Vorwurf mit Entrüstung zurück,
139 1727 521 1816 Münchener Herzen;
1719 1755 2850 1842 die beständig andere Masken verlangt — als Georg Szabr
514 1761 1667 1838 Edgar Steiger hat seine absolute Objektivität einigen Stücken
138 1791 520 1852 Polizei, jede Ein¬
1668 1813 2841 1874 gut durch, doch galt mit Recht die größte Ehrung des Abends
520 1799 1674 1903 gegenüber bereits nachgewiesen, Karl Ettlinger war nicht
143 1831 509 1901 höchst fatal ist, und
1670 1842 2834 1923 dem cifersüchtigen Gatten des Herrn Erich Ziegel. Das
526 1854 1663 1936 mehr Berichterstatter des „Berliner Tageblatts“, seit er dem
152 1872 514 1938 den Preußen, wie
1675 1885 2845 1969 war eine Musterleistung! Was Direktor Robert aus der
521 1889 1668 1973 Drei=Masken=Verlag angehört. Man ist gespannt darauf,
136 1911 511 1985 inie heißen, in der
1676 1927 2829 2000 kleinen Bühne in technischer und szenischer Beziehung zu
511 1932 1671 2035 wer in diesem mit scharhen„Wafsen geführten Krieg das letzte
155 1959 517 2028 i erblicken, ist eine
523 1977 932 2044 Wort behalten wird.
1665 1968 2901 2070 schaffen vermag, ist immer wieder staunenswert. Leider wird —
135 2007 524 2072 lich von der Hand
1660 2019 2830 2093 er mit Frau Ida Roland, wenn sie wirklich nach Wien gehen
585 2026 1670 2106 Die eigene Tätigkeit als Theaterreferent war in diesem
158 2051 513 2112 das Odcons¬
1656 2044 2832 2130 sollte, doch die Hauptattraktion verlieren; sie ist unstreitig
504 2050 1664 2156 Monat nicht überanstrengend, große Erschütterungen blieben
143 2088 509 2152 hmackvollen Innen¬
1661 2092 2823 2167 augenblicklich die interessanteste Schauspielerin Münchens. —
510 2105 1664 2193 aus. Der Neue Verein bescherte uns einen Faschingsscherz
140 2124 512 2198 Münchener Gesell¬
1670 2136 2889 2209 Wenige Tage später begegnete man im Schauspielhaus einem
512 2149 1659 2234 „Der freie Horst", dessen Verfasser sich unter dem Pfeudo¬
134 2174 513 2239 wurde das Restau¬
1657 2184 2821 2270 anderen Österreicher, dem echten Wienex Axtux Schniß¬
512 2193 1662 2275 nym Max und Moritz verbargen. Die Gründung einer
131 2215 510 2288 nute schließe, sogar
1665 2227 2874 2316 ler. Die Aufführung seiner Komödie „Prose####
509 2237 1652 2323 Zeitung ohne genügende Sicherheiten und fähige Mitarbeiter,
139 2266 501 2327 en abgeliefert wer¬
1657 2267 2843 2355 Bernhardi“ zwang dazu, daran zu denken, wie hart sich.
500 2275 1649 2352 der Einfluß abenteuerlicher Existenzen und frivoler Geld¬
147 2316 502 2376 zur Karnevalszeit
1659 2316 2862 2399 in unserm Zeitraume die Kontraste stoßen: ein feines Re
499 2317 1651 2398 leute, die natürlich einen Zusammenbruch herbeiführen,
159 2350 508 2422 untersagt. Aber
1663 2350 2833 2433 staurant geschlossen wegen der überschreitung der Polizei¬
503 2362 1656 2434 sollte gezeigt werden. Aber Technik, Durchführung der Idee
128 2381 503 2463 ieser Verdilte dort
1662 2397 2822 2471 stunde — und von der Bühne herab dies stark tendenziöse
500 2398 1649 2481 und Entwicklung der Handlung waren in jeder Hinsicht un¬
135 2432 497 2494 m auch das harm¬
1652 2439 2816 2518 Stück, das, trotzdem die Kirche siegt und Professor Bernhardi
508 2452 1658 2533 genügend und mißlungen und das Publikum war so gelang¬
129 2478 508 2543 Etllich“ beanstandet,
1655 2480 2809 2564 verurteilt wird, der aus Menscherliebe ein armes Mädchen
501 2493 1651 2574 weilt, daß es sich nicht einmal mehr zu Mißbilligungsäuße¬
136 2510 499 2588 m Tanze abgefaßt
1649 2514 2812 2601 im Wahn sterben lassen will und daher den Pfarrer vom
502 2534 1645 2614 rungen hinreißen ließ, sondern todmüde verschwand. — Der
150 2556 502 2628 Polizeistunde auf
1650 2561 2811 2648 Krankenbett zurückhält, ohne Zweifel einen moralischen Sieg
494 2573 1651 2655 nächste Premierenabend brachte in den „Kammerspielen“!
138 2604 494 2671 München sein will
1657 2611 2820 2693 Bernhardis proklamiert. Schnitzler ist selbst Arzt gewesen
496 2615 1640 2692 Franz Molnars „Märchen vom Wolf“, gewandt und fesselnd
132 2648 494 2717 Besitzer haben auch
1646 2644 2816 2738 und der Kampf zwischen Wissenschaft und Religion mußte
502 2662 1643 2752 geschrieben wie alles, was uns jetzt von den Ungarn kommt;
143 2688 490 2754 d ihre Räume ge¬
1648 2696 2812 2779 ihn stofflich reizen. Einzelne Typen der verschiedenen Arzte,
494 2700 1650 2785 in der Hauptsache ein Traumstück, zwar nicht von der Fein¬
127 2733 500 2802 en nicht auf ihre
1652 2737 2809 2823 die für und wider Bernhardi und in weiterem Sinne also
502 2748 1644 2841 heit von „Hans Sonnenstößers Himmelfahrt“, aber doch ge¬
142 2778 491 2838 t die Sache vor¬
1649 2777 2815 2861 für und wider die Kirche streiten, sind ihm vorzüglich ge¬
488 2791 1635 2865 rade im dritten Akt, in dem die Heldin, von Frau Ida
140 2809 503 2887 weiter; und die
1646 2820 2809 2896 lungen; man kann auch nicht recht Partei ergreifen mit
493 2837 1643 2912 Roland großartig interpretiert, im Traum die Rückkehr
133 2863 489 2925 irch gar zu scharfe
1640 2854 2806 2930 diesen ewig Debattierenden, denn von seinem Standpunkt
490 2874 1650 2969 ihres Geliebten in vierfacher Gestalt, als Offizier, als Diplo¬
131 2904 487 2968 ebig gemacht hat,
1636 2907 2808 2982 aus hat jeder recht. Das Stück ist geschickt konstruiert, aber
487 2915 1640 2988 mat, als Künstler und als Diener erlebt, am dramatischsten
132 2941 487 3009 den schlechtbehan¬
1641 2941 2801 3032 blutleer; und die Judenfrage, die uns auch hier nicht ge¬
487 2955 1640 3037 gesteigert. Der vierte Akt dieses Spieles fällt dann sehr ab,
128 2976 490 3050 über entschließen
1644 2988 2804 3070 schenkt wird, verstärkt zwar die Konflikte, kann aber auch
484 2998 1644 3092 wie das in solchen Stücken zu sein pflegt. Vilma erwacht,
132 3030 491 3104 kerarischem Gebiel
1635 3042 2805 3098 nicht von Schnitzlers Hand endgültig entwickelt werden. Im
479 3044 1636 3127 die Wirklichkeit des Lebens setzt wieder ein und zwar höchst
136 3071 489 3139 hat zuerst in der
1638 3069 2824 3167 Stück kommt nur eine einzige Frau vor, eine hysterische
481 3087 1638 3166 grausam mit der Erscheinung des einst und noch im Traum
137 3112 486 3178 schiedene Kritiker,
1630 3124 2797 3197 Krankenschwester, durch deren falsche Aussage Bernhardt
481 3120 1641 3208 Geliebten, der alles eher als einer der vier Helden ist.
148 3160 486 3224 von Hagen usw.
1624 3162 2801 3232 noch dazu ins Gefängnis wandern muß. Dieser Ausschluß
478 3169 2782 3295 Übrigens ist in seiner Charakterzeichnung ein Bruch: im aller'sympathischer Weiblichteit, die Schnitzler sonst bevorzugt,
135 3193 2798 3293 ges“ und zugleich ersten Akt, als er Vilma neben ihrem wahnsinnig eifersüchti= ist ein weiteres Merkmal dieses Stückes. Daß es in Öster¬
