3344 4352
1543 127 1987 237 box 31/7
643 164 785 225 S S 7
184 163 370 247 25
364 153 1405 267 frBernhand
95 1033 1908 1094 steigerten Intensitat der Land= ein Einkommen von 100.000 Kronen. Dann soute eo:
92 1053 2155 1163 Pertnüpfung mit der Industrie, nach dem Gesetz 3920 Kronen Einkommensteuer be¬ sie nicht!
747 1198 1890 1247 nicht einen solchen Widerstand entgegensetzt, der ihnen ein rasches
1903 1200 3058 1261 Regel oft gegen seine bessere innere Ueberzeugung im Sinne
97 1198 414 1303 illeton.
759 1241 1897 1289 Ende machen würde. Und das alles, weil Hochenburger der
1911 1236 3061 1302 seiner Vorgesetzten entscheiden muß. Ist die Sache nicht ganz
762 1281 1894 1344 Vertrauensmann des Deutschen Nationalverbandes ist und sich
1911 1289 3051 1350 hoffnungslos, so ruft er den Verfasser und vielleicht auch den
762 1330 1902 1412 ja der ganze Kampf gegen die heutige Konfiskationspraxis gegen
1908 1328 3061 1405 Theaterdireltor, der das Stück zur Bewilligung der Aufführung
104 1304 674 1420 chnitzlers neuestem
764 1380 1307 1446 ihn persönlich wenden müßte.
1901 1382 3056 1453 eingereicht hat, und sie beraten nun zusammen, wie dem miß¬
94 1395 337 1478 rama.
858 1428 1884 1485 Diese Vorbemerkung war notwendig, um die Atmosphäre
1898 1425 3056 1494 ratenen Kinde zu helfen sei. Hier handelt es sich nicht mehr
104 1455 742 1525 s München, daß dort Schnitzlers
758 1478 1893 1539 zu kennzeichnen, in der wir gegenwärtig in Oesterreich leben.
1901 1477 3054 1532 um Zugeständnisse, die der Verfasser der Bühne macht, die oft
105 1516 755 1576 ssor Bernhardi“, das sich
760 1525 1893 1581 Die Art, wie man die Tagespresse behandelt, ist nicht ohne Ein¬
1898 1524 3056 1567 notwendig sind und die eine bessere Bühnenwirkung bezwecken,
106 1567 754 1628 S. Fischer, Berlin), zur Aufführung
759 1567 1896 1624 fluß auf die Bewertung schriftstellerischer Tätigkeit überhaupt
1909 1573 3057 1638 sondern um Nachgiebigkeiten gegen behördliche Uebergriffe,
114 1608 757 1682 zugelassen wurde, während das
753 1619 1893 1675 und sie ist ein Gradmesser für den Geist, der die politische Ver¬
1910 1620 3057 1672 wodurch oftmals die Absichten des Dichters verdunkelt oder
98 1651 749 1713 rreich bis jetzt aufrecht erhalten ge¬
759 1660 1891 1721 waltung im allgemeinen beherrscht. Dieser Geist ist seit jeher,
1907 1662 3049 1731 verfälscht werden sollen. Man versteht, daß solche Wege des
91 1700 750 1766 ch der Zensurbeirat, von dem man
758 1708 1893 1772 aber heute mehr als je, ein Schutzgeist des Klerikalismus und er
1905 1717 3055 1776 Dichters häufig wahre Leidenswege und innerliche
83 1742 759 1823 ersprach, ebenfalls im Sinne des
756 1759 1898 1810 widerstrebt daher allen Bemühungen, diesen in seiner ganzen
1895 1759 3055 1816 Demütigungen für ihn sind. Das Unwürdige eines
95 1801 755 1860 cht haben unsere Preßbehörden sogar
755 1805 1896 1862 Roheit und Kulturwidrigkeit aufzudecken. Man muß in der
1909 1810 3054 1866 solchen Zensurdruckes hat die Regierung selbst gefühlt
99 1850 745 1904 Lage gewesen zu sein, das ganze
760 1849 1890 1920 Tagespresse bei der Besprechung klerikaler Uebergriffe vorsichtig
1900 1847 3063 1906 und sie hat deswegen eine Einrichtung geschaffen,
101 1888 746 1953 n. Das darf man wohl nach der
759 1902 1899 1964 vorgehen, sonst verfällt man dem Rotstift des Staatsanwalts.
1898 1902 3061 1958 die ihr die Verantwortung wenigstens zum Teil abnehmen soll:
97 1939 758 2002 spraxis annehmen, die sich nach¬
764 1945 1894 1993 Beschäftigt sich ein Kunstwerk, eine Dichtung, mit den Schatten¬
1900 1948 3050 2009 den Zensurbeirat. Natürlich hat sie dessen Mitglieder selbst er¬
106 1986 757 2042 Skandal ausgebildet hat. Man
757 1984 1892 2053 seiten des Katholizismus, so kann man freilich nicht so ohne¬
1910 1997 3053 2056 nannt. Es wäre erwünscht, wenn man etwas Näheres über die
101 2040 759 2097 Praxis mit den kriegerischen Zeit¬
759 2042 1897 2100 weiters mit Konfiskationen vorgehen, zumal wenn der Verfasser
1908 2045 3056 2106 Art, in der dieser Beirat arbeitet, erfahren würde. Hat er ein
104 2080 750 2143 st aber bloßes Gerede. Denn schon
750 2094 1893 2145 ein angesehener Schriftsteller ist. Aber man kann, wenn die
1909 2095 3062 2159 Statut, ist seine Beratung individuell oder kollegial? Im Falle
98 2128 751 2184 aupt seitdem Herr v. Hochenburger
748 2127 1903 2193 Dichtung ein Drama ist, wenigstens die Aufführung verbieten.
1911 2142 3049 2190 Schnitzler hat man auch den Beirat in Bewegung gesetzt. Er
103 2181 758 2238 Wüten gegen die Presse angehoben,
745 2177 1892 2252 Das Theater ist bei uns in Oesterreich vogelfrei. Es ist der
1910 2187 3047 2244 soll sich im Sinne des Verbotes ausgesprochen haben. Sind die
108 2225 754 2292 ohne Beispiel ist und das die
758 2227 1890 2292 reinen Willkür der Verwaltungsbehörden ausgeliefert. Ich bin
1911 2237 3056 2279 einzelnen Mitglieder des Beirates an das Amtsgeheimnis ge¬
117 2271 755 2332 alle Zeiten denkwürdig er¬
760 2275 1898 2348 wenig geneigt, die Freiheit in Preußen zu preisen. Aber wenn
1900 2272 3050 2336 bunden? Hat sich nur die Mehrheit der Mitglieder dem Verbot
114 2310 749 2375 ese Wut sich bloß gegen die
749 2319 1900 2391 dort von der politischen Behörde die Aufführung eines
1899 2327 3044 2388 angeschlossen? Haben die einzelnen Mitglieder nicht das Recht,
116 2365 749 2432 wendete (obwohl sie natür¬
764 2371 1894 2433 Stückes verboten ist, so kann der Beschwerdeführer bis
1899 2381 3049 2432 ihren Spruch öffentlich bekanntzugeben? Ist er nicht ver¬
124 2422 747 2475 1 meisten austobt), so könnte
757 2421 1900 2482 an den Verwaltungsgerichtshof gehen. Es findet also ein
1910 2424 3045 2483 pflichtet, ein schriftliches Gutachten öffentlich kundzutun? Im
94 2463 745 2521 n, daß bei den scharfen Klassen¬
754 2468 1889 2529 richterliches Verfahren statt. Bei uns ist das Ministerium
1907 2459 3045 2535 Beirat sitzen Männer, die sonst die allgemeine Achtung ge¬
112 2512 750 2563 Parteien schweigen, weil es gegen
751 2508 1901 2574 des Innern die letzte Instanz. Wohl kann auch bei uns der
1905 2509 3055 2586 nießen. Fühien diese nicht, daß ihre halbamtliche Stellung einen
110 2561 737 2609 .Aber auch die bürgerlichen Blätter
757 2562 1889 2618 Verwaltungsgerichtshof angerusen werden, aber er entscheidet
1903 2562 3051 2623 unwürdigen Beigeschmack hat, wenn sie nicht öffentlich sprechen
94 2599 746 2663 chlagnahme und die bürgerlichen
748 2602 1888 2662 nur in Bezug auf das formale Verfahren, in eine sachliche
1897 2616 3050 2668 dürfen? Es kann nicht angenommen werden, daß der Beirat
104 2652 734 2706 die bürgerliche Presse schweigt auch.
753 2650 1893 2716 Würdigung der angegebenen Verbotsgründe läßt er sich
1911 2656 3045 2720 einstimmig sich zur Auffassung der Behörde bekannt hat. Gibt
102 2698 748 2762 ß Staatsanwalte immune Berichte
753 2703 1899 2767 grundsätzlich nicht ein. Wir haben also in dieser Sache
1909 2697 3052 2757 es unter ihnen keinen, der das „Ehrenamt“ in einem Falle wie
100 2742 741 2803 ren und daß sogar Gerichte erster
748 2746 1901 2800 bloß ein administratives Verfahren (System Rußland). Der
1897 2749 3047 2800 dem Schnitzlers niederlegt und der Oeffentlichkeit Rechenschaft
107 2791 740 2845 n bestätigen. Damit, so sollte man
753 2795 1902 2860 dramatische Dichter schreibt sein Werk für die Bühne. Für ihn
1900 2803 3058 2867 über seinen Schritt ablegt? Man kommt über eine Reihe von
105 2839 743 2897 fel des Skandals erklommen. Aber
752 2845 1887 2898 ist der Umstand, ob er aufgeführt wird oder nicht, von der aller¬
1903 2848 3053 2902 Fragen nicht hinweg. Wird denn die persönliche Eitelteit durch
97 2888 743 2942 t die bürgerliche Mehrheit des
754 2893 1886 2953 größten Bedeutung. Macht die politische Behörde Schwierigkeiten,
1891 2901 3056 2960 dieses Ehrenamt in so gar hohem Maße befriedigt? Ist denn
97 2938 742 2986 en offenbaren Gesetzesverletzungen
753 2939 1901 3001 so bleibt ihm nur der demütigende Weg zum Zensor. Denn
1908 2947 3061 3021 der Begriff fester Männlichkeit in Oesterreich nirgends mehr vor¬
103 2981 743 3050 blich Hüter der Gesetze sein sollen,
748 2992 2101 3071 heser ist ein gebildeter und wohlwollender Herr. der in der handen?
