3392 4320
751 169 811 225 S
299 158 1512 260 25. PrBernhand1
1659 163 2098 245 box 31/1
2708 571 3162 651 S0CIAL-DEN
2342 669 3163 870 Teater o.Kusikf.
2323 937 3176 1005 Dramatiska teaterns pre¬ine
2602 990 2795 1066 miär.
2344 1051 3075 1126 P Professor Bernhardi“. Komedi i
2314 1116 2995 1186 akter av Arthur Schnitzler.
3096 1131 3196 1189 der
2335 1173 3194 1234 Dramatiska teatern uppvisade i gär ettten
2317 1208 3093 1269 mästerprov, vars like ätminstone här i
3103 1223 3192 1285 nig
2294 1253 3085 1331 landet torde varn svärt att uppnä. Man
3106 1273 3203 1347 sta.
2309 1307 3093 1376 gav ett skädespel. som varade i fulla 3 1/2
3111 1334 3194 1388 ro
2307 1355 3081 1421 timmar, utan nägra som helst passioner
3109 1375 3215 1421 nan
2333 1410 3093 1473 — sävida ej man räknar politiskt intrig¬
2313 1454 3085 1515 spel till detta omräde — utan en enda
3105 1460 3213 1531 hän
2314 1492 3087 1564 krinnlig roll, med undantag av ett par
3098 1515 3216 1565 töre
2314 1548 3082 1615 ord som yttras i första akten av en sjnk¬
3104 1556 3213 1621 sà p
2316 1590 3085 1654 skôterska, och denna pjäs fängslade dock
3105 1610 3212 1669 och
2309 1638 3099 1700 publikens uppmärksamhet fran den pre¬
2311 1699 2936 1750 cisa början till det sena slutet.
3102 1701 3212 1772 Spär
2332 1732 3089 1798 För den del av salongen, som blivit
3097 1756 3221 1813 de C
2316 1795 3091 1843 rand vid ähörandet av diskussioner, ha¬
2316 1836 3096 1891 de kvällen samma art av intresse som
2304 1878 3100 1952 att vid nägot tillfälle bevista en enstaka
2313 1932 3108 1981 lysande debatt i andra kammaren. Man
2312 1972 3097 2039 glömde alldeles av att man befann sig in¬
3095 1996 3206 2052 mec
2318 2025 3086 2087 för en teaterscen, ett sä utomordentligt
3104 2044 3197 2101 bus
2315 2073 3088 2137 utförande kom styckets figurer till del,
3101 2118 3209 2180 milj
2307 2107 3086 2177 ett sä genomgäende jämt och dock gnist¬
3099 2160 3208 2223 dag
2323 2168 3089 2222 rande livligt samspel kunde alla beröm¬
2309 2218 3099 2274 ma sig av, och sà minutiöst levande rik¬
2317 2256 3086 2321 tiga i varje detalj voro skädespelarne 1
3095 2268 3205 2320 nalt
3098 2313 3200 2363 3gn
2312 2312 3085 2378 mna äthävor, masker, gester, sättet att
3103 2352 3208 2417 skaf
2304 2363 3082 2432 tala, klädedräktens minsta smädrag, än¬
2311 2416 3088 2474 da frän häret pa hjässan till formen pa
3101 2423 3176 2470 för
2315 2453 3087 2513 ett byxben. Just denna regins insikts¬
3107 2464 3183 2515 för
3100 2492 3206 2559 piay
2312 2502 3089 2571 rika vard om sanningen och sanpolikhe¬
3102 2544 3183 2593 Nvi
2320 2552 3078 2620 ten tror jag är klaven till det spända in¬
3103 2580 3191 2638 Oht
2312 2599 3079 2661 tresse, som besjälade de flesta ansiktena
3101 2619 3193 2668 har
2319 2645 3088 2707 i salongen. Ty massor av resonemang,
2305 2696 3096 2758 hur kvicka, djupa, bederliga eller jesui¬
2318 2745 3106 2800 tiska de ün äro, kunna omöjligt läta ähö¬
2309 2795 3094 2848 rarnes tankar vakna följa med, om de,
3095 2787 3198 2908 1
2307 2836 3095 2895 som bära fram dem, hela tiden uppenbart
2322 2881 3104 2952 spela teater och lata oss se ansträngnin¬
2309 2936 3092 2992 garne bakom konsten, bakom konsterna.
2342 2983 3105 3036 Nagot mera fulländat mänskligt än
3097 3001 3180 3096 10
2313 3030 3091 3090 Emil Hillberg som professor Bernhardi
2307 3084 3094 3147 ha vi aldrig sett. Just precis den slags
2309 3128 3093 3191 man han skall vara, en högt bildad ve¬
2313 3174 3085 3229 tenskapsidkare, en öm och vis läkare, en
3097 3185 3179 3246 ge
2314 3223 3098 3298 skarp och mättfull debattör, en kvick och
3098 3259 3178 3326 N
2314 3269 3088 3332 raken replikör, och detta i en rasfin
2313 3320 3079 3375 semits nobla skickelse. Inte överdrivet
3098 3316 3179 3392 D
2319 3370 3091 3427 svart eller kroknäst, nej en kastanjebrun
2311 3416 3092 3478 jude, un silverstänkt av ären. Hillbergs
2308 3469 3088 3534 stämma, alltid vacker och med makt, var,
2324 3513 3092 3582 i allt vad Bernhardi hade att säga, här
2297 3559 3120 3611 jeärskilt pa sin plats, en kultiverad stäm¬
2309 3597 3104 3681 ma, luguad genom den behärskning, som
2318 3650 3095 3711 erfarenneten tvingar till, och blidare ge¬
2308 3676 3142 3777 nom den mildhet, som förstäendet app¬
2310 3747 2464 3815 acker.
2334 3785 3104 3871 Lat mig üven berätta att Bernhardi
2313 3845 3093 3909 ur en jatterell. 1 heia 5 akter domine¬
2322 3893 3101 3954 rade denna gestalt scenen. Den visade
2315 3933 3099 4006 säledes även genom sin längd ett stort
2312 3984 2490 4049 studium.
2338 4013 3096 4107 Vad pjäsen handlar om? Om antisemi¬
2310 4084 3085 4145 tiemen 1 österrike, om striden meilan
2302 4136 3087 4165 P1IWI Dulas Sob 1he„
