3392 4352
1574 246 2051 340 box 30/4
226 258 1456 347 25. Professor Bernhardi
1460 1745 3307 1816 zwei Monaten Kerker, folgt Parteinahme für deutet. Oh, im Laufe dieser Unterredung ha
426 1607 736 1860 19
724 1782 2426 1852 Peutlietotr“#eund wider den Helden und wird zugleich das
2424 1790 3302 1859 Sie mir genugsam Beweise gegeben, da
1447 1835 3311 1900 ganze Spiel österreichischer Rassenpolitik auf=sich so verhält. Und nun weiß ich auch,
1453 1867 1652 1939 geführt.
2407 1883 3302 1937 gerade so wie heute auch damals schon
680 1858 1427 1959 Städttheater in bern #/
1489 1911 3311 1976 Der Arzt Schnitzler hat das Milieu be= Ihrer ganzen Haltung, aus jedem Ihrer W
450 1923 1461 2022 SSchnikler-Professor Bernhardi“
1447 1957 3311 2015 stimmt, der Jude Schnitzler die Rasse, der mir doch nur jene Feindseligkeit entge
508 1989 1463 2068 St. In deser Wiener Komödie ist das
1461 1998 3315 2071 Dramatiker die überlegene Technik, de. Iro=klang, jene unbezwinglich tiefe, die Mä##
474 2052 1461 2111 Menschliche und Allzumenschliche Alles. Was
1464 2044 2420 2112 niker die Farben gemischt. Der Dichter
2421 2053 3323 2128 Ihrer Art gegen meinesgleichen nun ein
484 2084 1467 2143 das Problem als solches zu bieten schien, das
1451 2082 2428 2146 wagt sich nur einmal ganz hervor, in der
2427 2079 2997 2162 nicht überwinden können.
484 2127 1471 2194 gät der Dichter Arthur Schnitzler ebenso iro¬
1460 2133 2429 2190 großen Szene des dritten Aktes wo es wie
2443 2133 3307 2218 Bernhardi: Feindseligkeit wiederh#
476 2169 1453 2243 nisch behandelt, wie er seinen Helden, den
1453 2173 2419 2243 Kampf der Weltanschauungen aufflackern möch¬
2420 2172 3175 2242 Sie immer wieder. Und wenn es
480 2217 1453 2282 Arzt und Professor Bernhardi, Dinge und
1452 2215 2424 2286 te, um in Skepsis und Resignation lebenstreu,
2424 2221 3305 2300 Was mir im Laufe dieser letzten Wochen wi
480 2255 1459 2319 Menschen ironisch behandeln läßt. So ist aus
1454 2261 2413 2321 aber nicht darüber hinausweisend, zu enden.
2414 2276 3299 2330 fuhr, diese ganze Hetze gegen mich, die Si
474 2301 1460 2355 diesem Stück, das leicht ein Thesenstück, viel¬
1451 2305 2427 2369 Diese Szene, in der es wie aus einem unge¬
2418 2325 3306 2381 selbst als verlogen und unwürdig empfin
465 2335 1459 2408 leicht auch eine große Tragödie der Welt¬
1463 2346 2425 2409 schrieben gebliebenen Stücke tönt, sei fest ge¬
2411 2363 3300 2428 könnte die nicht noch nachträglich rechtferti
475 2391 1458 2444 anschauungen hätte werden können, eine fein¬
1452 2392 2411 2465 halten. (Das Stück ist bei S. Fischer in Ber¬
2409 2406 3304 2472 was Sie Feindseligkeit nennen wenn so et
1449 2428 1815 2494 lin erschienen.)
469 2433 1455 2486 zugespitzte Komödie geworden, in der Held
2411 2442 3295 2514 wirklich schon vorher bei mir bestanden h
473 2462 1466 2538 und Raisoneur in einer Person vereinigt
1492 2484 3300 2564 Pfarrer: Der wahre Grund Ihrer Hal=Und ich will nicht leugnen, daß ich, trotz e
470 2507 1446 2580 sind. Ihren Wert gewinnt die Komödie als
1454 2509 2416 2581 tung gegen mich lag nicht in Ihrem Verant¬
2417 2545 3295 2604 angeborenen beinahe ärgerlichen Neigung
487 2567 1449 2630 Ausschnitt des modernen Lebens, als unpathe¬
1441 2565 2417 2621 wortungsgefühl, auch nicht in der edlen Auf¬
2406 2587 3295 2643 Gerechtigkeit im Laufe dieser letzten Wo
473 2610 1453 2673 tische Darstellung von Menschlichkeiten, als
1445 2614 2418 2685 wallung eines Momentes, wie Sie sich viel¬
2415 2625 3303 2703 von einer solchen — Feindseligkeit eine Ahn
472 2647 1445 2717 ironische unsentimentale Spiegelung differen¬
1441 2658 2425 2718 leicht einbilden, wie sogar ich selbst zu glau¬
2407 2672 3295 2733 in mir aufsteigen gefühlt habe — nicht so
461 2684 1451 2761 zierter Menschen. Bernhardi hat einem Prie¬
1449 2703 2418 2769 ben nahe war, sondern er lag viel tiefer, in
2411 2709 3296 2779 gegen Ihre Person, Hochwürden — als ge
465 2738 1445 2797 ster den Zutritt zu einer Kranken verwehrt,
1445 2748 2404 2813 den Wurzeln Ihres Wesens selbst. Jawohl,
2406 2759 3309 2831 die — Gesellschaft, die sich um Sie gesch
457 2774 1443 2836 die an einer Sepsis ahnungslos, mit einem
1446 2792 2394 2844 Herr Professor, der wirkliche Grund war —
2403 2803 3295 2872 hat. Aber das kann ich beschwören, in
456 2819 1446 2891 gesteigerten Bewußtsein, zugrunde geht und
1452 2837 2414 2890 wie soll ich sagen — eine Antipathie gegen
2405 2848 3297 2902 Augenblick, Hochwürden, da ich Ihnen
455 2865 1452 2930 dieser Illusion nicht entrissen werden darf,
1446 2872 1573 2931 mich
1643 2885 2370 2954 eine unbeherrschbare Antipathie —
2400 2886 3302 2942 Eintritt in jenes Krankenzimmer verweige
454 2899 1440 2969 wenn ihr die letzte Wohltat der Euthanasie
1444 2895 2220 2974 vielmehr eine Feindseligkeit.
2407 2932 3291 2983 da war von dieser Feindseligkeit kein H##
462 2950 1463 3021 gesichert bleiben soll. Daraus erwächst eine
1456 2956 2229 3033 1Bernhardi: Feindseligkeit —?
2394 2969 3293 3032 in mir. So reinen Herzens stand ich Ih
462 3003 1477 3070 Anklage wegen Religionsstörung mit allen
1475 3004 3290 3070 Pfarrer: — gegen das, was dieses Ge=dort gegenüber in meiner Eigenschaft als
456 3027 3300 3140 Folgen, Amtsniederlegung, Verurteilung zuwand hier für Sie — und Ihresgleichen be= — wie nur je irgend ein Angehöriger Ih
