<?xml version="1.0" encoding="UTF-8" standalone="yes"?>
<PcGts xmlns="http://schema.primaresearch.org/PAGE/gts/pagecontent/2013-07-15" xmlns:xsi="http://www.w3.org/2001/XMLSchema-instance" xsi:schemaLocation="http://schema.primaresearch.org/PAGE/gts/pagecontent/2013-07-15 http://schema.primaresearch.org/PAGE/gts/pagecontent/2013-07-15/pagecontent.xsd">
    <Metadata>
        <Creator>prov=University of Rostock/Institute of Mathematics/CITlab/Gundram Leifert/gundram.leifert@uni-rostock.de:name=ONB_Newseye_GT_M1+(htr_id=10810)::::v=2.4.2
prov=University of Rostock/Institute of Mathematics/CITlab/Tobias Gruening/tobias.gruening@uni-rostock.de:name=de.uros.citlab.module.baseline2polygon.B2PSeamMultiOriented:v=2.4.2
prov=University of Rostock/Institute of Mathematics/CITlab/Tobias Gruening/tobias.gruening@uni-rostock.de:name=/mnt/transkribus/LA/DEA/URO/LA_news_onb_att.pb:de.uros.citlab.segmentation.CITlab_LA_ML:v=2.4.2
Transkribus</Creator>
        <Created>2019-10-07T11:12:55.866+02:00</Created>
        <LastChange>2019-10-07T23:35:28.546+02:00</LastChange>
        <TranskribusMetadata docId="223963" pageId="9495820" pageNr="246" tsid="16488309" status="IN_PROGRESS" userId="40391" imgUrl="https://files.transkribus.eu/Get?id=UIRIAMJXKNEZCBZGAOPZUDIL&amp;fileType=view" xmlUrl="https://files.transkribus.eu/Get?id=WPMXEXCLIUXAMCTCGZNUWNVS" imageId="6186047"/>
    </Metadata>
    <Page imageFilename="223963_0246.jpeg" imageWidth="3344" imageHeight="4352">
        <ReadingOrder>
            <OrderedGroup id="ro_1711442457803" caption="Regions reading order">
                <RegionRefIndexed index="0" regionRef="r1"/>
            </OrderedGroup>
        </ReadingOrder>
        <TextRegion orientation="0.0" id="r1" custom="readingOrder {index:0;}">
            <Coords points="155,215 155,3550 3339,3550 3339,215"/>
            <TextLine id="r1l1" custom="readingOrder {index:0;}">
                <Coords points="737,248 752,246 754,249 789,250 801,244 808,249 823,250 825,208 808,210 796,204 793,207 786,199 771,203 764,200 759,205 757,202 740,201"/>
                <Baseline points="750,241 781,243 812,244"/>
                <TextEquiv>
                    <Unicode>S</Unicode>
                </TextEquiv>
            </TextLine>
            <TextLine id="r1l2" custom="readingOrder {index:1;}">
                <Coords points="985,249 1039,253 1056,248 1080,255 1110,250 1109,196 1087,197 1063,182 1041,182 1036,187 1016,185 1000,200 985,197"/>
                <Baseline points="998,244 1023,243 1048,242 1073,242 1098,244"/>
                <TextEquiv>
                    <Unicode>Be</Unicode>
                </TextEquiv>
            </TextLine>
            <TextLine id="r1l3" custom="readingOrder {index:2;}">
                <Coords points="1634,261 1676,266 1697,286 1790,286 1837,257 2024,286 2071,257 2095,260 2095,218 2008,199 1920,213 1878,203 1854,225 1676,198 1634,210"/>
                <Baseline points="1647,256 1672,256 1698,256 1723,256 1749,257 1775,257 1800,257 1826,258 1852,258 1877,258 1903,258 1929,258 1954,258 1980,258 2006,258 2031,257 2057,257 2083,255"/>
                <TextEquiv>
                    <Unicode>box 30//3</Unicode>
                </TextEquiv>
            </TextLine>
            <TextLine id="r1l4" custom="readingOrder {index:3;}">
                <Coords points="262,260 1337,297 1518,287 1520,233 1171,198 1012,248 889,191 782,242 686,186 263,199"/>
                <Baseline points="276,235 337,240 399,244 460,247 522,251 583,254 645,256 706,258 768,259 829,261 891,262 953,263 1014,264 1076,265 1137,265 1199,266 1260,267 1322,268 1383,269 1445,271 1507,272"/>
                <TextEquiv>
                    <Unicode>25 ProfEnhandi</Unicode>
                </TextEquiv>
            </TextLine>
            <TextLine id="r1l5" custom="readingOrder {index:4;}">
                <Coords points="2094,913 2106,913 2123,923 2133,916 2196,923 2214,909 2233,911 2233,862 2214,862 2199,872 2187,862 2165,867 2128,854 2114,862 2094,862"/>
                <Baseline points="2106,913 2134,914 2163,913 2191,913 2220,915"/>
                <TextEquiv>
                    <Unicode>Duantr</Unicode>
                </TextEquiv>
            </TextLine>
            <TextLine id="r1l6" custom="readingOrder {index:5;}">
                <Coords points="2905,941 2920,940 2944,960 2959,943 2972,942 2967,896 2955,897 2934,880 2921,881 2915,887 2900,888"/>
                <Baseline points="2917,939 2959,935"/>
                <TextEquiv>
                    <Unicode>3</Unicode>
                </TextEquiv>
            </TextLine>
            <TextLine id="r1l7" custom="readingOrder {index:6;}">
                <Coords points="171,950 202,945 239,948 249,941 273,953 298,946 329,948 330,887 308,885 291,895 276,892 271,897 256,885 237,885 208,897 195,887 171,892"/>
                <Baseline points="183,939 209,939 236,939 263,939 290,940 317,939"/>
                <TextEquiv>
                    <Unicode>in für</Unicode>
                </TextEquiv>
            </TextLine>
            <TextLine id="r1l8" custom="readingOrder {index:7;}">
                <Coords points="341,950 1159,949 1215,974 1327,953 1328,894 342,891"/>
                <Baseline points="354,942 402,943 450,943 498,943 546,944 594,944 642,944 690,945 738,945 786,946 834,946 882,946 930,947 978,947 1026,947 1074,948 1122,948 1170,949 1218,949 1266,950 1315,950"/>
                <TextEquiv>
                    <Unicode>Konfessionsloser. Von auswärts wurden 12 Leichen</Unicode>
                </TextEquiv>
            </TextLine>
            <TextLine id="r1l9" custom="readingOrder {index:8;}">
                <Coords points="1349,949 2203,967 2330,956 2331,893 2199,923 1350,893"/>
                <Baseline points="1361,948 1408,947 1456,946 1504,946 1552,946 1600,946 1648,947 1696,947 1744,948 1792,949 1840,950 1887,951 1935,952 1983,953 2031,953 2079,954 2127,954 2175,954 2223,954 2271,953 2319,952"/>
                <TextEquiv>
                    <Unicode>München und vom Bahnhof aus von der Sanitäts¬</Unicode>
                </TextEquiv>
            </TextLine>
            <TextLine id="r1l10" custom="readingOrder {index:9;}">
                <Coords points="2400,953 2476,977 2527,958 2715,973 2759,951 2801,973 2920,970 2920,895 2840,897 2784,926 2747,897 2501,914 2400,894"/>
                <Baseline points="2413,953 2439,955 2465,956 2491,957 2517,958 2543,958 2569,958 2595,958 2621,958 2647,958 2673,957 2699,957 2725,956 2751,956 2777,956 2803,956 2829,956 2855,957 2881,957 2907,958"/>
                <TextEquiv>
                    <Unicode>Obrreglfing, 8. Febr.</Unicode>
                </TextEquiv>
            </TextLine>
            <TextLine id="r1l11" custom="readingOrder {index:10;}">
                <Coords points="2949,953 3063,977 3165,968 3209,984 3243,970 3280,978 3331,965 3332,939 3167,929 3121,912 3001,926 2981,940 2949,934"/>
                <Baseline points="2960,955 2985,958 3011,960 3037,963 3062,964 3088,966 3114,968 3140,969 3165,970 3191,970 3217,970 3242,969 3268,969 3294,967 3320,965"/>
                <TextEquiv>
                    <Unicode>uszeichnung.</Unicode>
                </TextEquiv>
            </TextLine>
            <TextLine id="r1l12" custom="readingOrder {index:11;}">
                <Coords points="157,1006 172,1006 192,986 236,979 243,984 250,979 265,992 304,989 318,1002 331,1002 331,948 272,953 245,943 228,950 219,945 158,950"/>
                <Baseline points="169,979 198,978 228,978 258,978 288,978 318,980"/>
                <TextEquiv>
                    <Unicode>iale des</Unicode>
                </TextEquiv>
            </TextLine>
            <TextLine id="r1l13" custom="readingOrder {index:12;}">
                <Coords points="351,986 1325,993 1325,954 1272,951 352,947"/>
                <Baseline points="364,982 411,982 458,983 506,984 553,985 601,985 648,986 695,986 743,987 790,987 838,988 885,988 932,988 980,989 1027,989 1075,989 1122,989 1169,989 1217,989 1264,988 1312,988"/>
                <TextEquiv>
                    <Unicode>nach München zur Einäscherung verbracht. An</Unicode>
                </TextEquiv>
            </TextLine>
            <TextLine id="r1l14" custom="readingOrder {index:13;}">
                <Coords points="1342,987 2264,1006 2320,992 2321,955 1342,945"/>
                <Baseline points="1355,985 1402,985 1450,985 1497,986 1545,986 1593,987 1640,987 1688,988 1736,988 1783,989 1831,989 1879,990 1926,990 1974,991 2022,991 2069,992 2117,992 2165,993 2212,993 2260,993 2308,993"/>
                <TextEquiv>
                    <Unicode>kolonne in die chirurgische Klinik verbracht. — In</Unicode>
                </TextEquiv>
            </TextLine>
            <TextLine id="r1l15" custom="readingOrder {index:14;}">
                <Coords points="2337,991 3332,1021 3333,965 2474,976 2337,938"/>
                <Baseline points="2349,994 2397,996 2446,997 2494,998 2543,999 2591,1000 2640,1001 2688,1001 2737,1002 2785,1002 2834,1002 2882,1003 2931,1003 2979,1003 3028,1004 3076,1004 3125,1004 3173,1005 3222,1006 3270,1006 3319,1007"/>
                <TextEquiv>
                    <Unicode>Seine Königliche Hoheit der Prinzregent, des</Unicode>
                </TextEquiv>
            </TextLine>
            <TextLine id="r1l16" custom="readingOrder {index:15;}">
                <Coords points="177,1039 192,1038 197,1043 221,1025 231,1030 238,1022 248,1029 280,1026 292,1030 299,1022 311,1029 333,1024 332,990 278,989 239,981 176,988"/>
                <Baseline points="189,1019 215,1019 241,1018 268,1017 294,1016 321,1015"/>
                <TextEquiv>
                    <Unicode>Pfarr¬</Unicode>
                </TextEquiv>
            </TextLine>
            <TextLine id="r1l17" custom="readingOrder {index:16;}">
                <Coords points="349,1023 1250,1048 1325,1032 1326,1003 350,987"/>
                <Baseline points="362,1019 409,1020 457,1022 504,1023 552,1025 599,1026 647,1027 694,1027 742,1028 789,1028 837,1028 884,1029 932,1029 979,1029 1027,1029 1074,1029 1122,1029 1169,1029 1217,1029 1264,1029 1312,1030"/>
                <TextEquiv>
                    <Unicode>Erklärungen und letztwilligen Verfügungen für</Unicode>
                </TextEquiv>
            </TextLine>
            <TextLine id="r1l18" custom="readingOrder {index:17;}">
                <Coords points="1345,1035 2333,1030 2333,1003 2170,987 1345,989"/>
                <Baseline points="1358,1023 1406,1024 1454,1025 1502,1026 1550,1027 1598,1028 1646,1029 1694,1029 1742,1030 1790,1031 1839,1032 1887,1032 1935,1033 1983,1033 2031,1033 2079,1033 2127,1033 2175,1033 2223,1032 2271,1031 2320,1031"/>
                <TextEquiv>
                    <Unicode>der Mühldorferstraße geriet heute ein Fuhrmann</Unicode>
                </TextEquiv>
            </TextLine>
            <TextLine id="r1l19" custom="readingOrder {index:18;}">
                <Coords points="2343,1040 3250,1055 3329,1020 2343,1003"/>
                <Baseline points="2355,1037 2403,1037 2451,1037 2499,1037 2547,1037 2595,1037 2643,1038 2691,1039 2739,1039 2787,1040 2836,1041 2884,1042 2932,1043 2980,1044 3028,1045 3076,1045 3124,1045 3172,1046 3220,1045 3268,1045 3317,1044"/>
                <TextEquiv>
                    <Unicode>Königreichs Bayern Verweser, haben am 22. Ja¬</Unicode>
                </TextEquiv>
            </TextLine>
            <TextLine id="r1l20" custom="readingOrder {index:19;}">
                <Coords points="195,1062 209,1059 227,1064 231,1059 241,1066 256,1061 266,1071 280,1063 310,1070 319,1060 336,1060 336,1036 319,1036 307,1024 302,1029 270,1029 265,1024 248,1029 238,1022 231,1030 224,1025 207,1040 195,1040"/>
                <Baseline points="207,1061 236,1061 265,1061 294,1061 323,1059"/>
                <TextEquiv>
                    <Unicode>einen</Unicode>
                </TextEquiv>
            </TextLine>
            <TextLine id="r1l21" custom="readingOrder {index:20;}">
                <Coords points="345,1060 720,1089 801,1060 1311,1069 1311,1030 1225,1025 345,1026"/>
                <Baseline points="357,1061 404,1062 451,1062 498,1063 545,1064 592,1065 639,1066 686,1067 733,1068 780,1069 827,1070 874,1071 921,1071 968,1071 1015,1071 1062,1070 1109,1069 1156,1067 1203,1065 1250,1062 1298,1058"/>
                <TextEquiv>
                    <Unicode>Feuerbestattung sind bei der Friedhofinspeltion 177</Unicode>
                </TextEquiv>
            </TextLine>
            <TextLine id="r1l22" custom="readingOrder {index:21;}">
                <Coords points="1334,1066 2257,1078 2327,1066 2328,1034 1335,1025"/>
                <Baseline points="1347,1064 1395,1065 1443,1065 1492,1066 1540,1067 1589,1068 1637,1069 1686,1069 1734,1070 1783,1071 1831,1072 1879,1072 1928,1073 1976,1073 2025,1073 2073,1073 2122,1072 2170,1072 2219,1071 2267,1069 2316,1068"/>
                <TextEquiv>
                    <Unicode>unter die Räder seines Fuhrwerkes. Der Verun¬</Unicode>
                </TextEquiv>
            </TextLine>
            <TextLine id="r1l23" custom="readingOrder {index:22;}">
                <Coords points="2348,1086 3107,1090 3106,1046 3062,1039 2348,1042"/>
                <Baseline points="2359,1080 2395,1082 2432,1084 2469,1085 2506,1085 2542,1086 2579,1086 2616,1085 2653,1085 2689,1085 2726,1084 2763,1083 2800,1082 2836,1082 2873,1081 2910,1080 2947,1080 2983,1080 3020,1080 3057,1080 3094,1081"/>
                <TextEquiv>
                    <Unicode>Hllar Ll##allergnädigsge</Unicode>
                </TextEquiv>
            </TextLine>
            <TextLine id="r1l24" custom="readingOrder {index:23;}">
                <Coords points="3158,1087 3189,1092 3194,1087 3219,1098 3228,1088 3275,1086 3314,1102 3350,1102 3351,1044 3339,1043 3324,1055 3312,1048 3239,1052 3224,1044 3200,1051 3158,1045"/>
                <Baseline points="3171,1082 3199,1081 3227,1082 3255,1083 3283,1084 3311,1084 3339,1082"/>
                <TextEquiv>
                    <Unicode>Betternen</Unicode>
                </TextEquiv>
            </TextLine>
            <TextLine id="r1l25" custom="readingOrder {index:24;}">
                <Coords points="178,1106 295,1104 312,1116 331,1116 332,1060 319,1060 312,1067 266,1069 258,1062 217,1064 195,1055 178,1055"/>
                <Baseline points="191,1097 216,1096 242,1096 268,1095 294,1096 320,1098"/>
                <TextEquiv>
                    <Unicode>tellte</Unicode>
                </TextEquiv>
            </TextLine>
            <TextLine id="r1l26" custom="readingOrder {index:25;}">
                <Coords points="346,1106 1332,1113 1332,1074 1271,1061 346,1062"/>
                <Baseline points="358,1097 406,1099 454,1101 502,1103 550,1105 598,1107 646,1108 694,1110 742,1111 790,1112 838,1112 886,1113 934,1113 982,1113 1030,1113 1078,1112 1126,1111 1174,1110 1222,1109 1270,1106 1319,1104"/>
                <TextEquiv>
                    <Unicode>hinterlegt worden. Ueber die Hinterlegung wird</Unicode>
                </TextEquiv>
            </TextLine>
            <TextLine id="r1l27" custom="readingOrder {index:26;}">
                <Coords points="1345,1112 2233,1127 2323,1121 2324,1067 1345,1068"/>
                <Baseline points="1357,1108 1404,1107 1452,1107 1500,1107 1547,1107 1595,1108 1643,1109 1690,1110 1738,1111 1786,1112 1834,1113 1881,1115 1929,1116 1977,1116 2024,1117 2072,1117 2120,1116 2167,1115 2215,1112 2263,1110 2311,1106"/>
                <TextEquiv>
                    <Unicode>glückte erlitt bedeutende Quetschwunden und Oner¬</Unicode>
                </TextEquiv>
            </TextLine>
            <TextLine id="r1l28" custom="readingOrder {index:27;}">
                <Coords points="2338,1124 3312,1130 3312,1093 3273,1086 2338,1073"/>
                <Baseline points="2351,1114 2398,1115 2445,1117 2493,1118 2540,1118 2588,1119 2635,1120 2682,1120 2730,1121 2777,1121 2825,1121 2872,1121 2919,1121 2967,1121 3014,1121 3062,1121 3109,1121 3156,1121 3204,1121 3251,1122 3299,1122"/>
                <TextEquiv>
                    <Unicode>rattyias Schretter in Obereglfing für die</Unicode>
                </TextEquiv>
            </TextLine>
            <TextLine id="r1l29" custom="readingOrder {index:28;}">
                <Coords points="171,1149 1335,1161 1336,1107 172,1105"/>
                <Baseline points="184,1135 240,1135 297,1137 354,1138 411,1139 468,1140 525,1142 582,1143 639,1144 696,1146 753,1147 809,1147 866,1148 923,1148 980,1148 1037,1148 1094,1148 1151,1147 1208,1146 1265,1144 1322,1142"/>
                <TextEquiv>
                    <Unicode>ogramm j eine offizielle Bestätigung ausgefertigt. — Es gibt</Unicode>
                </TextEquiv>
            </TextLine>
            <TextLine id="r1l30" custom="readingOrder {index:29;}">
                <Coords points="1349,1151 3316,1163 3234,1115 1350,1110"/>
                <Baseline points="1361,1150 1458,1150 1555,1151 1652,1152 1749,1153 1846,1154 1943,1155 2040,1156 2137,1157 2234,1159 2332,1160 2429,1161 2526,1162 2623,1163 2720,1164 2817,1165 2914,1166 3011,1167 3108,1167 3205,1168 3303,1169"/>
                <TextEquiv>
                    <Unicode>schungen n beidene n derSitenare wllingene Rettung eines</Unicode>
                </TextEquiv>
            </TextLine>
            <TextLine id="r1l31" custom="readingOrder {index:30;}">
                <Coords points="1850,1193 1867,1193 1869,1196 1876,1193 1889,1198 1918,1196 1918,1157 1903,1157 1898,1152 1889,1152 1884,1147 1874,1154 1871,1152 1867,1157 1850,1157"/>
                <Baseline points="1862,1180 1906,1180"/>
                <TextEquiv>
                    <Unicode>Sahen</Unicode>
                </TextEquiv>
            </TextLine>
            <TextLine id="r1l32" custom="readingOrder {index:31;}">
                <Coords points="990,1192 1002,1192 1014,1201 1026,1191 1034,1193 1041,1201 1053,1193 1073,1192 1071,1148 1059,1149 1054,1154 1047,1154 1042,1149 1025,1155 1018,1152 1013,1155 1003,1151 988,1151"/>
                <Baseline points="1002,1184 1031,1180 1060,1182"/>
                <TextEquiv>
                    <Unicode>SEN</Unicode>
                </TextEquiv>
            </TextLine>
            <TextLine id="r1l33" custom="readingOrder {index:32;}">
                <Coords points="2329,1196 2373,1201 2392,1194 2409,1202 2478,1195 2509,1211 2565,1209 2602,1197 2598,1160 2329,1157"/>
                <Baseline points="2341,1187 2368,1186 2396,1186 2423,1186 2451,1187 2478,1188 2506,1189 2533,1189 2561,1189 2589,1187"/>
                <TextEquiv>
                    <Unicode>aineenenamerian</Unicode>
                </TextEquiv>
            </TextLine>
            <TextLine id="r1l34" custom="readingOrder {index:33;}">
                <Coords points="2760,1205 2796,1209 2801,1204 2811,1204 2818,1209 2828,1210 2835,1202 2848,1203 2849,1166 2807,1170 2800,1165 2761,1164"/>
                <Baseline points="2773,1186 2804,1190 2835,1188"/>
                <TextEquiv>
                    <Unicode>DIE</Unicode>
                </TextEquiv>
            </TextLine>
            <TextLine id="r1l35" custom="readingOrder {index:34;}">
                <Coords points="347,1228 1276,1257 1332,1236 1333,1194 347,1194"/>
                <Baseline points="359,1224 407,1226 455,1227 503,1229 551,1230 599,1231 647,1232 695,1233 743,1233 791,1234 839,1234 887,1235 935,1235 983,1235 1031,1235 1079,1235 1127,1235 1175,1235 1223,1235 1271,1235 1320,1235"/>
                <TextEquiv>
                    <Unicode>Wollen, zwischen den sozialen Geboten und den</Unicode>
                </TextEquiv>
            </TextLine>
            <TextLine id="r1l36" custom="readingOrder {index:35;}">
                <Coords points="1343,1239 1824,1248 1944,1222 1983,1250 2319,1255 2320,1206 2254,1196 1344,1193"/>
                <Baseline points="1355,1233 1402,1233 1450,1232 1497,1232 1545,1232 1593,1232 1640,1232 1688,1232 1736,1232 1783,1232 1831,1233 1879,1233 1926,1234 1974,1235 2022,1235 2069,1236 2117,1237 2165,1238 2212,1239 2260,1240 2308,1241"/>
                <TextEquiv>
                    <Unicode>„Professor Bernhardi“ zur Aufführung,</Unicode>
                </TextEquiv>
            </TextLine>
            <TextLine id="r1l37" custom="readingOrder {index:36;}">
                <Coords points="2350,1246 2791,1261 2862,1229 2974,1259 3326,1257 3326,1213 3263,1202 2350,1202"/>
                <Baseline points="2362,1239 2409,1240 2457,1241 2504,1242 2552,1242 2600,1243 2647,1243 2695,1243 2742,1243 2790,1243 2838,1243 2885,1243 2933,1243 2980,1243 3028,1243 3076,1244 3123,1244 3171,1245 3218,1246 3266,1247 3314,1248"/>
                <TextEquiv>
                    <Unicode>Auffassung der „Euphorie“ d. h. der Abwehr jeder</Unicode>
                </TextEquiv>
            </TextLine>
            <TextLine id="r1l38" custom="readingOrder {index:37;}">
                <Coords points="355,1280 455,1265 530,1284 599,1268 637,1288 665,1269 840,1280 841,1238 685,1230 609,1246 534,1228 487,1239 356,1227"/>
                <Baseline points="368,1262 393,1264 419,1265 444,1266 470,1268 495,1268 521,1270 546,1271 572,1271 598,1272 623,1273 649,1273 674,1273 700,1273 725,1273 751,1272 776,1272 802,1271 828,1269"/>
                <TextEquiv>
                    <Unicode>individuellen Interessen.</Unicode>
                </TextEquiv>
            </TextLine>
            <TextLine id="r1l39" custom="readingOrder {index:38;}">
                <Coords points="1345,1273 2167,1292 2323,1283 2324,1235 1345,1239"/>
                <Baseline points="1357,1275 1404,1274 1452,1274 1500,1273 1548,1273 1595,1273 1643,1273 1691,1273 1739,1274 1786,1274 1834,1275 1882,1276 1930,1276 1977,1277 2025,1277 2073,1277 2121,1278 2168,1277 2216,1277 2264,1277 2312,1276"/>
                <TextEquiv>
                    <Unicode>die bei ihrem Erscheinen in Wien, Berlin und an¬</Unicode>
                </TextEquiv>
            </TextLine>
            <TextLine id="r1l40" custom="readingOrder {index:39;}">
                <Coords points="2347,1280 3308,1295 3308,1256 2862,1228 2789,1262 2347,1249"/>
                <Baseline points="2360,1280 2406,1281 2453,1282 2500,1283 2547,1283 2594,1284 2641,1284 2687,1285 2734,1285 2781,1285 2828,1285 2875,1286 2922,1286 2969,1286 3015,1286 3062,1287 3109,1287 3156,1287 3203,1288 3250,1289 3297,1290"/>
                <TextEquiv>
                    <Unicode>Störung einer solchen glücklichen Sterbestimmung,</Unicode>
                </TextEquiv>
            </TextLine>
            <TextLine id="r1l41" custom="readingOrder {index:40;}">
                <Coords points="433,1313 1277,1324 1277,1285 1114,1249 1007,1276 933,1256 906,1280 433,1272"/>
                <Baseline points="446,1303 486,1305 527,1308 568,1309 609,1310 650,1311 691,1311 732,1312 773,1312 814,1312 855,1311 895,1311 936,1311 977,1311 1018,1311 1059,1311 1100,1311 1141,1312 1182,1312 1223,1313 1264,1315"/>
                <TextEquiv>
                    <Unicode>Alle diese Forderungen lassen sich dahin zu</Unicode>
                </TextEquiv>
            </TextLine>
            <TextLine id="r1l42" custom="readingOrder {index:41;}">
                <Coords points="156,1327 198,1326 203,1321 239,1331 246,1324 259,1329 273,1322 295,1334 327,1332 328,1276 308,1273 289,1254 265,1256 255,1265 235,1253 213,1262 201,1257 179,1264 157,1259"/>
                <Baseline points="168,1311 197,1313 226,1313 255,1313 284,1313 314,1315"/>
                <TextEquiv>
                    <Unicode>t S. 7.</Unicode>
                </TextEquiv>
            </TextLine>
            <TextLine id="r1l43" custom="readingOrder {index:42;}">
                <Coords points="1345,1317 2319,1319 2295,1280 1346,1273"/>
                <Baseline points="1357,1314 1404,1313 1451,1313 1499,1313 1546,1312 1594,1312 1641,1312 1689,1312 1736,1312 1784,1313 1831,1313 1878,1313 1926,1314 1973,1314 2021,1314 2068,1315 2116,1316 2163,1316 2211,1316 2258,1317 2306,1317"/>
                <TextEquiv>
                    <Unicode>deren Städten bereits viel erörtert worden ist. Es</Unicode>
                </TextEquiv>
            </TextLine>
            <TextLine id="r1l44" custom="readingOrder {index:43;}">
                <Coords points="2351,1327 3322,1333 3322,1294 2351,1281"/>
                <Baseline points="2364,1319 2411,1320 2458,1321 2506,1321 2553,1322 2600,1322 2648,1323 2695,1323 2742,1324 2790,1324 2837,1324 2884,1325 2932,1325 2979,1325 3026,1326 3074,1326 3121,1326 3168,1327 3216,1327 3263,1327 3311,1328"/>
                <TextEquiv>
                    <Unicode>die richtige sei. Und dieser Eindruck gibt dem Stücke</Unicode>
                </TextEquiv>
            </TextLine>
            <TextLine id="r1l45" custom="readingOrder {index:44;}">
                <Coords points="353,1353 1244,1347 1309,1372 1310,1318 614,1324 354,1294"/>
                <Baseline points="365,1346 411,1345 458,1345 504,1345 551,1345 598,1345 644,1346 691,1347 738,1347 784,1348 831,1349 878,1350 924,1351 971,1351 1018,1352 1064,1352 1111,1352 1158,1352 1204,1352 1251,1351 1298,1350"/>
                <TextEquiv>
                    <Unicode>sammenfassen, daß das Leben uns eine Hei</Unicode>
                </TextEquiv>
            </TextLine>
            <TextLine id="r1l46" custom="readingOrder {index:45;}">
                <Coords points="1350,1356 2323,1360 2304,1316 1350,1315"/>
                <Baseline points="1362,1352 1409,1351 1456,1351 1504,1350 1551,1350 1599,1349 1646,1349 1694,1348 1741,1348 1789,1348 1836,1348 1883,1348 1931,1348 1978,1349 2026,1349 2073,1350 2121,1351 2168,1352 2216,1353 2263,1355 2311,1357"/>
                <TextEquiv>
                    <Unicode>handelt sich da nämlich um nichts Geringeres als</Unicode>
                </TextEquiv>
            </TextLine>
            <TextLine id="r1l47" custom="readingOrder {index:46;}">
                <Coords points="2347,1364 2539,1376 2710,1356 2908,1378 2908,1339 2837,1321 2347,1325"/>
                <Baseline points="2358,1357 2384,1358 2411,1359 2438,1359 2465,1360 2492,1361 2519,1361 2546,1362 2573,1362 2600,1363 2627,1363 2653,1363 2680,1363 2707,1363 2734,1364 2761,1364 2788,1364 2815,1364 2842,1364 2869,1363 2896,1363"/>
                <TextEquiv>
                    <Unicode>eine antichristliche Tendenz,</Unicode>
                </TextEquiv>
            </TextLine>
            <TextLine id="r1l48" custom="readingOrder {index:47;}">
                <Coords points="2916,1381 3009,1360 3031,1374 3067,1367 3092,1379 3119,1368 3163,1380 3184,1363 3199,1377 3319,1363 3318,1331 3111,1334 3091,1322 3072,1335 2916,1332"/>
                <Baseline points="2929,1363 2954,1363 2979,1365 3004,1365 3029,1366 3054,1366 3079,1365 3104,1365 3130,1364 3155,1363 3180,1363 3205,1362 3230,1361 3255,1360 3280,1360 3306,1360"/>
                <TextEquiv>
                    <Unicode>die noch so wohl¬</Unicode>
                </TextEquiv>
            </TextLine>
            <TextLine id="r1l49" custom="readingOrder {index:48;}">
                <Coords points="164,1379 181,1381 200,1372 207,1380 215,1375 224,1380 247,1373 256,1383 290,1379 302,1385 315,1373 335,1371 336,1334 296,1336 272,1323 226,1334 202,1321 197,1326 165,1325"/>
                <Baseline points="176,1369 205,1370 234,1370 263,1371 292,1372 322,1373"/>
                <TextEquiv>
                    <Unicode>tliche</Unicode>
                </TextEquiv>
            </TextLine>
            <TextLine id="r1l50" custom="readingOrder {index:49;}">
                <Coords points="347,1394 1301,1404 1316,1356 347,1353"/>
                <Baseline points="358,1379 405,1381 452,1382 499,1383 547,1384 594,1386 641,1386 688,1387 736,1388 783,1388 830,1389 877,1389 925,1389 972,1389 1019,1390 1066,1390 1114,1390 1161,1390 1208,1390 1255,1390 1303,1390"/>
                <TextEquiv>
                    <Unicode>mat biete: Wir müssen einen Ruhepunkt haben</Unicode>
                </TextEquiv>
            </TextLine>
            <TextLine id="r1l51" custom="readingOrder {index:50;}">
                <Coords points="1348,1392 2277,1405 2316,1401 2317,1359 1348,1356"/>
                <Baseline points="1360,1388 1407,1388 1454,1388 1501,1388 1548,1388 1596,1388 1643,1389 1690,1389 1737,1390 1784,1390 1832,1391 1879,1391 1926,1392 1973,1392 2020,1393 2068,1393 2115,1393 2162,1393 2209,1392 2256,1392 2304,1391"/>
                <TextEquiv>
                    <Unicode>um Weltans.hauungsfragen. Den christlichen Stand¬</Unicode>
                </TextEquiv>
            </TextLine>
            <TextLine id="r1l52" custom="readingOrder {index:51;}">
                <Coords points="2344,1402 3318,1419 3318,1362 2345,1361"/>
                <Baseline points="2356,1397 2403,1397 2450,1397 2498,1397 2545,1398 2593,1398 2640,1398 2688,1399 2735,1399 2783,1400 2830,1400 2877,1401 2925,1401 2972,1402 3020,1402 3067,1403 3115,1403 3162,1404 3210,1404 3257,1404 3305,1404"/>
                <TextEquiv>
                    <Unicode>meinende Erklärungsversuche niemals wegdeuten</Unicode>
                </TextEquiv>
            </TextLine>
            <TextLine id="r1l53" custom="readingOrder {index:52;}">
                <Coords points="154,1415 176,1413 186,1421 230,1413 249,1424 281,1415 293,1423 335,1427 336,1390 311,1392 283,1374 258,1383 242,1370 209,1381 200,1373 180,1375 156,1366"/>
                <Baseline points="167,1406 193,1408 219,1408 245,1409 271,1411 297,1411 324,1413"/>
                <TextEquiv>
                    <Unicode>halten,</Unicode>
                </TextEquiv>
            </TextLine>
            <TextLine id="r1l54" custom="readingOrder {index:53;}">
                <Coords points="355,1428 1316,1431 1275,1394 355,1394"/>
                <Baseline points="366,1418 412,1420 459,1422 506,1423 553,1425 600,1425 647,1426 693,1427 740,1427 787,1427 834,1427 881,1427 928,1427 975,1427 1021,1427 1068,1427 1115,1427 1162,1428 1209,1428 1256,1429 1303,1430"/>
                <TextEquiv>
                    <Unicode>an den wir unsere Gedanken und unsere Lieben</Unicode>
                </TextEquiv>
            </TextLine>
            <TextLine id="r1l55" custom="readingOrder {index:54;}">
                <Coords points="1343,1437 2290,1449 2325,1399 1344,1393"/>
                <Baseline points="1356,1426 1403,1426 1451,1426 1499,1427 1547,1427 1595,1428 1642,1429 1690,1430 1738,1431 1786,1432 1834,1433 1881,1434 1929,1434 1977,1435 2025,1436 2073,1436 2120,1436 2168,1436 2216,1436 2264,1435 2312,1434"/>
                <TextEquiv>
                    <Unicode>punkt gegenüber Schnitzlers Auslassungen präzisiert</Unicode>
                </TextEquiv>
            </TextLine>
            <TextLine id="r1l56" custom="readingOrder {index:55;}">
                <Coords points="2339,1435 3212,1461 3317,1450 3318,1411 2339,1403"/>
                <Baseline points="2351,1435 2398,1436 2446,1437 2494,1437 2542,1438 2589,1439 2637,1439 2685,1440 2733,1440 2780,1440 2828,1441 2876,1441 2924,1441 2971,1442 3019,1442 3067,1442 3115,1442 3162,1442 3210,1442 3258,1443 3306,1443"/>
                <TextEquiv>
                    <Unicode>kkönnen. Dem Seeisorger ist diese materialistische</Unicode>
                </TextEquiv>
            </TextLine>
            <TextLine id="r1l57" custom="readingOrder {index:56;}">
                <Coords points="159,1457 185,1460 205,1453 217,1460 244,1448 266,1448 278,1461 283,1456 325,1453 325,1422 288,1422 278,1414 256,1421 242,1421 232,1414 203,1419 195,1414 159,1414"/>
                <Baseline points="171,1447 199,1446 227,1446 256,1446 284,1447 313,1447"/>
                <TextEquiv>
                    <Unicode>hall in</Unicode>
                </TextEquiv>
            </TextLine>
            <TextLine id="r1l58" custom="readingOrder {index:57;}">
                <Coords points="349,1466 1308,1474 1308,1433 1204,1427 350,1427"/>
                <Baseline points="362,1458 408,1459 455,1460 502,1460 549,1461 595,1462 642,1463 689,1464 736,1465 782,1466 829,1467 876,1467 923,1468 969,1469 1016,1469 1063,1469 1110,1469 1156,1468 1203,1468 1250,1467 1297,1466"/>
                <TextEquiv>
                    <Unicode>hängen können. Heimat ist Friede: wir können</Unicode>
                </TextEquiv>
            </TextLine>
            <TextLine id="r1l59" custom="readingOrder {index:58;}">
                <Coords points="1346,1473 1878,1502 1929,1475 2102,1504 2320,1475 2320,1439 2201,1432 2027,1455 1876,1428 1347,1432"/>
                <Baseline points="1358,1466 1405,1467 1453,1468 1500,1468 1548,1469 1595,1470 1643,1471 1690,1472 1738,1473 1785,1473 1833,1474 1880,1475 1928,1475 1975,1476 2023,1476 2070,1477 2118,1477 2165,1477 2213,1477 2260,1476 2308,1476"/>
                <TextEquiv>
                    <Unicode>trefflich folgender Artikel in der „Köln. Volks¬</Unicode>
                </TextEquiv>
            </TextLine>
            <TextLine id="r1l60" custom="readingOrder {index:59;}">
                <Coords points="2338,1472 3321,1491 3321,1447 2338,1433"/>
                <Baseline points="2351,1479 2398,1478 2446,1477 2494,1477 2542,1477 2590,1478 2638,1478 2685,1479 2733,1480 2781,1480 2829,1481 2877,1482 2925,1483 2973,1483 3020,1484 3068,1484 3116,1483 3164,1483 3212,1482 3260,1480 3308,1479"/>
                <TextEquiv>
                    <Unicode>Auffassung bekannt genug, er begegnet ihr im mo¬</Unicode>
                </TextEquiv>
            </TextLine>
            <TextLine id="r1l61" custom="readingOrder {index:60;}">
                <Coords points="150,1504 172,1495 238,1488 262,1498 291,1493 321,1513 333,1513 333,1454 299,1457 258,1446 240,1454 199,1451 184,1461 167,1453 150,1458"/>
                <Baseline points="163,1487 189,1485 215,1485 241,1485 267,1485 293,1486 320,1488"/>
                <TextEquiv>
                    <Unicode>es das</Unicode>
                </TextEquiv>
            </TextLine>
            <TextLine id="r1l62" custom="readingOrder {index:61;}">
                <Coords points="345,1510 1309,1511 1309,1474 1168,1463 1136,1485 345,1466"/>
                <Baseline points="358,1497 405,1499 452,1500 499,1501 546,1502 593,1503 640,1504 687,1504 734,1505 781,1506 828,1506 875,1507 922,1507 969,1507 1016,1507 1063,1506 1110,1506 1157,1505 1204,1504 1251,1503 1298,1501"/>
                <TextEquiv>
                    <Unicode>uns nicht heimisch fühlen im Dunkel des Zweifels</Unicode>
                </TextEquiv>
            </TextLine>
            <TextLine id="r1l63" custom="readingOrder {index:62;}">
                <Coords points="1350,1529 1386,1531 1401,1521 1455,1531 1508,1513 1523,1525 1564,1529 1564,1473 1517,1474 1503,1459 1491,1472 1420,1477 1393,1470 1386,1478 1349,1473"/>
                <Baseline points="1361,1509 1388,1506 1415,1504 1442,1504 1469,1504 1496,1504 1523,1505 1551,1505"/>
                <TextEquiv>
                    <Unicode>zeitung“:</Unicode>
                </TextEquiv>
            </TextLine>
            <TextLine id="r1l64" custom="readingOrder {index:63;}">
                <Coords points="2343,1512 3324,1520 3324,1491 3146,1475 2961,1504 2343,1480"/>
                <Baseline points="2355,1514 2402,1515 2450,1515 2498,1516 2546,1516 2594,1517 2642,1518 2689,1519 2737,1520 2785,1520 2833,1521 2881,1522 2929,1522 2977,1522 3024,1522 3072,1522 3120,1521 3168,1521 3216,1519 3264,1518 3312,1516"/>
                <TextEquiv>
                    <Unicode>dernen Leben leider nur zu oft. Es ist eine Auf¬</Unicode>
                </TextEquiv>
            </TextLine>
            <TextLine id="r1l65" custom="readingOrder {index:64;}">
                <Coords points="176,1526 200,1525 218,1537 239,1529 252,1536 323,1531 321,1490 270,1499 226,1488 175,1496"/>
                <Baseline points="189,1527 219,1525 250,1524 280,1524 311,1523"/>
                <TextEquiv>
                    <Unicode>abend</Unicode>
                </TextEquiv>
            </TextLine>
            <TextLine id="r1l66" custom="readingOrder {index:65;}">
                <Coords points="353,1544 1124,1562 1261,1537 1146,1506 353,1503"/>
                <Baseline points="366,1535 410,1537 454,1538 498,1540 542,1541 586,1542 630,1543 675,1544 719,1545 763,1545 807,1546 851,1546 895,1546 939,1547 984,1547 1028,1547 1072,1547 1116,1548 1160,1548 1204,1548 1249,1549"/>
                <TextEquiv>
                    <Unicode>über den Ausgang unseres Lebens. Heimat</Unicode>
                </TextEquiv>
            </TextLine>
            <TextLine id="r1l67" custom="readingOrder {index:66;}">
                <Coords points="2346,1561 3266,1572 3317,1558 3318,1517 2346,1517"/>
                <Baseline points="2359,1556 2406,1556 2453,1555 2500,1556 2548,1556 2595,1556 2642,1557 2689,1557 2737,1558 2784,1558 2831,1559 2878,1560 2926,1560 2973,1561 3020,1561 3067,1561 3115,1561 3162,1561 3209,1561 3256,1560 3304,1559"/>
                <TextEquiv>
                    <Unicode>fassung, die in gewissen ärztlichen Kreisen stark</Unicode>
                </TextEquiv>
            </TextLine>
            <TextLine id="r1l68" custom="readingOrder {index:67;}">
                <Coords points="165,1575 198,1580 214,1568 224,1577 244,1578 260,1571 281,1577 290,1571 302,1575 312,1569 320,1576 334,1572 330,1524 308,1523 294,1534 252,1535 237,1529 213,1537 200,1525 162,1539"/>
                <Baseline points="176,1566 204,1564 233,1562 262,1560 291,1557 320,1552"/>
                <TextEquiv>
                    <Unicode>Hofes“</Unicode>
                </TextEquiv>
            </TextLine>
            <TextLine id="r1l69" custom="readingOrder {index:68;}">
                <Coords points="1417,1578 2317,1598 2317,1547 2288,1537 1417,1529"/>
                <Baseline points="1430,1573 1473,1574 1517,1575 1561,1576 1604,1577 1648,1579 1692,1579 1735,1580 1779,1581 1823,1582 1867,1583 1910,1583 1954,1584 1998,1584 2041,1584 2085,1584 2129,1584 2172,1584 2216,1583 2260,1582 2304,1581"/>
                <TextEquiv>
                    <Unicode>Um ein Storbebett geht die Handlung in der</Unicode>
                </TextEquiv>
            </TextLine>
            <TextLine id="r1l70" custom="readingOrder {index:69;}">
                <Coords points="347,1592 1311,1597 1311,1546 1251,1538 348,1543"/>
                <Baseline points="360,1577 406,1578 453,1578 500,1579 547,1580 594,1581 641,1582 688,1583 735,1583 782,1584 829,1585 875,1586 922,1586 969,1587 1016,1587 1063,1587 1110,1587 1157,1587 1204,1586 1251,1585 1298,1583"/>
                <TextEquiv>
                    <Unicode>Zukunft und Hoffnung, die uns lockt und begeistert</Unicode>
                </TextEquiv>
            </TextLine>
            <TextLine id="r1l71" custom="readingOrder {index:70;}">
                <Coords points="2332,1600 3323,1613 3299,1561 2332,1568"/>
                <Baseline points="2345,1597 2393,1596 2441,1595 2489,1595 2538,1595 2586,1596 2634,1596 2682,1597 2731,1597 2779,1598 2827,1599 2875,1600 2924,1601 2972,1602 3020,1602 3068,1602 3117,1602 3165,1602 3213,1601 3261,1600 3310,1598"/>
                <TextEquiv>
                    <Unicode>Füberhand genommen hat. Man trifft sie namentlich</Unicode>
                </TextEquiv>
            </TextLine>
            <TextLine id="r1l72" custom="readingOrder {index:71;}">
                <Coords points="186,1612 218,1619 226,1614 250,1616 260,1609 291,1608 301,1618 313,1611 326,1611 325,1579 313,1579 306,1572 298,1574 281,1567 259,1570 255,1575 250,1572 245,1577 223,1577 211,1568 201,1577 186,1577"/>
                <Baseline points="199,1603 227,1602 256,1601 284,1601 313,1603"/>
                <TextEquiv>
                    <Unicode>deren</Unicode>
                </TextEquiv>
            </TextLine>
            <TextLine id="r1l73" custom="readingOrder {index:72;}">
                <Coords points="1332,1619 2091,1642 2316,1620 2219,1580 1333,1575"/>
                <Baseline points="1344,1612 1394,1613 1444,1615 1495,1616 1545,1617 1596,1619 1646,1621 1697,1622 1747,1624 1798,1625 1848,1626 1899,1627 1949,1628 2000,1628 2050,1628 2101,1627 2151,1627 2202,1624 2252,1623 2303,1619"/>
                <TextEquiv>
                    <Unicode>Komödie „Professor Bernhardi“ von Arthur Schnitz¬</Unicode>
                </TextEquiv>
            </TextLine>
            <TextLine id="r1l74" custom="readingOrder {index:73;}">
                <Coords points="347,1629 1318,1636 1318,1597 1257,1589 347,1585"/>
                <Baseline points="360,1621 407,1620 454,1619 501,1619 549,1620 596,1620 643,1621 691,1622 738,1623 785,1624 833,1625 880,1626 927,1627 974,1628 1022,1628 1069,1629 1116,1628 1164,1628 1211,1627 1258,1625 1306,1623"/>
                <TextEquiv>
                    <Unicode>zu immer neuer Unternehmungslust. Ferne Glocken</Unicode>
                </TextEquiv>
            </TextLine>
            <TextLine id="r1l75" custom="readingOrder {index:74;}">
                <Coords points="2330,1638 3316,1653 3299,1606 2330,1604"/>
                <Baseline points="2343,1635 2391,1634 2439,1634 2487,1634 2535,1635 2583,1635 2631,1635 2679,1636 2727,1636 2775,1637 2823,1637 2871,1638 2919,1639 2967,1639 3015,1639 3063,1640 3111,1640 3159,1640 3207,1640 3255,1639 3303,1639"/>
                <TextEquiv>
                    <Unicode>Aviel in Kurorten; noch vor kurzer Zeit wurden</Unicode>
                </TextEquiv>
            </TextLine>
            <TextLine id="r1l76" custom="readingOrder {index:75;}">
                <Coords points="341,1654 565,1657 594,1681 738,1656 1026,1675 1063,1651 1063,1631 1024,1626 775,1642 668,1619 558,1639 341,1622"/>
                <Baseline points="354,1656 388,1656 423,1657 458,1658 493,1659 528,1659 563,1660 597,1661 632,1661 667,1662 702,1662 737,1663 772,1663 807,1664 841,1664 876,1664 911,1664 946,1664 981,1664 1016,1664 1051,1663"/>
                <TextEquiv>
                    <Unicode>tönen in gewissen Stunden aus</Unicode>
                </TextEquiv>
            </TextLine>
            <TextLine id="r1l77" custom="readingOrder {index:76;}">
                <Coords points="1053,1673 1109,1665 1124,1680 1165,1667 1209,1684 1236,1667 1263,1677 1285,1667 1292,1674 1316,1664 1316,1635 1221,1628 1194,1635 1170,1626 1148,1645 1123,1633 1092,1638 1077,1626 1053,1638"/>
                <Baseline points="1066,1660 1092,1665 1118,1667 1145,1667 1171,1667 1198,1666 1224,1664 1251,1663 1277,1664 1304,1666"/>
                <TextEquiv>
                    <Unicode>den Heimats</Unicode>
                </TextEquiv>
            </TextLine>
            <TextLine id="r1l78" custom="readingOrder {index:77;}">
                <Coords points="1345,1666 2314,1667 2314,1625 1345,1622"/>
                <Baseline points="1358,1655 1405,1657 1452,1658 1499,1660 1546,1662 1594,1663 1641,1664 1688,1665 1735,1667 1782,1667 1830,1668 1877,1668 1924,1669 1971,1669 2018,1668 2066,1668 2113,1667 2160,1666 2207,1665 2254,1663 2302,1661"/>
                <TextEquiv>
                    <Unicode>ler. Tendenzstück oder Problemstellung, wer will's</Unicode>
                </TextEquiv>
            </TextLine>
            <TextLine id="r1l79" custom="readingOrder {index:78;}">
                <Coords points="2326,1690 3275,1689 3271,1647 2326,1639"/>
                <Baseline points="2339,1675 2385,1675 2431,1674 2477,1674 2524,1674 2570,1674 2616,1675 2662,1675 2709,1675 2755,1676 2801,1676 2847,1677 2894,1677 2940,1678 2986,1678 3032,1679 3079,1679 3125,1679 3171,1679 3217,1679 3264,1679"/>
                <TextEquiv>
                    <Unicode>fmehrere Fälle von der Riviera berichtet, wo e</Unicode>
                </TextEquiv>
            </TextLine>
            <TextLine id="r1l80" custom="readingOrder {index:79;}">
                <Coords points="162,1696 181,1699 216,1685 225,1690 242,1685 320,1697 322,1626 305,1626 265,1657 253,1647 241,1656 163,1648"/>
                <Baseline points="175,1682 201,1680 228,1680 255,1681 282,1682 309,1683"/>
                <TextEquiv>
                    <Unicode>inrich</Unicode>
                </TextEquiv>
            </TextLine>
            <TextLine id="r1l81" custom="readingOrder {index:80;}">
                <Coords points="342,1708 908,1715 949,1690 971,1713 1166,1716 1222,1710 1223,1673 737,1657 591,1681 562,1656 342,1654"/>
                <Baseline points="354,1697 396,1697 439,1697 482,1698 525,1698 568,1698 610,1699 653,1699 696,1700 739,1700 782,1701 824,1701 867,1701 910,1702 953,1702 996,1702 1038,1702 1081,1702 1124,1702 1167,1702 1210,1702"/>
                <TextEquiv>
                    <Unicode>unserer Seeie herüber. Diese Glockenklänge</Unicode>
                </TextEquiv>
            </TextLine>
            <TextLine id="r1l82" custom="readingOrder {index:81;}">
                <Coords points="1338,1707 2311,1717 2312,1666 1338,1658"/>
                <Baseline points="1351,1695 1398,1696 1445,1697 1493,1698 1540,1700 1588,1701 1635,1702 1682,1703 1730,1703 1777,1704 1825,1705 1872,1706 1919,1706 1967,1706 2014,1706 2062,1706 2109,1705 2156,1705 2204,1703 2251,1702 2299,1700"/>
                <TextEquiv>
                    <Unicode>entscheiden! Vornehmer klingt ja das letztere, wenn</Unicode>
                </TextEquiv>
            </TextLine>
            <TextLine id="r1l83" custom="readingOrder {index:82;}">
                <Coords points="2326,1734 2544,1711 3317,1737 3317,1683 3242,1675 2327,1680"/>
                <Baseline points="2339,1718 2387,1716 2435,1715 2483,1715 2532,1715 2580,1715 2628,1715 2676,1716 2725,1717 2773,1718 2821,1719 2869,1720 2918,1721 2966,1722 3014,1722 3062,1723 3111,1722 3159,1722 3207,1721 3255,1719 3304,1717"/>
                <TextEquiv>
                    <Unicode>#gleichfalls hieß: dem Kranken muß sein Zustand</Unicode>
                </TextEquiv>
            </TextLine>
            <TextLine id="r1l84" custom="readingOrder {index:83;}">
                <Coords points="184,1731 201,1728 224,1739 243,1728 263,1740 284,1731 304,1738 331,1737 329,1690 307,1689 290,1697 270,1686 258,1691 245,1682 234,1690 216,1685 182,1694"/>
                <Baseline points="195,1727 226,1726 257,1724 288,1722 319,1723"/>
                <TextEquiv>
                    <Unicode>füllte</Unicode>
                </TextEquiv>
            </TextLine>
            <TextLine id="r1l85" custom="readingOrder {index:84;}">
                <Coords points="344,1750 1032,1739 1156,1764 1313,1753 1313,1700 344,1706"/>
                <Baseline points="357,1735 404,1736 451,1736 498,1737 545,1737 592,1738 639,1739 687,1740 734,1741 781,1742 828,1743 875,1743 922,1744 969,1744 1017,1744 1064,1744 1111,1744 1158,1743 1205,1742 1252,1741 1300,1739"/>
                <TextEquiv>
                    <Unicode>nichts anderes als unser gewaltiger Zukunftswille</Unicode>
                </TextEquiv>
            </TextLine>
            <TextLine id="r1l86" custom="readingOrder {index:85;}">
                <Coords points="1336,1745 2312,1744 2312,1712 2271,1707 1336,1694"/>
                <Baseline points="1349,1736 1396,1737 1444,1738 1491,1739 1539,1740 1586,1741 1634,1742 1681,1743 1729,1744 1776,1745 1824,1746 1872,1747 1919,1747 1967,1748 2014,1748 2062,1747 2109,1747 2157,1746 2204,1744 2252,1743 2300,1741"/>
                <TextEquiv>
                    <Unicode>auch die Lösung des Problems auf Tendenz hinaus¬</Unicode>
                </TextEquiv>
            </TextLine>
            <TextLine id="r1l87" custom="readingOrder {index:86;}">
                <Coords points="2333,1755 3316,1760 3290,1726 2333,1723"/>
                <Baseline points="2345,1755 2395,1755 2445,1755 2496,1755 2546,1755 2597,1756 2647,1756 2698,1756 2748,1757 2799,1757 2849,1757 2900,1758 2950,1758 3001,1758 3051,1759 3102,1759 3152,1759 3203,1759 3253,1759 3304,1759"/>
                <TextEquiv>
                    <Unicode>verheimlicht werden, laßt ihn das Leben bis zur</Unicode>
                </TextEquiv>
            </TextLine>
            <TextLine id="r1l88" custom="readingOrder {index:87;}">
                <Coords points="158,1767 185,1774 192,1767 209,1772 234,1762 246,1775 268,1775 280,1767 297,1780 334,1773 334,1731 265,1738 251,1728 214,1733 190,1709 158,1713"/>
                <Baseline points="170,1763 195,1762 220,1762 245,1762 270,1762 295,1762 321,1764"/>
                <TextEquiv>
                    <Unicode>hte den</Unicode>
                </TextEquiv>
            </TextLine>
            <TextLine id="r1l89" custom="readingOrder {index:88;}">
                <Coords points="351,1778 1310,1794 1310,1755 1242,1746 351,1739"/>
                <Baseline points="362,1774 408,1774 455,1775 502,1775 549,1776 595,1776 642,1777 689,1778 736,1779 782,1780 829,1780 876,1781 923,1782 969,1782 1016,1783 1063,1783 1110,1783 1156,1783 1203,1783 1250,1782 1297,1782"/>
                <TextEquiv>
                    <Unicode>unser Drang zum Ewigen und Unendlichen. Diesem</Unicode>
                </TextEquiv>
            </TextLine>
            <TextLine id="r1l90" custom="readingOrder {index:89;}">
                <Coords points="1348,1779 2319,1797 2295,1741 1349,1747"/>
                <Baseline points="1360,1778 1407,1778 1454,1779 1502,1779 1549,1780 1596,1780 1644,1781 1691,1782 1738,1783 1786,1784 1833,1784 1880,1785 1928,1786 1975,1786 2022,1786 2070,1786 2117,1786 2164,1786 2212,1785 2259,1784 2307,1783"/>
                <TextEquiv>
                    <Unicode>gehen muß. Ein gefallenes Mädchen liegt kodkrank</Unicode>
                </TextEquiv>
            </TextLine>
            <TextLine id="r1l91" custom="readingOrder {index:90;}">
                <Coords points="2333,1794 2657,1790 2714,1817 2748,1791 2821,1815 3014,1789 3306,1819 3307,1770 2333,1755"/>
                <Baseline points="2345,1797 2392,1796 2440,1795 2487,1795 2535,1795 2582,1794 2630,1795 2677,1795 2725,1795 2772,1796 2820,1796 2867,1797 2915,1797 2962,1797 3010,1798 3057,1798 3105,1798 3152,1797 3200,1797 3247,1796 3295,1795"/>
                <TextEquiv>
                    <Unicode>Neige auskosten und fröhlich und heiter sterben.</Unicode>
                </TextEquiv>
            </TextLine>
            <TextLine id="r1l92" custom="readingOrder {index:91;}">
                <Coords points="156,1819 168,1819 178,1810 185,1815 193,1807 244,1811 251,1804 322,1815 323,1771 308,1771 298,1780 279,1768 252,1777 225,1762 186,1773 157,1765"/>
                <Baseline points="169,1800 197,1800 225,1800 254,1800 282,1801 311,1804"/>
                <TextEquiv>
                    <Unicode>edners.</Unicode>
                </TextEquiv>
            </TextLine>
            <TextLine id="r1l93" custom="readingOrder {index:92;}">
                <Coords points="1349,1818 2054,1834 2055,1785 1349,1778"/>
                <Baseline points="1362,1815 1396,1815 1430,1816 1464,1816 1498,1817 1532,1817 1566,1818 1600,1818 1634,1819 1668,1819 1702,1820 1736,1820 1770,1820 1804,1821 1838,1821 1872,1822 1906,1822 1940,1822 1974,1822 2008,1823 2042,1823"/>
                <TextEquiv>
                    <Unicode>im Spitak. Ihre letzte Stunde ist</Unicode>
                </TextEquiv>
            </TextLine>
            <TextLine id="r1l94" custom="readingOrder {index:93;}">
                <Coords points="341,1810 1263,1826 1263,1789 1173,1779 341,1775"/>
                <Baseline points="352,1814 396,1815 441,1816 486,1817 531,1818 576,1819 621,1820 666,1820 711,1821 756,1821 801,1822 845,1822 890,1822 935,1822 980,1822 1025,1822 1070,1821 1115,1820 1160,1819 1205,1818 1250,1817"/>
                <TextEquiv>
                    <Unicode>Drang muß sein Recht werden: Unserer See</Unicode>
                </TextEquiv>
            </TextLine>
            <TextLine id="r1l95" custom="readingOrder {index:94;}">
                <Coords points="2042,1825 2091,1830 2105,1823 2169,1838 2213,1825 2232,1837 2247,1828 2286,1833 2320,1820 2320,1796 2286,1801 2256,1786 2191,1796 2137,1784 2130,1791 2081,1784 2042,1791"/>
                <Baseline points="2055,1825 2080,1825 2105,1825 2130,1826 2155,1826 2181,1826 2206,1826 2231,1826 2256,1826 2281,1825 2307,1823"/>
                <TextEquiv>
                    <Unicode>herangenaht.</Unicode>
                </TextEquiv>
            </TextLine>
            <TextLine id="r1l96" custom="readingOrder {index:95;}">
                <Coords points="2338,1839 3314,1849 3297,1802 2338,1795"/>
                <Baseline points="2350,1830 2397,1831 2445,1832 2492,1832 2540,1833 2587,1833 2635,1834 2682,1834 2730,1834 2777,1835 2825,1835 2873,1836 2920,1836 2968,1836 3015,1836 3063,1837 3110,1837 3158,1837 3205,1838 3253,1838 3301,1838"/>
                <TextEquiv>
                    <Unicode>Wer ein Jenseits, eine Ewigkeit im christlichen</Unicode>
                </TextEquiv>
            </TextLine>
            <TextLine id="r1l97" custom="readingOrder {index:96;}">
                <Coords points="159,1849 183,1853 215,1846 220,1851 227,1844 232,1849 245,1844 252,1852 286,1848 332,1861 333,1808 302,1812 275,1806 265,1811 250,1803 231,1810 211,1804 160,1815"/>
                <Baseline points="172,1839 201,1838 231,1838 260,1839 290,1840 320,1843"/>
                <TextEquiv>
                    <Unicode>als die</Unicode>
                </TextEquiv>
            </TextLine>
            <TextLine id="r1l98" custom="readingOrder {index:97;}">
                <Coords points="475,1866 1297,1878 1280,1822 1097,1843 943,1813 475,1812"/>
                <Baseline points="486,1855 528,1857 570,1858 612,1858 654,1859 696,1859 738,1859 780,1859 822,1859 864,1859 906,1858 948,1858 990,1858 1032,1858 1074,1858 1116,1858 1158,1859 1200,1860 1242,1861 1285,1863"/>
                <TextEquiv>
                    <Unicode>sättlichkeit zu erfüllen, das ist</Unicode>
                </TextEquiv>
            </TextLine>
            <TextLine id="r1l99" custom="readingOrder {index:98;}">
                <Coords points="1345,1856 2306,1877 2292,1828 1345,1817"/>
                <Baseline points="1357,1856 1403,1856 1450,1855 1497,1855 1544,1856 1591,1856 1638,1857 1684,1857 1731,1858 1778,1859 1825,1860 1872,1861 1919,1862 1966,1863 2012,1863 2059,1864 2106,1864 2153,1864 2200,1864 2247,1863 2294,1862"/>
                <TextEquiv>
                    <Unicode>Doch sie ahnt nichts vom Tode, fühlt sich wohl, sie</Unicode>
                </TextEquiv>
            </TextLine>
            <TextLine id="r1l100" custom="readingOrder {index:99;}">
                <Coords points="2343,1873 3316,1881 3316,1830 2343,1834"/>
                <Baseline points="2354,1870 2401,1870 2449,1871 2496,1871 2544,1872 2591,1872 2639,1873 2686,1873 2734,1874 2781,1875 2829,1875 2876,1876 2924,1876 2971,1876 3019,1876 3066,1876 3114,1875 3161,1874 3209,1873 3256,1872 3304,1870"/>
                <TextEquiv>
                    <Unicode>Sinne leugnet, zieht solche Konsequenzen mit voll¬</Unicode>
                </TextEquiv>
            </TextLine>
            <TextLine id="r1l101" custom="readingOrder {index:100;}">
                <Coords points="335,1909 395,1920 474,1899 513,1917 532,1902 632,1914 703,1891 704,1864 553,1856 472,1870 426,1854 413,1866 379,1856 335,1865"/>
                <Baseline points="347,1890 373,1891 399,1892 426,1893 452,1894 478,1894 505,1895 531,1896 558,1896 584,1896 610,1896 637,1896 663,1896 690,1895"/>
                <TextEquiv>
                    <Unicode>Lebenskunst.“</Unicode>
                </TextEquiv>
            </TextLine>
            <TextLine id="r1l102" custom="readingOrder {index:101;}">
                <Coords points="1343,1900 2314,1909 2314,1860 2229,1850 1343,1856"/>
                <Baseline points="1355,1895 1402,1895 1449,1895 1497,1895 1544,1895 1591,1896 1639,1896 1686,1898 1733,1898 1781,1899 1828,1900 1875,1901 1923,1901 1970,1902 2017,1903 2065,1903 2112,1903 2159,1902 2207,1902 2254,1901 2302,1900"/>
                <TextEquiv>
                    <Unicode>ist im Zustande der „Euphorie“, jener täuschenden</Unicode>
                </TextEquiv>
            </TextLine>
            <TextLine id="r1l103" custom="readingOrder {index:102;}">
                <Coords points="2327,1918 3247,1927 3312,1918 3313,1884 2539,1892 2327,1865"/>
                <Baseline points="2339,1913 2387,1912 2435,1911 2483,1910 2531,1910 2579,1911 2627,1911 2675,1911 2723,1912 2771,1912 2820,1913 2868,1914 2916,1914 2964,1915 3012,1915 3060,1915 3108,1915 3156,1915 3204,1914 3252,1913 3301,1911"/>
                <TextEquiv>
                    <Unicode>kommener Logik. Aber mit der gleichen unerbitt¬</Unicode>
                </TextEquiv>
            </TextLine>
            <TextLine id="r1l104" custom="readingOrder {index:103;}">
                <Coords points="170,1923 182,1922 195,1931 202,1928 204,1930 207,1927 226,1926 223,1882 167,1886"/>
                <Baseline points="182,1918 212,1916"/>
                <TextEquiv>
                    <Unicode>bas</Unicode>
                </TextEquiv>
            </TextLine>
            <TextLine id="r1l105" custom="readingOrder {index:104;}">
                <Coords points="1346,1942 2312,1952 2313,1908 1347,1898"/>
                <Baseline points="1358,1933 1405,1933 1452,1933 1499,1934 1546,1934 1593,1935 1640,1936 1687,1936 1734,1937 1781,1937 1829,1938 1876,1939 1923,1939 1970,1940 2017,1940 2064,1941 2111,1941 2158,1941 2205,1941 2252,1941 2300,1941"/>
                <TextEquiv>
                    <Unicode>Stimmung in Todesnähe, die manchen Krankheiten</Unicode>
                </TextEquiv>
            </TextLine>
            <TextLine id="r1l106" custom="readingOrder {index:105;}">
                <Coords points="2330,1964 3272,1973 3313,1964 3314,1918 2330,1913"/>
                <Baseline points="2343,1956 2393,1954 2443,1952 2494,1951 2544,1951 2595,1950 2645,1950 2696,1951 2746,1951 2797,1952 2847,1953 2898,1954 2948,1954 2999,1955 3049,1956 3100,1956 3150,1956 3201,1956 3251,1955 3302,1954"/>
                <TextEquiv>
                    <Unicode>lichen Logik muß die christliche Ueberzeugung solche</Unicode>
                </TextEquiv>
            </TextLine>
            <TextLine id="r1l107" custom="readingOrder {index:106;}">
                <Coords points="400,1978 1308,1998 1308,1946 1140,1916 1062,1939 906,1914 866,1945 740,1912 681,1936 623,1911 566,1940 508,1913 401,1926"/>
                <Baseline points="412,1970 456,1972 500,1974 544,1974 588,1975 633,1976 677,1977 721,1977 765,1977 809,1978 854,1978 898,1978 942,1978 986,1978 1030,1978 1075,1979 1119,1979 1163,1979 1207,1980 1251,1980 1296,1981"/>
                <TextEquiv>
                    <Unicode>Weihevolle Höhenstimmung erfüllte die Herzem</Unicode>
                </TextEquiv>
            </TextLine>
            <TextLine id="r1l108" custom="readingOrder {index:107;}">
                <Coords points="1337,1972 1949,1972 2088,2002 2120,1973 2315,1996 2316,1952 1337,1933"/>
                <Baseline points="1349,1972 1396,1973 1444,1974 1492,1975 1540,1976 1587,1977 1635,1978 1683,1978 1731,1979 1778,1980 1826,1980 1874,1980 1922,1981 1969,1981 2017,1981 2065,1981 2113,1980 2160,1980 2208,1980 2256,1979 2304,1979"/>
                <TextEquiv>
                    <Unicode>eigentümlich ist. Der Leiter des Spitals, Professor</Unicode>
                </TextEquiv>
            </TextLine>
            <TextLine id="r1l109" custom="readingOrder {index:108;}">
                <Coords points="2322,2010 3313,2006 3313,1965 3191,1955 2323,1946"/>
                <Baseline points="2335,1994 2383,1993 2431,1992 2480,1991 2528,1991 2576,1991 2625,1992 2673,1992 2721,1993 2770,1993 2818,1994 2866,1995 2915,1995 2963,1996 3011,1996 3060,1996 3108,1996 3156,1996 3205,1994 3253,1993 3302,1991"/>
                <TextEquiv>
                    <Unicode>Lebensansichten als die direkte Negation des Cbri¬</Unicode>
                </TextEquiv>
            </TextLine>
            <TextLine id="r1l110" custom="readingOrder {index:109;}">
                <Coords points="152,2008 169,2005 178,2012 205,2000 222,2011 271,2011 317,1997 314,1853 258,1847 244,1855 234,1845 202,1851 183,1846 149,1859"/>
                <Baseline points="163,1997 191,1998 219,1998 248,1997 276,1996 305,1995"/>
                <TextEquiv>
                    <Unicode></Unicode>
                </TextEquiv>
            </TextLine>
            <TextLine id="r1l111" custom="readingOrder {index:110;}">
                <Coords points="1333,2008 2304,2030 2305,1986 2122,1974 2087,2003 1946,1975 1334,1973"/>
                <Baseline points="1345,2012 1392,2012 1439,2013 1487,2014 1534,2014 1582,2015 1629,2015 1676,2016 1724,2016 1771,2017 1819,2017 1866,2017 1913,2018 1961,2018 2008,2019 2056,2019 2103,2020 2150,2020 2198,2021 2245,2022 2293,2023"/>
                <TextEquiv>
                    <Unicode>Bernhardi, will sie in dieser glüchllchen Stimmung</Unicode>
                </TextEquiv>
            </TextLine>
            <TextLine id="r1l112" custom="readingOrder {index:111;}">
                <Coords points="345,2015 1216,2041 1321,2013 1322,1974 577,1982 346,1947"/>
                <Baseline points="357,2008 404,2010 452,2012 499,2013 547,2014 595,2016 642,2017 690,2018 737,2019 785,2020 833,2021 880,2022 928,2022 975,2023 1023,2023 1071,2023 1118,2022 1166,2022 1213,2021 1261,2020 1309,2019"/>
                <TextEquiv>
                    <Unicode>der Zuhörer, als der Redner seine fünsviertel¬</Unicode>
                </TextEquiv>
            </TextLine>
            <TextLine id="r1l113" custom="readingOrder {index:112;}">
                <Coords points="2340,2033 3318,2037 3318,1998 3284,1995 2340,1992"/>
                <Baseline points="2353,2028 2400,2028 2448,2029 2495,2029 2543,2030 2591,2031 2638,2031 2686,2032 2733,2033 2781,2034 2829,2034 2876,2035 2924,2035 2971,2036 3019,2036 3067,2036 3114,2036 3162,2036 3209,2035 3257,2034 3305,2033"/>
                <TextEquiv>
                    <Unicode>stentums zurückweisen. Am Sterbebette gilt nur ein</Unicode>
                </TextEquiv>
            </TextLine>
            <TextLine id="r1l114" custom="readingOrder {index:113;}">
                <Coords points="180,2065 197,2062 208,2049 226,2053 238,2046 265,2052 294,2047 303,2036 330,2041 330,2021 312,2019 290,2003 273,2011 266,2003 251,2004 241,2012 222,2012 204,2000 178,2006"/>
                <Baseline points="192,2042 217,2040 242,2039 267,2038 292,2038 318,2038"/>
                <TextEquiv>
                    <Unicode>Frage</Unicode>
                </TextEquiv>
            </TextLine>
            <TextLine id="r1l115" custom="readingOrder {index:114;}">
                <Coords points="1343,2064 2312,2063 2312,2029 2268,2026 1343,2015"/>
                <Baseline points="1354,2052 1401,2053 1448,2054 1495,2054 1543,2055 1590,2056 1637,2056 1684,2057 1732,2057 1779,2058 1826,2058 1873,2059 1921,2059 1968,2059 2015,2059 2062,2059 2110,2059 2157,2059 2204,2059 2251,2058 2299,2058"/>
                <TextEquiv>
                    <Unicode>sterben lassen. Und als der Priester die Keanke</Unicode>
                </TextEquiv>
            </TextLine>
            <TextLine id="r1l116" custom="readingOrder {index:115;}">
                <Coords points="1190,2063 1202,2066 1214,2058 1220,2064 1232,2066 1236,2045 1224,2043 1220,2039 1215,2041 1210,2040 1206,2036 1196,2035"/>
                <Baseline points="1204,2057 1220,2060"/>
                <TextEquiv>
                    <Unicode>1</Unicode>
                </TextEquiv>
            </TextLine>
            <TextLine id="r1l117" custom="readingOrder {index:116;}">
                <Coords points="345,2063 555,2052 625,2075 667,2057 796,2076 831,2052 969,2076 1016,2055 1017,2024 819,2032 626,2010 528,2035 424,2004 346,2014"/>
                <Baseline points="358,2051 390,2052 422,2053 454,2054 487,2055 519,2057 551,2058 583,2059 616,2060 648,2061 680,2062 712,2062 745,2062 777,2063 809,2063 841,2063 874,2063 906,2063 938,2062 970,2061 1003,2060"/>
                <TextEquiv>
                    <Unicode>stündigen Ausführungen beschloß!</Unicode>
                </TextEquiv>
            </TextLine>
            <TextLine id="r1l118" custom="readingOrder {index:117;}">
                <Coords points="2331,2076 3316,2093 3317,2036 2331,2032"/>
                <Baseline points="2344,2065 2392,2066 2440,2066 2488,2067 2536,2068 2584,2069 2632,2070 2680,2070 2728,2071 2776,2072 2824,2072 2872,2073 2920,2073 2968,2074 3016,2074 3064,2074 3112,2074 3160,2074 3208,2073 3256,2073 3304,2072"/>
                <TextEquiv>
                    <Unicode>Entweder — Oder. Da gibt es nur die eine Wahl,</Unicode>
                </TextEquiv>
            </TextLine>
            <TextLine id="r1l119" custom="readingOrder {index:118;}">
                <Coords points="205,2101 219,2100 245,2081 253,2086 260,2083 265,2088 277,2082 289,2087 297,2084 306,2074 318,2073 317,2049 297,2052 290,2045 273,2051 253,2047 244,2050 238,2045 229,2051 202,2049"/>
                <Baseline points="215,2079 245,2078 276,2076 307,2075"/>
                <TextEquiv>
                    <Unicode>zum</Unicode>
                </TextEquiv>
            </TextLine>
            <TextLine id="r1l120" custom="readingOrder {index:119;}">
                <Coords points="349,2091 1276,2110 1276,2066 1237,2058 349,2062"/>
                <Baseline points="360,2086 405,2088 450,2089 495,2091 540,2093 585,2094 630,2095 676,2096 721,2097 766,2097 811,2098 856,2098 901,2099 946,2099 992,2099 1037,2099 1082,2099 1127,2099 1172,2099 1217,2099 1263,2099"/>
                <TextEquiv>
                    <Unicode>eigentumlicher Zauber in der Vortragsart de</Unicode>
                </TextEquiv>
            </TextLine>
            <TextLine id="r1l121" custom="readingOrder {index:120;}">
                <Coords points="1345,2102 2214,2113 2306,2104 2307,2063 1345,2063"/>
                <Baseline points="1358,2094 1404,2094 1451,2094 1498,2094 1545,2095 1592,2096 1638,2096 1685,2096 1732,2097 1779,2097 1826,2098 1872,2098 1919,2099 1966,2099 2013,2099 2060,2100 2106,2100 2153,2100 2200,2100 2247,2100 2294,2099"/>
                <TextEquiv>
                    <Unicode>nach christlichem Brauch zur Reise in die Ewigkeit</Unicode>
                </TextEquiv>
            </TextLine>
            <TextLine id="r1l122" custom="readingOrder {index:121;}">
                <Coords points="2332,2112 3308,2131 3308,2089 3172,2071 2332,2078"/>
                <Baseline points="2345,2112 2392,2111 2440,2110 2487,2109 2535,2109 2582,2109 2630,2109 2677,2109 2725,2109 2772,2110 2820,2111 2868,2111 2915,2112 2963,2112 3010,2113 3058,2114 3105,2114 3153,2114 3200,2114 3248,2114 3296,2114"/>
                <TextEquiv>
                    <Unicode>zwischen diesseitsfreudigem Heidentum, das bis zur</Unicode>
                </TextEquiv>
            </TextLine>
            <TextLine id="r1l123" custom="readingOrder {index:122;}">
                <Coords points="157,2129 169,2128 176,2135 224,2112 259,2128 301,2124 308,2131 323,2131 321,2074 304,2075 290,2088 285,2083 265,2088 241,2082 221,2095 209,2095 197,2083 155,2087"/>
                <Baseline points="169,2117 197,2115 225,2113 253,2112 281,2112 309,2113"/>
                <TextEquiv>
                    <Unicode>sen der</Unicode>
                </TextEquiv>
            </TextLine>
            <TextLine id="r1l124" custom="readingOrder {index:123;}">
                <Coords points="338,2135 367,2131 374,2138 384,2138 393,2128 398,2130 403,2127 413,2127 412,2098 397,2098 390,2104 372,2090 363,2092 350,2091 348,2088 336,2089"/>
                <Baseline points="350,2128 375,2128 400,2126"/>
                <TextEquiv>
                    <Unicode>P.</Unicode>
                </TextEquiv>
            </TextLine>
            <TextLine id="r1l125" custom="readingOrder {index:124;}">
                <Coords points="1159,2138 1174,2135 1184,2141 1189,2138 1199,2147 1216,2146 1213,2097 1200,2098 1186,2107 1157,2111"/>
                <Baseline points="1172,2134 1202,2132"/>
                <TextEquiv>
                    <Unicode>es</Unicode>
                </TextEquiv>
            </TextLine>
            <TextLine id="r1l126" custom="readingOrder {index:125;}">
                <Coords points="401,2132 926,2151 1087,2134 1087,2110 1014,2096 960,2112 783,2090 658,2110 624,2092 565,2111 402,2096"/>
                <Baseline points="413,2132 446,2131 479,2131 512,2131 545,2131 578,2131 611,2132 644,2133 677,2134 710,2135 743,2136 776,2137 809,2138 842,2139 875,2139 908,2140 941,2140 974,2140 1007,2139 1040,2138 1074,2137"/>
                <TextEquiv>
                    <Unicode>Lippert, der tief zu Herzen neht.</Unicode>
                </TextEquiv>
            </TextLine>
            <TextLine id="r1l127" custom="readingOrder {index:126;}">
                <Coords points="1340,2147 2312,2145 2310,2101 1341,2098"/>
                <Baseline points="1354,2130 1401,2131 1448,2132 1495,2133 1543,2134 1590,2134 1637,2135 1685,2136 1732,2137 1779,2137 1827,2138 1874,2138 1921,2138 1968,2139 2016,2139 2063,2139 2110,2139 2158,2139 2205,2138 2252,2138 2300,2138"/>
                <TextEquiv>
                    <Unicode>vorbereiten will, verweigert er ihm den Zutritt</Unicode>
                </TextEquiv>
            </TextLine>
            <TextLine id="r1l128" custom="readingOrder {index:127;}">
                <Coords points="2336,2153 3319,2159 3319,2125 3217,2112 2336,2114"/>
                <Baseline points="2349,2148 2396,2147 2444,2147 2492,2146 2540,2147 2588,2147 2636,2148 2683,2148 2731,2149 2779,2150 2827,2151 2875,2152 2923,2153 2971,2153 3018,2154 3066,2154 3114,2153 3162,2152 3210,2151 3258,2149 3306,2147"/>
                <TextEquiv>
                    <Unicode>letzten Sekunde das Leben in seinem Augenblicks¬</Unicode>
                </TextEquiv>
            </TextLine>
            <TextLine id="r1l129" custom="readingOrder {index:128;}">
                <Coords points="171,2155 183,2154 205,2168 242,2167 261,2156 300,2167 305,2162 320,2164 318,2118 299,2116 287,2126 260,2127 238,2116 228,2121 218,2116 184,2130 170,2130"/>
                <Baseline points="182,2156 207,2155 232,2154 257,2153 282,2153 307,2151"/>
                <TextEquiv>
                    <Unicode>unsere</Unicode>
                </TextEquiv>
            </TextLine>
            <TextLine id="r1l130" custom="readingOrder {index:129;}">
                <Coords points="335,2167 1323,2182 1323,2148 1231,2130 923,2154 335,2130"/>
                <Baseline points="346,2169 394,2170 442,2171 490,2172 539,2173 587,2173 635,2174 684,2174 732,2175 780,2175 829,2176 877,2176 925,2176 973,2176 1022,2176 1070,2177 1118,2177 1167,2177 1215,2177 1263,2177 1312,2177"/>
                <TextEquiv>
                    <Unicode>feinfühlige Psychologie, die tiessinnige Seelen¬</Unicode>
                </TextEquiv>
            </TextLine>
            <TextLine id="r1l131" custom="readingOrder {index:130;}">
                <Coords points="1328,2179 2124,2197 2280,2191 2305,2152 1329,2135"/>
                <Baseline points="1341,2173 1388,2173 1436,2173 1483,2174 1531,2174 1579,2175 1626,2175 1674,2176 1721,2176 1769,2177 1817,2177 1864,2177 1912,2178 1959,2178 2007,2178 2055,2179 2102,2179 2150,2179 2197,2179 2245,2179 2293,2178"/>
                <TextEquiv>
                    <Unicode>zum Sterbebett. „Die Kranke weiß nicht, daß sie</Unicode>
                </TextEquiv>
            </TextLine>
            <TextLine id="r1l132" custom="readingOrder {index:131;}">
                <Coords points="2330,2192 3301,2207 3302,2153 2330,2148"/>
                <Baseline points="2342,2186 2389,2187 2436,2187 2484,2188 2531,2188 2578,2188 2626,2189 2673,2189 2720,2190 2768,2190 2815,2190 2862,2190 2910,2191 2957,2191 3004,2191 3052,2191 3099,2191 3146,2191 3194,2191 3241,2192 3289,2192"/>
                <TextEquiv>
                    <Unicode>werte festhält, und ewigkeitssicherem Christenium,</Unicode>
                </TextEquiv>
            </TextLine>
            <TextLine id="r1l133" custom="readingOrder {index:132;}">
                <Coords points="171,2223 212,2217 240,2196 250,2196 260,2206 277,2207 304,2189 318,2189 317,2155 302,2153 286,2163 261,2157 232,2158 213,2166 198,2164 183,2154 168,2155"/>
                <Baseline points="183,2195 213,2194 244,2193 274,2192 305,2191"/>
                <TextEquiv>
                    <Unicode>dunkle</Unicode>
                </TextEquiv>
            </TextLine>
            <TextLine id="r1l134" custom="readingOrder {index:133;}">
                <Coords points="332,2216 1320,2229 1321,2182 333,2165"/>
                <Baseline points="344,2208 392,2210 440,2210 488,2211 536,2212 584,2213 632,2214 681,2214 729,2215 777,2215 825,2216 873,2216 921,2217 969,2217 1018,2217 1066,2217 1114,2218 1162,2218 1210,2218 1258,2218 1307,2218"/>
                <TextEquiv>
                    <Unicode>kenntnis des Priesters, die uns so eigenartigs</Unicode>
                </TextEquiv>
            </TextLine>
            <TextLine id="r1l135" custom="readingOrder {index:134;}">
                <Coords points="1335,2218 2262,2230 2306,2216 2307,2182 1336,2179"/>
                <Baseline points="1348,2210 1395,2210 1442,2211 1490,2212 1537,2213 1584,2214 1632,2215 1679,2215 1726,2216 1774,2217 1821,2217 1868,2217 1916,2218 1963,2218 2010,2218 2058,2218 2105,2218 2152,2217 2200,2217 2247,2216 2295,2215"/>
                <TextEquiv>
                    <Unicode>kverloren ist. Sie ist heiter, glüchlich und — reue¬</Unicode>
                </TextEquiv>
            </TextLine>
            <TextLine id="r1l136" custom="readingOrder {index:135;}">
                <Coords points="2326,2235 3309,2248 3309,2191 2326,2188"/>
                <Baseline points="2339,2227 2386,2227 2434,2226 2482,2226 2530,2227 2578,2227 2626,2227 2674,2228 2722,2228 2770,2228 2818,2229 2865,2229 2913,2230 2961,2230 3009,2230 3057,2230 3105,2230 3153,2229 3201,2228 3249,2228 3297,2226"/>
                <TextEquiv>
                    <Unicode>dem jeder Lebensmoment nur als Einsatz für höhere</Unicode>
                </TextEquiv>
            </TextLine>
            <TextLine id="r1l137" custom="readingOrder {index:136;}">
                <Coords points="191,2232 220,2231 246,2251 259,2241 288,2242 295,2249 317,2250 318,2196 301,2196 284,2203 265,2197 240,2197 213,2213 208,2208 191,2210"/>
                <Baseline points="203,2231 228,2229 254,2230 279,2232 305,2231"/>
                <TextEquiv>
                    <Unicode>eine</Unicode>
                </TextEquiv>
            </TextLine>
            <TextLine id="r1l138" custom="readingOrder {index:137;}">
                <Coords points="341,2248 914,2268 973,2237 1209,2271 1329,2247 1241,2215 341,2216"/>
                <Baseline points="352,2247 400,2247 448,2247 496,2246 544,2247 593,2247 641,2247 689,2247 737,2248 785,2248 834,2249 882,2249 930,2250 978,2250 1026,2251 1075,2252 1123,2252 1171,2253 1219,2254 1267,2254 1316,2255"/>
                <TextEquiv>
                    <Unicode>ergreift? Ist es der brillaute impressionistische</Unicode>
                </TextEquiv>
            </TextLine>
            <TextLine id="r1l139" custom="readingOrder {index:138;}">
                <Coords points="1329,2257 1798,2245 2083,2279 2308,2251 2308,2212 1705,2233 1329,2209"/>
                <Baseline points="1341,2254 1388,2254 1436,2254 1484,2254 1532,2254 1579,2254 1627,2254 1675,2254 1723,2255 1770,2255 1818,2255 1866,2256 1914,2256 1961,2257 2009,2257 2057,2257 2105,2258 2152,2258 2200,2258 2248,2258 2296,2259"/>
                <TextEquiv>
                    <Unicode>Klos“, sagt der Arzt. Der Pfarrer besteht auf seinem</Unicode>
                </TextEquiv>
            </TextLine>
            <TextLine id="r1l140" custom="readingOrder {index:139;}">
                <Coords points="2321,2278 3246,2280 3312,2261 3313,2229 2322,2234"/>
                <Baseline points="2333,2266 2381,2265 2429,2264 2477,2264 2526,2264 2574,2265 2622,2265 2671,2266 2719,2267 2767,2268 2816,2269 2864,2270 2912,2271 2960,2271 3009,2271 3057,2272 3105,2271 3154,2271 3202,2269 3250,2267 3299,2265"/>
                <TextEquiv>
                    <Unicode>Werte gelten muß. Am Sterbebette treten die Ge¬</Unicode>
                </TextEquiv>
            </TextLine>
            <TextLine id="r1l141" custom="readingOrder {index:140;}">
                <Coords points="161,2285 175,2288 190,2278 202,2288 207,2283 212,2288 236,2286 246,2278 290,2284 324,2274 325,2255 298,2250 276,2237 246,2249 220,2232 205,2242 161,2241"/>
                <Baseline points="173,2274 200,2272 228,2270 255,2271 283,2273 311,2274"/>
                <TextEquiv>
                    <Unicode>gen zu</Unicode>
                </TextEquiv>
            </TextLine>
            <TextLine id="r1l142" custom="readingOrder {index:141;}">
                <Coords points="327,2305 525,2282 1063,2312 1281,2300 1306,2259 327,2248"/>
                <Baseline points="338,2288 385,2287 433,2285 481,2285 528,2284 576,2285 624,2285 671,2286 719,2287 767,2288 815,2289 862,2290 910,2291 958,2292 1005,2293 1053,2293 1101,2294 1148,2294 1196,2293 1244,2292 1292,2290"/>
                <TextEquiv>
                    <Unicode>Stil des Literaten, der jeden Ausdruck nach denst</Unicode>
                </TextEquiv>
            </TextLine>
            <TextLine id="r1l143" custom="readingOrder {index:142;}">
                <Coords points="1338,2307 1499,2285 2255,2310 2307,2300 2307,2252 2180,2275 1338,2254"/>
                <Baseline points="1350,2291 1397,2291 1444,2291 1491,2292 1538,2292 1586,2292 1633,2293 1680,2293 1727,2294 1774,2295 1822,2295 1869,2296 1916,2297 1963,2297 2010,2298 2058,2298 2105,2298 2152,2299 2199,2299 2246,2299 2294,2298"/>
                <TextEquiv>
                    <Unicode>Mechte. Aber der Professor erwidert: „Ich kann</Unicode>
                </TextEquiv>
            </TextLine>
            <TextLine id="r1l144" custom="readingOrder {index:143;}">
                <Coords points="2328,2316 3201,2328 3306,2309 3306,2272 2328,2274"/>
                <Baseline points="2341,2306 2388,2304 2436,2304 2484,2303 2531,2303 2579,2303 2627,2304 2674,2304 2722,2305 2770,2306 2818,2307 2865,2307 2913,2308 2961,2309 3008,2309 3056,2309 3104,2309 3151,2308 3199,2307 3247,2306 3295,2303"/>
                <TextEquiv>
                    <Unicode>gensätze, die in theoretischer Diskussion ihre Schärfe</Unicode>
                </TextEquiv>
            </TextLine>
            <TextLine id="r1l145" custom="readingOrder {index:144;}">
                <Coords points="226,2312 243,2312 256,2323 270,2318 317,2319 316,2280 303,2280 296,2276 289,2283 281,2279 255,2282 237,2275 225,2275"/>
                <Baseline points="238,2312 271,2310 304,2310"/>
                <TextEquiv>
                    <Unicode>zu</Unicode>
                </TextEquiv>
            </TextLine>
            <TextLine id="r1l146" custom="readingOrder {index:145;}">
                <Coords points="185,2329 197,2332 198,2335 208,2334 230,2339 242,2281 230,2279 213,2288 208,2287 206,2284 194,2282"/>
                <Baseline points="202,2309 222,2313"/>
                <TextEquiv>
                    <Unicode></Unicode>
                </TextEquiv>
            </TextLine>
            <TextLine id="r1l147" custom="readingOrder {index:146;}">
                <Coords points="330,2329 2263,2349 2304,2300 330,2305"/>
                <Baseline points="342,2328 439,2328 537,2329 634,2329 732,2329 829,2329 927,2330 1024,2330 1122,2330 1219,2331 1317,2331 1415,2332 1512,2332 1610,2333 1707,2333 1805,2334 1902,2335 2000,2335 2097,2336 2195,2337 2293,2338"/>
                <TextEquiv>
                    <Unicode>gedanklichen Inhalt abzutönen und abzustimmen Erur wiederholen, daß ich Ihnen als Arzt, dem das</Unicode>
                </TextEquiv>
            </TextLine>
            <TextLine id="r1l148" custom="readingOrder {index:147;}">
                <Coords points="2329,2344 2616,2369 3190,2342 3312,2372 3295,2309 2329,2315"/>
                <Baseline points="2341,2345 2391,2345 2441,2344 2492,2345 2542,2345 2593,2346 2643,2346 2694,2347 2744,2348 2795,2349 2845,2350 2896,2350 2946,2351 2997,2351 3047,2350 3098,2350 3148,2349 3199,2347 3249,2345 3300,2342"/>
                <TextEquiv>
                    <Unicode>noch einigermaßen unter geschickter Dialektik ver¬</Unicode>
                </TextEquiv>
            </TextLine>
            <TextLine id="r1l149" custom="readingOrder {index:148;}">
                <Coords points="208,2348 230,2346 247,2359 256,2354 264,2359 271,2355 276,2360 290,2360 305,2351 310,2356 322,2356 324,2310 312,2310 299,2321 284,2321 280,2316 258,2323 246,2312 209,2306"/>
                <Baseline points="221,2348 251,2348 281,2350 311,2350"/>
                <TextEquiv>
                    <Unicode>der</Unicode>
                </TextEquiv>
            </TextLine>
            <TextLine id="r1l150" custom="readingOrder {index:149;}">
                <Coords points="341,2369 1158,2395 1209,2364 1282,2385 1283,2338 341,2330"/>
                <Baseline points="352,2360 400,2361 448,2362 497,2363 545,2364 593,2365 642,2366 690,2367 738,2367 787,2368 835,2369 884,2370 932,2370 980,2371 1029,2371 1077,2372 1125,2372 1174,2372 1222,2372 1271,2372"/>
                <TextEquiv>
                    <Unicode>weiß? Ist es die bescheidene Persönlichkeit des</Unicode>
                </TextEquiv>
            </TextLine>
            <TextLine id="r1l151" custom="readingOrder {index:150;}">
                <Coords points="1336,2375 2219,2389 2304,2368 2305,2331 1336,2333"/>
                <Baseline points="1347,2374 1394,2373 1441,2372 1488,2371 1535,2370 1583,2370 1630,2370 1677,2370 1724,2371 1771,2371 1819,2372 1866,2373 1913,2373 1960,2374 2007,2375 2055,2375 2102,2375 2149,2376 2196,2376 2243,2375 2291,2375"/>
                <TextEquiv>
                    <Unicode>Wohl seiner Kranken bis zur letzten Stunde anver¬</Unicode>
                </TextEquiv>
            </TextLine>
            <TextLine id="r1l152" custom="readingOrder {index:151;}">
                <Coords points="2322,2395 3300,2388 3300,2353 3188,2343 2322,2341"/>
                <Baseline points="2333,2383 2380,2382 2428,2382 2476,2381 2524,2381 2571,2382 2619,2382 2667,2383 2715,2383 2762,2384 2810,2385 2858,2386 2906,2386 2953,2387 3001,2387 3049,2388 3097,2388 3144,2388 3192,2387 3240,2386 3288,2385"/>
                <TextEquiv>
                    <Unicode>hüllen können, mit jener Unverträglichkeit auf, die</Unicode>
                </TextEquiv>
            </TextLine>
            <TextLine id="r1l153" custom="readingOrder {index:152;}">
                <Coords points="176,2395 225,2403 233,2395 264,2395 294,2403 313,2401 313,2354 299,2354 287,2361 257,2354 248,2359 228,2346 216,2346 177,2356"/>
                <Baseline points="188,2389 216,2387 245,2387 273,2388 302,2389"/>
                <TextEquiv>
                    <Unicode>Men¬</Unicode>
                </TextEquiv>
            </TextLine>
            <TextLine id="r1l154" custom="readingOrder {index:153;}">
                <Coords points="334,2413 1276,2410 1327,2440 1328,2364 1166,2389 334,2374"/>
                <Baseline points="346,2400 394,2400 443,2401 491,2401 540,2402 588,2403 637,2403 685,2404 734,2406 782,2407 831,2408 879,2409 928,2410 976,2410 1025,2411 1073,2411 1122,2412 1170,2412 1219,2411 1267,2411 1316,2410"/>
                <TextEquiv>
                    <Unicode>schlichten Ordensmannes, die hinter dem Worts</Unicode>
                </TextEquiv>
            </TextLine>
            <TextLine id="r1l155" custom="readingOrder {index:154;}">
                <Coords points="1336,2417 2261,2428 2298,2367 1336,2380"/>
                <Baseline points="1349,2412 1395,2412 1442,2411 1489,2411 1536,2411 1583,2411 1629,2411 1676,2411 1723,2412 1770,2412 1817,2413 1863,2414 1910,2414 1957,2415 2004,2415 2051,2415 2097,2416 2144,2416 2191,2416 2238,2415 2285,2415"/>
                <TextEquiv>
                    <Unicode>ktraut bleibt, das Ueberschreiten dieser Schwelle leis</Unicode>
                </TextEquiv>
            </TextLine>
            <TextLine id="r1l156" custom="readingOrder {index:155;}">
                <Coords points="2326,2434 3297,2441 3298,2390 2326,2395"/>
                <Baseline points="2338,2422 2385,2422 2432,2421 2480,2421 2527,2422 2575,2422 2622,2422 2669,2423 2717,2423 2764,2424 2812,2424 2859,2425 2906,2426 2954,2426 3001,2427 3049,2427 3096,2427 3143,2427 3191,2427 3238,2427 3286,2426"/>
                <TextEquiv>
                    <Unicode>alle Fragen haben müssen, in denen es sich um</Unicode>
                </TextEquiv>
            </TextLine>
            <TextLine id="r1l157" custom="readingOrder {index:156;}">
                <Coords points="337,2453 1308,2469 1308,2418 1272,2412 337,2416"/>
                <Baseline points="350,2442 397,2443 444,2444 491,2445 539,2445 586,2446 633,2446 681,2446 728,2447 775,2447 823,2447 870,2447 917,2448 964,2448 1012,2448 1059,2449 1106,2449 1154,2450 1201,2451 1248,2452 1296,2453"/>
                <TextEquiv>
                    <Unicode>ganz zurücktritt und doch jedes Wort beseelts</Unicode>
                </TextEquiv>
            </TextLine>
            <TextLine id="r1l158" custom="readingOrder {index:157;}">
                <Coords points="1336,2460 1595,2446 1678,2471 1736,2442 1778,2471 1829,2447 2278,2470 2295,2409 1336,2416"/>
                <Baseline points="1349,2451 1395,2452 1442,2453 1489,2453 1536,2453 1582,2454 1629,2454 1676,2454 1723,2454 1769,2454 1816,2454 1863,2454 1910,2454 1956,2454 2003,2454 2050,2454 2097,2454 2143,2454 2190,2455 2237,2455 2284,2455"/>
                <TextEquiv>
                    <Unicode>der verbieten muß.“ Die Kranke stirbt inzwischen</Unicode>
                </TextEquiv>
            </TextLine>
            <TextLine id="r1l159" custom="readingOrder {index:158;}">
                <Coords points="179,2476 216,2470 238,2470 243,2475 260,2470 267,2474 281,2467 289,2472 303,2464 318,2466 317,2432 303,2432 298,2427 293,2430 286,2423 261,2433 244,2419 230,2429 203,2429 196,2437 178,2435"/>
                <Baseline points="191,2463 219,2466 248,2466 277,2464 306,2462"/>
                <TextEquiv>
                    <Unicode>allge¬</Unicode>
                </TextEquiv>
            </TextLine>
            <TextLine id="r1l160" custom="readingOrder {index:159;}">
                <Coords points="2331,2470 3307,2485 3308,2434 3217,2426 2332,2428"/>
                <Baseline points="2343,2462 2390,2462 2438,2462 2485,2462 2533,2462 2581,2463 2628,2463 2676,2463 2724,2464 2771,2464 2819,2464 2867,2465 2914,2465 2962,2466 3010,2466 3057,2466 3105,2466 3153,2466 3200,2466 3248,2466 3296,2465"/>
                <TextEquiv>
                    <Unicode>Leben und Tod handelt. Darum wirkt Schnitzlers</Unicode>
                </TextEquiv>
            </TextLine>
            <TextLine id="r1l161" custom="readingOrder {index:160;}">
                <Coords points="332,2471 701,2505 784,2479 1301,2498 1265,2451 333,2449"/>
                <Baseline points="344,2475 391,2476 438,2478 485,2480 532,2481 580,2482 627,2483 674,2484 721,2484 768,2484 816,2485 863,2485 910,2485 957,2486 1004,2486 1052,2486 1099,2487 1146,2487 1193,2488 1240,2489 1288,2490"/>
                <TextEquiv>
                    <Unicode>Alles wirkt zusammen und verleiht dem Vortroh</Unicode>
                </TextEquiv>
            </TextLine>
            <TextLine id="r1l162" custom="readingOrder {index:161;}">
                <Coords points="1335,2493 2311,2516 2311,2462 2270,2457 1335,2459"/>
                <Baseline points="1348,2489 1395,2489 1443,2489 1490,2490 1538,2490 1585,2490 1633,2490 1680,2491 1728,2491 1775,2492 1823,2492 1870,2493 1918,2493 1965,2494 2013,2494 2060,2495 2108,2495 2155,2495 2203,2496 2250,2496 2298,2496"/>
                <TextEquiv>
                    <Unicode>ohne Sakramente. Und nun muß Professor Berns</Unicode>
                </TextEquiv>
            </TextLine>
            <TextLine id="r1l163" custom="readingOrder {index:162;}">
                <Coords points="163,2510 199,2508 211,2521 243,2514 250,2519 260,2512 277,2522 321,2515 322,2476 310,2476 302,2468 295,2473 283,2468 270,2473 251,2470 246,2475 239,2470 231,2475 224,2470 190,2472 178,2462 163,2462"/>
                <Baseline points="174,2503 201,2504 228,2503 255,2503 282,2504 309,2506"/>
                <TextEquiv>
                    <Unicode>mistisch</Unicode>
                </TextEquiv>
            </TextLine>
            <TextLine id="r1l164" custom="readingOrder {index:163;}">
                <Coords points="2324,2510 3297,2509 3297,2482 3070,2462 2324,2471"/>
                <Baseline points="2336,2507 2383,2506 2430,2505 2478,2504 2525,2504 2573,2504 2620,2503 2667,2503 2715,2504 2762,2504 2810,2504 2857,2504 2904,2505 2952,2505 2999,2505 3047,2506 3094,2506 3141,2506 3189,2506 3236,2506 3284,2505"/>
                <TextEquiv>
                    <Unicode>neuestes Drama antichristlich im tiefsten Sinne.</Unicode>
                </TextEquiv>
            </TextLine>
            <TextLine id="r1l165" custom="readingOrder {index:164;}">
                <Coords points="331,2515 1275,2535 1275,2491 1031,2507 783,2480 699,2503 331,2471"/>
                <Baseline points="342,2517 388,2517 434,2517 480,2517 526,2518 572,2519 618,2519 664,2520 710,2521 756,2522 803,2523 849,2523 895,2524 941,2525 987,2526 1033,2526 1079,2526 1125,2526 1171,2527 1217,2526 1264,2526"/>
                <TextEquiv>
                    <Unicode>seelische Untertöne, die im Herzen noch weite</Unicode>
                </TextEquiv>
            </TextLine>
            <TextLine id="r1l166" custom="readingOrder {index:165;}">
                <Coords points="1327,2538 2283,2537 2266,2498 1327,2499"/>
                <Baseline points="1338,2530 1384,2530 1431,2531 1477,2531 1524,2531 1571,2531 1617,2531 1664,2531 1710,2531 1757,2531 1804,2532 1850,2532 1897,2532 1943,2532 1990,2532 2037,2533 2083,2533 2130,2533 2176,2534 2223,2534 2270,2534"/>
                <TextEquiv>
                    <Unicode>hardi seine Handlungsweise gegenüber den Aus</Unicode>
                </TextEquiv>
            </TextLine>
            <TextLine id="r1l167" custom="readingOrder {index:166;}">
                <Coords points="2327,2545 3308,2556 3279,2507 2327,2506"/>
                <Baseline points="2338,2539 2385,2540 2433,2540 2481,2541 2529,2541 2577,2542 2625,2542 2672,2542 2720,2542 2768,2542 2816,2542 2864,2542 2912,2542 2960,2543 3007,2543 3055,2543 3103,2544 3151,2545 3199,2545 3247,2546 3295,2548"/>
                <TextEquiv>
                    <Unicode>Das Christentum gesteht dem Arzt ein Recht auf</Unicode>
                </TextEquiv>
            </TextLine>
            <TextLine id="r1l168" custom="readingOrder {index:167;}">
                <Coords points="212,2547 224,2546 239,2558 254,2552 259,2557 271,2554 275,2548 285,2550 299,2537 302,2540 319,2539 318,2514 276,2519 261,2512 257,2518 249,2520 239,2514 223,2522 210,2523"/>
                <Baseline points="224,2546 251,2544 278,2542 306,2542"/>
                <TextEquiv>
                    <Unicode>zu¬</Unicode>
                </TextEquiv>
            </TextLine>
            <TextLine id="r1l169" custom="readingOrder {index:168;}">
                <Coords points="334,2582 575,2560 1219,2587 1273,2568 1274,2532 334,2519"/>
                <Baseline points="345,2556 390,2557 436,2558 482,2558 528,2559 574,2559 620,2560 665,2560 711,2561 757,2561 803,2562 849,2562 895,2563 941,2563 986,2563 1032,2563 1078,2564 1124,2564 1170,2564 1216,2564 1262,2564"/>
                <TextEquiv>
                    <Unicode>klingen, nachdem das lebendige Wort schon verhall</Unicode>
                </TextEquiv>
            </TextLine>
            <TextLine id="r1l170" custom="readingOrder {index:169;}">
                <Coords points="1325,2573 2277,2586 2277,2535 1326,2541"/>
                <Baseline points="1338,2569 1384,2569 1430,2569 1477,2570 1523,2570 1570,2570 1616,2571 1662,2571 1709,2571 1755,2572 1802,2572 1848,2572 1894,2573 1941,2573 1987,2573 2034,2573 2080,2574 2126,2574 2173,2574 2219,2574 2266,2575"/>
                <TextEquiv>
                    <Unicode>klagen, die gegen ihn laut werden, verteidigen</Unicode>
                </TextEquiv>
            </TextLine>
            <TextLine id="r1l171" custom="readingOrder {index:170;}">
                <Coords points="2325,2588 3025,2576 3303,2603 3303,2554 3194,2541 2325,2541"/>
                <Baseline points="2336,2575 2383,2576 2431,2577 2479,2578 2527,2578 2575,2579 2622,2579 2670,2580 2718,2580 2766,2580 2814,2580 2861,2580 2909,2581 2957,2581 3005,2581 3053,2581 3100,2582 3148,2583 3196,2583 3244,2584 3292,2585"/>
                <TextEquiv>
                    <Unicode>Entscheidungen, die in die Ewigkeit hineinwirken,</Unicode>
                </TextEquiv>
            </TextLine>
            <TextLine id="r1l172" custom="readingOrder {index:171;}">
                <Coords points="150,2591 184,2587 211,2607 228,2590 262,2595 274,2586 284,2595 294,2591 299,2596 308,2588 326,2589 326,2535 299,2537 285,2552 275,2549 263,2556 236,2556 224,2546 204,2546 192,2555 172,2545 150,2547"/>
                <Baseline points="162,2583 187,2581 212,2581 238,2580 263,2581 288,2582 314,2586"/>
                <TextEquiv>
                    <Unicode>umme</Unicode>
                </TextEquiv>
            </TextLine>
            <TextLine id="r1l173" custom="readingOrder {index:172;}">
                <Coords points="416,2611 719,2598 748,2623 814,2597 948,2633 1016,2602 1080,2625 1133,2603 1187,2628 1244,2583 575,2560 531,2579 497,2556 416,2575"/>
                <Baseline points="428,2597 468,2598 508,2599 548,2599 588,2600 629,2601 669,2601 709,2602 749,2603 789,2603 830,2604 870,2604 910,2605 950,2605 990,2606 1031,2606 1071,2606 1111,2607 1151,2607 1191,2607 1232,2606"/>
                <TextEquiv>
                    <Unicode>„Der Inhalt des Vortrages,“ schreibt</Unicode>
                </TextEquiv>
            </TextLine>
            <TextLine id="r1l174" custom="readingOrder {index:173;}">
                <Coords points="1323,2619 2269,2633 2270,2582 1323,2571"/>
                <Baseline points="1335,2608 1381,2608 1427,2608 1473,2609 1519,2609 1565,2609 1611,2610 1657,2610 1703,2610 1749,2610 1795,2611 1841,2611 1887,2611 1933,2611 1979,2612 2025,2612 2071,2612 2117,2613 2163,2613 2209,2614 2256,2614"/>
                <TextEquiv>
                    <Unicode>Die Intriguen der Aerzte des Spitals, die sich da</Unicode>
                </TextEquiv>
            </TextLine>
            <TextLine id="r1l175" custom="readingOrder {index:174;}">
                <Coords points="2326,2623 3307,2633 3273,2570 2326,2579"/>
                <Baseline points="2338,2615 2385,2616 2433,2617 2481,2618 2529,2619 2577,2620 2625,2620 2672,2621 2720,2621 2768,2622 2816,2622 2864,2622 2912,2622 2960,2622 3007,2622 3055,2622 3103,2622 3151,2622 3199,2621 3247,2621 3295,2620"/>
                <TextEquiv>
                    <Unicode>nicht zu. Und mag er auch für sich selbst Seele ub</Unicode>
                </TextEquiv>
            </TextLine>
            <TextLine id="r1l176" custom="readingOrder {index:175;}">
                <Coords points="147,2634 169,2629 179,2639 196,2638 206,2631 247,2626 257,2636 296,2628 306,2620 320,2623 320,2591 289,2599 276,2587 242,2597 230,2589 206,2604 186,2587 147,2590"/>
                <Baseline points="159,2620 188,2622 218,2622 247,2622 277,2621 307,2619"/>
                <TextEquiv>
                    <Unicode>it und</Unicode>
                </TextEquiv>
            </TextLine>
            <TextLine id="r1l177" custom="readingOrder {index:176;}">
                <Coords points="332,2645 1186,2639 1133,2604 579,2620 333,2582"/>
                <Baseline points="344,2635 385,2636 427,2637 468,2638 510,2639 551,2639 593,2640 634,2640 676,2640 717,2640 759,2640 800,2640 842,2640 883,2640 925,2641 966,2641 1008,2641 1049,2642 1091,2642 1132,2643 1174,2644"/>
                <TextEquiv>
                    <Unicode>heutige „M. Augsb. Abendztg.“ (Nr. 37),</Unicode>
                </TextEquiv>
            </TextLine>
            <TextLine id="r1l178" custom="readingOrder {index:177;}">
                <Coords points="1324,2653 2251,2658 2251,2619 2141,2611 1324,2614"/>
                <Baseline points="1336,2648 1381,2648 1426,2649 1471,2650 1516,2650 1561,2650 1606,2651 1652,2651 1697,2651 1742,2651 1787,2652 1832,2652 1877,2652 1922,2652 1968,2652 2013,2653 2058,2653 2103,2653 2148,2653 2193,2654 2239,2654"/>
                <TextEquiv>
                    <Unicode>ran knüpfen, die Verhandlungen mit. Minister un</Unicode>
                </TextEquiv>
            </TextLine>
            <TextLine id="r1l179" custom="readingOrder {index:178;}">
                <Coords points="178,2668 197,2670 202,2665 215,2674 224,2664 234,2664 246,2673 261,2673 285,2670 292,2662 300,2667 309,2659 324,2659 323,2618 258,2636 248,2627 235,2627 231,2632 209,2630 197,2638 177,2639"/>
                <Baseline points="190,2662 220,2660 251,2660 281,2659 312,2658"/>
                <TextEquiv>
                    <Unicode>aber</Unicode>
                </TextEquiv>
            </TextLine>
            <TextLine id="r1l180" custom="readingOrder {index:179;}">
                <Coords points="2314,2675 3269,2675 3305,2663 3306,2621 2315,2627"/>
                <Baseline points="2327,2657 2375,2657 2423,2657 2471,2657 2520,2657 2568,2658 2616,2658 2664,2659 2713,2659 2761,2660 2809,2660 2857,2661 2906,2661 2954,2662 3002,2662 3050,2662 3099,2662 3147,2662 3195,2662 3243,2662 3292,2661"/>
                <TextEquiv>
                    <Unicode>Ewigkeit leugnen, so darf er seine Ansicht nicht</Unicode>
                </TextEquiv>
            </TextLine>
            <TextLine id="r1l181" custom="readingOrder {index:180;}">
                <Coords points="333,2676 1067,2709 1140,2678 1177,2708 1279,2687 1280,2653 333,2642"/>
                <Baseline points="344,2671 390,2673 436,2674 482,2675 528,2676 574,2677 620,2678 666,2678 712,2679 758,2679 805,2679 851,2679 897,2680 943,2680 989,2680 1035,2681 1081,2681 1127,2682 1173,2683 1219,2684 1266,2685"/>
                <TextEquiv>
                    <Unicode>ungemein fesselnd; er verriet den scharfen Denksr,</Unicode>
                </TextEquiv>
            </TextLine>
            <TextLine id="r1l182" custom="readingOrder {index:181;}">
                <Coords points="1328,2687 2153,2690 2153,2658 1328,2648"/>
                <Baseline points="1341,2686 1383,2686 1425,2686 1467,2687 1509,2687 1551,2688 1593,2688 1635,2689 1677,2689 1719,2690 1761,2690 1803,2691 1845,2691 1887,2691 1929,2691 1971,2691 2013,2691 2055,2690 2097,2689 2140,2689"/>
                <TextEquiv>
                    <Unicode>Parlament — das Stück spielt in Wien</Unicode>
                </TextEquiv>
            </TextLine>
            <TextLine id="r1l183" custom="readingOrder {index:182;}">
                <Coords points="145,2700 199,2713 206,2706 228,2711 240,2699 250,2709 265,2707 269,2712 284,2710 299,2696 319,2696 319,2662 295,2661 273,2673 256,2665 241,2670 234,2662 190,2666 171,2649 146,2646"/>
                <Baseline points="158,2699 187,2698 217,2698 247,2698 277,2700 307,2702"/>
                <TextEquiv>
                    <Unicode>auser</Unicode>
                </TextEquiv>
            </TextLine>
            <TextLine id="r1l184" custom="readingOrder {index:183;}">
                <Coords points="2321,2704 3307,2706 3292,2659 3150,2683 3036,2658 2321,2662"/>
                <Baseline points="2333,2700 2381,2699 2429,2698 2477,2698 2525,2698 2573,2698 2621,2698 2669,2698 2717,2698 2765,2699 2813,2699 2861,2699 2909,2700 2957,2700 3005,2700 3053,2701 3101,2701 3149,2701 3197,2702 3245,2702 3294,2702"/>
                <TextEquiv>
                    <Unicode>zur Norm für seine Praxis werden lassen. Mag</Unicode>
                </TextEquiv>
            </TextLine>
            <TextLine id="r1l185" custom="readingOrder {index:184;}">
                <Coords points="329,2726 929,2742 1173,2720 1142,2678 1076,2699 329,2684"/>
                <Baseline points="340,2718 381,2718 422,2718 463,2718 504,2719 545,2719 586,2719 627,2720 668,2720 709,2721 751,2721 792,2722 833,2722 874,2722 915,2723 956,2723 997,2723 1038,2723 1079,2723 1120,2722 1162,2722"/>
                <TextEquiv>
                    <Unicode>den fein beobachtenden Psychologen und</Unicode>
                </TextEquiv>
            </TextLine>
            <TextLine id="r1l186" custom="readingOrder {index:185;}">
                <Coords points="1334,2729 2278,2746 2278,2703 2191,2672 2059,2700 1334,2690"/>
                <Baseline points="1345,2724 1391,2724 1437,2725 1483,2725 1529,2726 1575,2726 1621,2726 1667,2727 1713,2728 1759,2728 1805,2729 1851,2729 1897,2730 1943,2731 1989,2731 2035,2731 2081,2732 2127,2732 2173,2732 2219,2732 2266,2732"/>
                <TextEquiv>
                    <Unicode>Verurteilung Bernhardis wegen Religionsstörung</Unicode>
                </TextEquiv>
            </TextLine>
            <TextLine id="r1l187" custom="readingOrder {index:186;}">
                <Coords points="2328,2737 3306,2748 3306,2709 3260,2704 2328,2706"/>
                <Baseline points="2339,2739 2386,2738 2434,2737 2482,2737 2530,2737 2577,2737 2625,2737 2673,2737 2721,2737 2768,2737 2816,2737 2864,2737 2912,2738 2959,2738 3007,2738 3055,2738 3103,2738 3150,2738 3198,2738 3246,2738 3294,2738"/>
                <TextEquiv>
                    <Unicode>Schnitzler auch die christliche Gegenseite als egoistisch</Unicode>
                </TextEquiv>
            </TextLine>
            <TextLine id="r1l188" custom="readingOrder {index:187;}">
                <Coords points="330,2777 689,2758 1254,2790 1303,2773 1304,2730 330,2724"/>
                <Baseline points="342,2757 389,2757 437,2757 484,2758 532,2758 579,2758 627,2759 674,2759 722,2759 769,2760 817,2760 864,2760 912,2761 959,2761 1007,2762 1054,2762 1102,2763 1149,2763 1197,2764 1244,2765 1292,2765"/>
                <TextEquiv>
                    <Unicode>sich auch formell, insbesondere gegen den Schluß,</Unicode>
                </TextEquiv>
            </TextLine>
            <TextLine id="r1l189" custom="readingOrder {index:188;}">
                <Coords points="1325,2781 2250,2786 2251,2740 1326,2732"/>
                <Baseline points="1337,2766 1382,2766 1427,2766 1472,2766 1517,2766 1562,2767 1607,2767 1652,2767 1697,2767 1742,2768 1787,2768 1832,2768 1877,2769 1922,2769 1967,2770 2012,2770 2057,2771 2102,2772 2147,2772 2192,2773 2237,2774"/>
                <TextEquiv>
                    <Unicode>bilden den weiteren Inhalt des Stückes. Und aj</Unicode>
                </TextEquiv>
            </TextLine>
            <TextLine id="r1l190" custom="readingOrder {index:189;}">
                <Coords points="2322,2784 3306,2786 3306,2747 3252,2744 2323,2737"/>
                <Baseline points="2335,2777 2385,2775 2435,2774 2486,2773 2536,2773 2587,2773 2637,2774 2688,2774 2738,2775 2789,2776 2839,2777 2890,2778 2940,2779 2991,2779 3041,2780 3092,2780 3142,2780 3193,2779 3243,2778 3294,2776"/>
                <TextEquiv>
                    <Unicode>schildern — den Mißbrauch der Religion zu Partei¬</Unicode>
                </TextEquiv>
            </TextLine>
            <TextLine id="r1l191" custom="readingOrder {index:190;}">
                <Coords points="149,2785 181,2788 201,2779 213,2787 223,2782 232,2788 264,2784 288,2795 315,2791 317,2747 302,2746 292,2753 278,2743 229,2749 181,2734 173,2741 151,2743"/>
                <Baseline points="161,2776 189,2774 217,2774 246,2776 274,2778 303,2780"/>
                <TextEquiv>
                    <Unicode>können,</Unicode>
                </TextEquiv>
            </TextLine>
            <TextLine id="r1l192" custom="readingOrder {index:191;}">
                <Coords points="324,2817 365,2822 399,2800 414,2814 436,2795 499,2814 670,2799 773,2808 772,2765 753,2762 626,2772 514,2758 470,2773 424,2756 399,2775 370,2763 324,2773"/>
                <Baseline points="337,2801 363,2800 390,2798 416,2798 443,2797 469,2797 496,2796 522,2796 549,2796 575,2796 602,2797 628,2797 655,2797 681,2797 708,2798 734,2798 761,2798"/>
                <TextEquiv>
                    <Unicode>zu bedeutender Höhe.“</Unicode>
                </TextEquiv>
            </TextLine>
            <TextLine id="r1l193" custom="readingOrder {index:192;}">
                <Coords points="1321,2819 2248,2820 2248,2785 2209,2771 1321,2773"/>
                <Baseline points="1334,2808 1379,2809 1424,2810 1469,2811 1514,2811 1559,2811 1604,2811 1649,2811 1694,2811 1739,2811 1785,2811 1830,2811 1875,2810 1920,2810 1965,2810 2010,2810 2055,2810 2100,2810 2145,2811 2190,2811 2236,2812"/>
                <TextEquiv>
                    <Unicode>Schlusse muß sich der Held sagen lassen, daß</Unicode>
                </TextEquiv>
            </TextLine>
            <TextLine id="r1l194" custom="readingOrder {index:193;}">
                <Coords points="2316,2820 3299,2821 3275,2780 2316,2776"/>
                <Baseline points="2329,2817 2379,2816 2429,2815 2480,2815 2530,2815 2581,2815 2631,2815 2682,2815 2732,2816 2783,2816 2833,2817 2884,2817 2934,2817 2985,2818 3035,2818 3086,2817 3136,2817 3187,2817 3237,2815 3288,2814"/>
                <TextEquiv>
                    <Unicode>zwecken verurteilt das Christentum nicht weniger</Unicode>
                </TextEquiv>
            </TextLine>
            <TextLine id="r1l195" custom="readingOrder {index:194;}">
                <Coords points="165,2816 182,2814 198,2830 216,2820 235,2838 254,2841 272,2827 279,2832 289,2827 311,2828 312,2796 290,2795 275,2785 222,2784 214,2789 207,2781 166,2780"/>
                <Baseline points="178,2815 208,2819 238,2820 268,2820 298,2819"/>
                <TextEquiv>
                    <Unicode>sagen</Unicode>
                </TextEquiv>
            </TextLine>
            <TextLine id="r1l196" custom="readingOrder {index:195;}">
                <Coords points="404,2846 1263,2853 1309,2836 1309,2784 404,2812"/>
                <Baseline points="416,2835 460,2837 504,2837 548,2838 592,2838 636,2839 680,2839 724,2839 768,2839 812,2839 856,2838 900,2838 944,2838 988,2838 1032,2838 1076,2838 1120,2838 1164,2839 1208,2839 1252,2840 1296,2841"/>
                <TextEquiv>
                    <Unicode>Der zweite Vortrag von P. Lippert sichet</Unicode>
                </TextEquiv>
            </TextLine>
            <TextLine id="r1l197" custom="readingOrder {index:196;}">
                <Coords points="1326,2857 2277,2860 2277,2818 2229,2813 1326,2817"/>
                <Baseline points="1338,2849 1384,2848 1430,2848 1476,2848 1523,2847 1569,2847 1615,2847 1662,2847 1708,2848 1754,2848 1801,2848 1847,2848 1893,2849 1939,2849 1986,2849 2032,2849 2078,2850 2125,2850 2171,2850 2217,2850 2264,2850"/>
                <TextEquiv>
                    <Unicode>unter den obwaltenden äußeren Schwierigkeiten nicht</Unicode>
                </TextEquiv>
            </TextLine>
            <TextLine id="r1l198" custom="readingOrder {index:197;}">
                <Coords points="159,2868 191,2863 198,2868 212,2864 222,2869 232,2859 264,2860 264,2826 206,2822 198,2829 172,2807 160,2807"/>
                <Baseline points="172,2855 198,2852 225,2854 252,2855"/>
                <TextEquiv>
                    <Unicode>ich!</Unicode>
                </TextEquiv>
            </TextLine>
            <TextLine id="r1l199" custom="readingOrder {index:198;}">
                <Coords points="2316,2861 3299,2860 3282,2820 2316,2820"/>
                <Baseline points="2329,2851 2376,2851 2424,2852 2472,2853 2520,2853 2568,2854 2616,2854 2663,2855 2711,2855 2759,2856 2807,2856 2855,2856 2903,2856 2951,2857 2998,2857 3046,2857 3094,2857 3142,2857 3190,2856 3238,2856 3286,2856"/>
                <TextEquiv>
                    <Unicode>entschieden — so ändert dies nichts an der Schärfe</Unicode>
                </TextEquiv>
            </TextLine>
            <TextLine id="r1l200" custom="readingOrder {index:199;}">
                <Coords points="320,2884 1271,2895 1271,2846 1176,2834 756,2860 320,2823"/>
                <Baseline points="332,2875 378,2875 424,2876 471,2876 517,2877 564,2877 610,2878 656,2878 703,2878 749,2879 796,2879 842,2880 888,2880 935,2880 981,2881 1028,2881 1074,2881 1120,2881 1167,2881 1213,2880 1260,2880"/>
                <TextEquiv>
                    <Unicode>am Dienstag, den 11. Februar, im Richard Wig¬</Unicode>
                </TextEquiv>
            </TextLine>
            <TextLine id="r1l201" custom="readingOrder {index:200;}">
                <Coords points="1330,2891 2262,2903 2262,2856 2189,2851 1330,2852"/>
                <Baseline points="1343,2890 1388,2889 1433,2889 1479,2888 1524,2888 1569,2888 1615,2888 1660,2888 1705,2888 1751,2888 1796,2889 1841,2889 1887,2889 1932,2889 1977,2890 2023,2890 2068,2890 2113,2890 2159,2890 2204,2889 2250,2889"/>
                <TextEquiv>
                    <Unicode>klug war, seiner inneren Ueberzeugung zu folge</Unicode>
                </TextEquiv>
            </TextLine>
            <TextLine id="r1l202" custom="readingOrder {index:201;}">
                <Coords points="156,2916 168,2916 183,2901 188,2906 195,2901 207,2905 224,2893 244,2902 256,2900 266,2907 285,2906 284,2853 272,2853 262,2846 245,2861 233,2856 228,2861 155,2867"/>
                <Baseline points="169,2895 195,2892 221,2892 247,2893 273,2891"/>
                <TextEquiv>
                    <Unicode>greich</Unicode>
                </TextEquiv>
            </TextLine>
            <TextLine id="r1l203" custom="readingOrder {index:202;}">
                <Coords points="2313,2902 3304,2897 3304,2865 3253,2860 2313,2858"/>
                <Baseline points="2326,2891 2374,2891 2422,2892 2470,2893 2519,2893 2567,2894 2615,2895 2663,2895 2712,2896 2760,2897 2808,2897 2856,2897 2905,2898 2953,2898 3001,2898 3049,2898 3098,2898 3146,2898 3194,2897 3242,2896 3291,2896"/>
                <TextEquiv>
                    <Unicode>des Gegensatzes zwischen seiner Problemstellung und</Unicode>
                </TextEquiv>
            </TextLine>
            <TextLine id="r1l204" custom="readingOrder {index:203;}">
                <Coords points="323,2914 1309,2931 1280,2877 324,2875"/>
                <Baseline points="336,2912 384,2913 432,2914 480,2915 528,2916 576,2916 624,2917 672,2917 720,2918 768,2918 816,2918 864,2918 912,2919 960,2919 1008,2919 1056,2919 1104,2920 1152,2920 1200,2920 1248,2921 1296,2921"/>
                <TextEquiv>
                    <Unicode>nersaal des Hotel „Bayerischer Hof“ statt und</Unicode>
                </TextEquiv>
            </TextLine>
            <TextLine id="r1l205" custom="readingOrder {index:204;}">
                <Coords points="1320,2941 2275,2936 2250,2889 1321,2885"/>
                <Baseline points="1333,2928 1379,2927 1426,2926 1472,2926 1519,2926 1565,2925 1612,2925 1658,2926 1705,2926 1751,2926 1798,2927 1844,2927 1891,2927 1937,2928 1984,2928 2030,2928 2077,2928 2123,2928 2170,2928 2216,2927 2263,2927"/>
                <TextEquiv>
                    <Unicode>Der geschmeidige Hofrat vertritt dem starren Prin¬</Unicode>
                </TextEquiv>
            </TextLine>
            <TextLine id="r1l206" custom="readingOrder {index:205;}">
                <Coords points="175,2923 199,2927 217,2944 271,2942 286,2948 310,2947 308,2908 294,2909 284,2902 262,2905 254,2898 240,2901 225,2892 213,2902 203,2898 174,2901"/>
                <Baseline points="188,2934 215,2936 242,2934 269,2932 296,2932"/>
                <TextEquiv>
                    <Unicode>Nur</Unicode>
                </TextEquiv>
            </TextLine>
            <TextLine id="r1l207" custom="readingOrder {index:206;}">
                <Coords points="2321,2935 3068,2937 3068,2903 3002,2898 2321,2898"/>
                <Baseline points="2333,2930 2369,2931 2405,2932 2441,2933 2477,2933 2513,2934 2549,2934 2585,2934 2621,2935 2657,2935 2694,2935 2730,2935 2766,2935 2802,2935 2838,2935 2874,2935 2910,2935 2946,2934 2982,2934 3018,2934 3055,2934"/>
                <TextEquiv>
                    <Unicode>der christlichen Idee. Und diese Idee</Unicode>
                </TextEquiv>
            </TextLine>
            <TextLine id="r1l208" custom="readingOrder {index:207;}">
                <Coords points="3161,2944 3176,2943 3197,2959 3217,2942 3225,2947 3237,2938 3277,2955 3299,2951 3295,2895 3232,2905 3224,2900 3196,2915 3186,2915 3171,2904 3158,2905"/>
                <Baseline points="3174,2940 3202,2939 3230,2936 3258,2933 3286,2934"/>
                <TextEquiv>
                    <Unicode>8, die</Unicode>
                </TextEquiv>
            </TextLine>
            <TextLine id="r1l209" custom="readingOrder {index:208;}">
                <Coords points="332,2963 415,2968 459,2952 476,2966 649,2967 673,2955 827,2972 827,2921 810,2919 725,2913 690,2928 568,2910 546,2930 490,2910 444,2927 332,2917"/>
                <Baseline points="344,2956 370,2956 396,2955 422,2955 448,2955 474,2955 500,2955 526,2955 552,2955 579,2955 605,2956 631,2956 657,2956 683,2957 709,2957 735,2957 761,2956 787,2956 814,2956"/>
                <TextEquiv>
                    <Unicode>führt den Titel „Pfli</Unicode>
                </TextEquiv>
            </TextLine>
            <TextLine id="r1l210" custom="readingOrder {index:209;}">
                <Coords points="898,2961 1010,2969 1030,2955 1059,2969 1096,2959 1120,2973 1176,2955 1240,2967 1276,2947 1276,2922 1107,2927 1061,2908 1022,2935 973,2916 898,2937"/>
                <Baseline points="909,2960 934,2959 959,2958 985,2957 1010,2957 1036,2956 1061,2955 1087,2955 1112,2955 1137,2955 1163,2955 1188,2955 1214,2955 1239,2955 1265,2955"/>
                <TextEquiv>
                    <Unicode>und Freiheis“</Unicode>
                </TextEquiv>
            </TextLine>
            <TextLine id="r1l211" custom="readingOrder {index:210;}">
                <Coords points="1312,2979 2242,2980 2242,2938 2166,2926 1312,2935"/>
                <Baseline points="1325,2969 1370,2968 1415,2967 1460,2966 1506,2966 1551,2965 1596,2965 1641,2965 1687,2965 1732,2965 1777,2966 1822,2966 1868,2967 1913,2967 1958,2967 2003,2968 2049,2968 2094,2969 2139,2969 2184,2970 2230,2970"/>
                <TextEquiv>
                    <Unicode>zivienreiter gegenüber die Moral der Klugheit, di</Unicode>
                </TextEquiv>
            </TextLine>
            <TextLine id="r1l212" custom="readingOrder {index:211;}">
                <Coords points="148,2989 182,2975 201,2975 221,2984 245,2976 258,2986 277,2980 290,2992 317,2994 315,2943 218,2943 183,2919 146,2925"/>
                <Baseline points="159,2973 187,2972 216,2971 245,2970 274,2970 303,2969"/>
                <TextEquiv>
                    <Unicode>nstren¬</Unicode>
                </TextEquiv>
            </TextLine>
            <TextLine id="r1l213" custom="readingOrder {index:212;}">
                <Coords points="2315,2976 3303,2971 3276,2944 2962,2919 2908,2953 2315,2934"/>
                <Baseline points="2328,2972 2376,2972 2424,2971 2472,2971 2520,2972 2568,2972 2616,2972 2664,2973 2712,2973 2760,2974 2809,2974 2857,2974 2905,2975 2953,2975 3001,2975 3049,2975 3097,2975 3145,2974 3193,2973 3241,2972 3290,2971"/>
                <TextEquiv>
                    <Unicode>das Stück inhaltlich mit aller Entschiedenheit ab¬</Unicode>
                </TextEquiv>
            </TextLine>
            <TextLine id="r1l214" custom="readingOrder {index:213;}">
                <Coords points="323,2990 1267,3011 1299,2999 1299,2941 1123,2972 323,2958"/>
                <Baseline points="334,2993 381,2994 429,2995 476,2995 524,2996 572,2996 619,2996 667,2997 715,2997 762,2997 810,2996 858,2996 905,2996 953,2996 1001,2996 1048,2996 1096,2996 1144,2996 1191,2997 1239,2997 1287,2998"/>
                <TextEquiv>
                    <Unicode>Er wird zeigen, welche Bedeutung das Sittliche</Unicode>
                </TextEquiv>
            </TextLine>
            <TextLine id="r1l215" custom="readingOrder {index:214;}">
                <Coords points="1314,3012 2251,3022 2278,2979 1314,2981"/>
                <Baseline points="1327,3008 1373,3007 1420,3006 1467,3006 1514,3005 1561,3005 1608,3005 1655,3005 1702,3006 1749,3006 1796,3006 1842,3006 1889,3007 1936,3007 1983,3008 2030,3008 2077,3008 2124,3008 2171,3008 2218,3008 2265,3008"/>
                <TextEquiv>
                    <Unicode>Erreichbaren. Und als Bernhardi meint, in seinem</Unicode>
                </TextEquiv>
            </TextLine>
            <TextLine id="r1l216" custom="readingOrder {index:215;}">
                <Coords points="146,3019 168,3016 178,3025 199,3025 212,3017 243,3024 253,3014 275,3024 290,3016 312,3018 311,2979 260,2982 243,2975 211,2983 199,2974 177,2974 160,2987 145,2987"/>
                <Baseline points="159,3015 187,3011 215,3009 243,3008 271,3010 300,3012"/>
                <TextEquiv>
                    <Unicode>Wahre</Unicode>
                </TextEquiv>
            </TextLine>
            <TextLine id="r1l217" custom="readingOrder {index:216;}">
                <Coords points="2315,3016 3296,3008 3296,2979 3196,2971 2315,2975"/>
                <Baseline points="2326,3010 2373,3010 2421,3011 2469,3011 2517,3012 2565,3012 2613,3013 2661,3013 2709,3014 2757,3014 2805,3015 2852,3015 2900,3015 2948,3015 2996,3015 3044,3015 3092,3015 3140,3015 3188,3014 3236,3013 3284,3012"/>
                <TextEquiv>
                    <Unicode>lehnen muß. Nur mit dieser inhaltlichen Seite</Unicode>
                </TextEquiv>
            </TextLine>
            <TextLine id="r1l218" custom="readingOrder {index:217;}">
                <Coords points="317,3042 1275,3048 1300,2999 546,3013 316,2984"/>
                <Baseline points="329,3034 379,3035 429,3035 480,3035 530,3035 581,3036 631,3036 682,3036 732,3036 783,3035 833,3035 884,3035 934,3035 985,3035 1035,3035 1086,3034 1136,3034 1187,3034 1237,3034 1288,3034"/>
                <TextEquiv>
                    <Unicode>in unserem Leben hat, welche Konslikte das Sitten¬</Unicode>
                </TextEquiv>
            </TextLine>
            <TextLine id="r1l219" custom="readingOrder {index:218;}">
                <Coords points="1310,3061 2269,3053 2269,3017 2213,3012 1310,3010"/>
                <Baseline points="1321,3050 1367,3048 1414,3047 1461,3047 1508,3046 1555,3046 1601,3046 1648,3046 1695,3046 1742,3046 1789,3046 1835,3047 1882,3047 1929,3047 1976,3047 2023,3047 2069,3047 2116,3047 2163,3047 2210,3046 2257,3045"/>
                <TextEquiv>
                    <Unicode>Falle hätte der Hofrat genau so gehandelt, erwidert</Unicode>
                </TextEquiv>
            </TextLine>
            <TextLine id="r1l220" custom="readingOrder {index:219;}">
                <Coords points="176,3059 220,3056 230,3063 237,3058 259,3065 276,3059 288,3069 315,3071 314,3005 299,3005 285,3020 251,3016 236,3024 212,3017 195,3025 175,3025"/>
                <Baseline points="187,3055 216,3050 245,3049 274,3050 303,3051"/>
                <TextEquiv>
                    <Unicode>wehe</Unicode>
                </TextEquiv>
            </TextLine>
            <TextLine id="r1l221" custom="readingOrder {index:220;}">
                <Coords points="2310,3047 3296,3064 3281,3020 2310,3010"/>
                <Baseline points="2322,3052 2370,3051 2418,3050 2466,3049 2514,3049 2562,3049 2610,3050 2658,3050 2706,3051 2754,3052 2803,3052 2851,3053 2899,3054 2947,3054 2995,3055 3043,3055 3091,3055 3139,3054 3187,3053 3235,3052 3284,3050"/>
                <TextEquiv>
                    <Unicode>haben wir uns hier beschäftigt, mit Absicht sahen</Unicode>
                </TextEquiv>
            </TextLine>
            <TextLine id="r1l222" custom="readingOrder {index:221;}">
                <Coords points="326,3082 1231,3090 1295,3071 1295,3032 326,3036"/>
                <Baseline points="337,3072 384,3072 431,3072 478,3072 526,3072 573,3072 620,3072 667,3072 715,3072 762,3072 809,3073 856,3073 904,3073 951,3073 998,3073 1045,3073 1093,3073 1140,3073 1187,3073 1234,3072 1282,3072"/>
                <TextEquiv>
                    <Unicode>gesetz mit seinen ostmals harten Forderungen her¬</Unicode>
                </TextEquiv>
            </TextLine>
            <TextLine id="r1l223" custom="readingOrder {index:222;}">
                <Coords points="1318,3092 1440,3101 1457,3084 1498,3099 1669,3092 1669,3063 1642,3063 1616,3041 1574,3057 1545,3045 1462,3062 1389,3047 1357,3061 1318,3044"/>
                <Baseline points="1330,3084 1355,3084 1380,3084 1405,3085 1430,3085 1456,3085 1481,3086 1506,3086 1531,3087 1557,3087 1582,3087 1607,3086 1632,3085 1658,3084"/>
                <TextEquiv>
                    <Unicode>dieser: „Möglich.</Unicode>
                </TextEquiv>
            </TextLine>
            <TextLine id="r1l224" custom="readingOrder {index:223;}">
                <Coords points="2105,3088 2127,3088 2146,3099 2188,3090 2210,3095 2219,3091 2239,3101 2256,3087 2276,3089 2276,3060 2264,3060 2255,3050 2232,3059 2213,3051 2196,3056 2191,3051 2106,3054"/>
                <Baseline points="2116,3087 2145,3087 2175,3088 2204,3089 2234,3090 2264,3089"/>
                <TextEquiv>
                    <Unicode>entschuls</Unicode>
                </TextEquiv>
            </TextLine>
            <TextLine id="r1l225" custom="readingOrder {index:224;}">
                <Coords points="1712,3084 1768,3095 1800,3083 1814,3098 1863,3107 1897,3092 1924,3110 1961,3091 1978,3101 2066,3088 2066,3066 2022,3051 1952,3059 1918,3046 1888,3065 1871,3048 1790,3064 1752,3044 1712,3060"/>
                <Baseline points="1724,3088 1749,3088 1774,3087 1800,3087 1825,3087 1850,3088 1876,3088 1901,3088 1927,3089 1952,3090 1977,3091 2003,3091 2028,3092 2054,3093"/>
                <TextEquiv>
                    <Unicode>Da wär ich halt</Unicode>
                </TextEquiv>
            </TextLine>
            <TextLine id="r1l226" custom="readingOrder {index:225;}">
                <Coords points="2318,3093 3294,3096 3272,3056 2318,3054"/>
                <Baseline points="2329,3089 2376,3088 2424,3088 2471,3088 2519,3088 2567,3089 2614,3090 2662,3091 2710,3092 2757,3093 2805,3094 2853,3094 2900,3095 2948,3096 2996,3096 3043,3096 3091,3095 3139,3094 3186,3093 3234,3091 3282,3088"/>
                <TextEquiv>
                    <Unicode>wir ab von der künstlerischen Ausbildung des Pro¬</Unicode>
                </TextEquiv>
            </TextLine>
            <TextLine id="r1l227" custom="readingOrder {index:226;}">
                <Coords points="155,3099 170,3102 187,3095 196,3105 209,3107 231,3088 240,3098 245,3093 257,3103 272,3099 289,3104 302,3094 316,3095 317,3073 290,3070 270,3057 261,3064 236,3064 222,3056 156,3060"/>
                <Baseline points="167,3092 194,3091 221,3091 249,3092 276,3093 304,3093"/>
                <TextEquiv>
                    <Unicode>trägen</Unicode>
                </TextEquiv>
            </TextLine>
            <TextLine id="r1l228" custom="readingOrder {index:227;}">
                <Coords points="323,3112 1128,3129 1169,3105 1306,3134 1306,3069 323,3083"/>
                <Baseline points="335,3111 382,3111 430,3112 478,3112 526,3113 574,3113 622,3113 670,3114 718,3114 766,3114 814,3114 861,3114 909,3115 957,3115 1005,3115 1053,3115 1101,3114 1149,3114 1197,3114 1245,3114 1293,3113"/>
                <TextEquiv>
                    <Unicode>aufbeschwört, und wie wir diese Konslikte über¬</Unicode>
                </TextEquiv>
            </TextLine>
            <TextLine id="r1l229" custom="readingOrder {index:228;}">
                <Coords points="173,3145 193,3147 209,3132 219,3131 241,3135 249,3142 254,3137 266,3141 275,3133 290,3138 317,3136 315,3095 257,3103 244,3093 237,3099 227,3089 208,3110 186,3096 171,3097"/>
                <Baseline points="185,3129 215,3127 245,3125 275,3123 305,3125"/>
                <TextEquiv>
                    <Unicode>s Be¬</Unicode>
                </TextEquiv>
            </TextLine>
            <TextLine id="r1l230" custom="readingOrder {index:229;}">
                <Coords points="1310,3134 2288,3159 2288,3098 2259,3088 1310,3086"/>
                <Baseline points="1322,3127 1369,3127 1417,3127 1465,3128 1512,3128 1560,3129 1608,3129 1655,3129 1703,3130 1751,3130 1799,3130 1846,3131 1894,3131 1942,3131 1989,3131 2037,3131 2085,3131 2132,3131 2180,3131 2228,3131 2276,3131"/>
                <TextEquiv>
                    <Unicode>digen schon, Herr Professor, — grad' so ein Viech</Unicode>
                </TextEquiv>
            </TextLine>
            <TextLine id="r1l231" custom="readingOrder {index:230;}">
                <Coords points="2312,3139 3298,3133 3259,3096 2312,3097"/>
                <Baseline points="2323,3126 2371,3127 2419,3127 2467,3128 2515,3128 2563,3129 2611,3129 2660,3130 2708,3131 2756,3131 2804,3132 2852,3132 2900,3132 2948,3133 2997,3133 3045,3133 3093,3133 3141,3133 3189,3132 3237,3131 3286,3131"/>
                <TextEquiv>
                    <Unicode>blems. „Die Lebensansicht Arthur Schnitzlers, die</Unicode>
                </TextEquiv>
            </TextLine>
            <TextLine id="r1l232" custom="readingOrder {index:231;}">
                <Coords points="329,3156 583,3142 676,3174 1120,3146 1296,3171 1296,3113 1169,3105 329,3117"/>
                <Baseline points="341,3151 388,3152 435,3152 482,3152 529,3152 576,3152 623,3152 671,3153 718,3153 765,3153 812,3153 859,3153 906,3154 953,3154 1001,3154 1048,3154 1095,3154 1142,3154 1189,3154 1236,3154 1284,3154"/>
                <TextEquiv>
                    <Unicode>winden und fruchtbar für uns machen können.)</Unicode>
                </TextEquiv>
            </TextLine>
            <TextLine id="r1l233" custom="readingOrder {index:232;}">
                <Coords points="1313,3186 1372,3199 1389,3181 1421,3195 1454,3177 1545,3195 1606,3179 1625,3190 1664,3175 1689,3184 1687,3128 1668,3124 1590,3130 1571,3143 1534,3129 1488,3143 1436,3127 1312,3139"/>
                <Baseline points="1325,3169 1350,3168 1375,3167 1400,3167 1425,3167 1450,3168 1475,3168 1500,3168 1525,3168 1550,3168 1575,3167 1600,3166 1625,3162 1650,3159 1676,3154"/>
                <TextEquiv>
                    <Unicode>gewesen wie Sie“</Unicode>
                </TextEquiv>
            </TextLine>
            <TextLine id="r1l234" custom="readingOrder {index:233;}">
                <Coords points="194,3190 207,3190 231,3173 277,3181 290,3171 319,3169 319,3137 287,3137 283,3132 275,3132 265,3142 248,3142 241,3134 212,3134 207,3129 195,3129"/>
                <Baseline points="206,3167 231,3168 256,3167 281,3167 306,3169"/>
                <TextEquiv>
                    <Unicode>über</Unicode>
                </TextEquiv>
            </TextLine>
            <TextLine id="r1l235" custom="readingOrder {index:234;}">
                <Coords points="2305,3176 3284,3184 3284,3152 3206,3132 2306,3137"/>
                <Baseline points="2317,3166 2364,3166 2412,3166 2460,3166 2507,3167 2555,3167 2603,3168 2650,3169 2698,3170 2746,3170 2794,3171 2841,3172 2889,3172 2937,3173 2984,3174 3032,3174 3080,3174 3127,3174 3175,3174 3223,3174 3271,3174"/>
                <TextEquiv>
                    <Unicode>er in diesem Stück zum Ausdruck bringt, wollten</Unicode>
                </TextEquiv>
            </TextLine>
            <TextLine id="r1l236" custom="readingOrder {index:235;}">
                <Coords points="325,3204 1303,3211 1304,3150 325,3162"/>
                <Baseline points="338,3185 385,3187 433,3188 481,3189 528,3190 576,3191 624,3192 671,3193 719,3194 767,3194 815,3195 862,3195 910,3195 958,3195 1005,3195 1053,3195 1101,3195 1148,3194 1196,3194 1244,3193 1292,3192"/>
                <TextEquiv>
                    <Unicode>Wer P. Lippert einmal gehört, wird dem Vor¬</Unicode>
                </TextEquiv>
            </TextLine>
            <TextLine id="r1l237" custom="readingOrder {index:236;}">
                <Coords points="193,3218 206,3218 215,3210 225,3209 230,3214 247,3213 254,3218 262,3215 274,3225 284,3217 308,3216 306,3170 289,3170 280,3178 265,3179 255,3179 250,3174 241,3177 233,3172 216,3181 209,3176 192,3177"/>
                <Baseline points="206,3212 235,3210 265,3208 295,3209"/>
                <TextEquiv>
                    <Unicode>der</Unicode>
                </TextEquiv>
            </TextLine>
            <TextLine id="r1l238" custom="readingOrder {index:237;}">
                <Coords points="2303,3209 3269,3239 3294,3190 2303,3168"/>
                <Baseline points="2315,3205 2363,3206 2411,3208 2459,3209 2508,3210 2556,3211 2604,3211 2653,3211 2701,3212 2749,3212 2798,3212 2846,3212 2894,3211 2942,3211 2991,3211 3039,3211 3087,3212 3136,3212 3184,3213 3232,3213 3281,3214"/>
                <TextEquiv>
                    <Unicode>wir darlegen, und diese Lebensansicht lehnen wir</Unicode>
                </TextEquiv>
            </TextLine>
            <TextLine id="r1l239" custom="readingOrder {index:238;}">
                <Coords points="328,3232 467,3242 553,3226 584,3256 624,3232 782,3243 824,3219 853,3227 853,3200 815,3192 329,3198"/>
                <Baseline points="340,3227 365,3227 390,3227 415,3227 440,3228 465,3228 490,3229 515,3229 540,3230 565,3231 590,3231 615,3232 640,3232 665,3233 690,3233 715,3234 740,3234 765,3234 790,3234 815,3234 840,3233"/>
                <TextEquiv>
                    <Unicode>tragszyklus treu bleiben</Unicode>
                </TextEquiv>
            </TextLine>
            <TextLine id="r1l240" custom="readingOrder {index:239;}">
                <Coords points="924,3226 960,3245 1075,3228 1146,3248 1165,3231 1194,3231 1304,3256 1304,3190 1199,3195 1182,3207 1112,3194 1095,3209 1065,3194 1029,3202 968,3189 924,3199"/>
                <Baseline points="937,3230 962,3231 987,3231 1013,3231 1038,3231 1064,3232 1089,3232 1115,3232 1140,3232 1165,3232 1191,3232 1216,3232 1242,3232 1267,3231 1293,3231"/>
                <TextEquiv>
                    <Unicode>Karten bei Otto</Unicode>
                </TextEquiv>
            </TextLine>
            <TextLine id="r1l241" custom="readingOrder {index:240;}">
                <Coords points="194,3250 207,3249 220,3258 231,3249 244,3261 254,3257 273,3258 282,3248 292,3252 299,3246 312,3245 309,3216 287,3215 280,3221 270,3217 265,3220 260,3215 248,3219 243,3214 231,3215 223,3208 216,3209 204,3220 192,3221"/>
                <Baseline points="208,3252 238,3248 269,3246 300,3244"/>
                <TextEquiv>
                    <Unicode>hin¬</Unicode>
                </TextEquiv>
            </TextLine>
            <TextLine id="r1l242" custom="readingOrder {index:241;}">
                <Coords points="2302,3259 2360,3274 2534,3251 2604,3271 2634,3254 2673,3274 2863,3251 2963,3279 2963,3225 2920,3212 2302,3207"/>
                <Baseline points="2315,3246 2346,3246 2378,3247 2410,3247 2442,3247 2474,3248 2505,3248 2537,3248 2569,3248 2601,3249 2633,3249 2664,3249 2696,3249 2728,3249 2760,3250 2792,3250 2823,3250 2855,3250 2887,3251 2919,3251 2951,3252"/>
                <TextEquiv>
                    <Unicode>im Namen des Christentums ab.</Unicode>
                </TextEquiv>
            </TextLine>
            <TextLine id="r1l243" custom="readingOrder {index:242;}">
                <Coords points="1386,3255 2208,3259 2274,3282 2294,3214 1386,3214"/>
                <Baseline points="1398,3254 1442,3255 1486,3255 1530,3255 1574,3256 1618,3256 1662,3257 1706,3257 1750,3257 1794,3258 1839,3258 1883,3258 1927,3259 1971,3259 2015,3259 2059,3259 2103,3259 2147,3259 2191,3259 2235,3258 2280,3258"/>
                <TextEquiv>
                    <Unicode>Der Verfasser will also die Handlungsweise</Unicode>
                </TextEquiv>
            </TextLine>
            <TextLine id="r1l244" custom="readingOrder {index:243;}">
                <Coords points="328,3271 364,3277 394,3268 415,3278 455,3279 470,3265 484,3265 494,3275 523,3274 524,3232 500,3234 477,3248 444,3230 421,3239 329,3232"/>
                <Baseline points="340,3267 368,3268 396,3269 425,3269 453,3270 481,3271 510,3271"/>
                <TextEquiv>
                    <Unicode>Bauer, k</Unicode>
                </TextEquiv>
            </TextLine>
            <TextLine id="r1l245" custom="readingOrder {index:244;}">
                <Coords points="663,3299 1120,3296 1144,3274 1232,3292 1300,3285 1300,3243 961,3246 824,3217 800,3242 663,3245"/>
                <Baseline points="676,3274 706,3275 737,3275 767,3276 798,3276 829,3276 859,3276 890,3276 920,3275 951,3275 982,3275 1012,3274 1043,3274 1073,3274 1104,3273 1135,3273 1165,3272 1196,3272 1226,3272 1257,3272 1288,3272"/>
                <TextEquiv>
                    <Unicode>Hofmusikalienhandlung, Maxi¬</Unicode>
                </TextEquiv>
            </TextLine>
            <TextLine id="r1l246" custom="readingOrder {index:245;}">
                <Coords points="144,3289 200,3290 205,3295 302,3290 303,3253 240,3254 220,3249 213,3254 191,3234 169,3253 144,3250"/>
                <Baseline points="157,3284 183,3283 210,3284 236,3285 263,3285 290,3285"/>
                <TextEquiv>
                    <Unicode>itlichen</Unicode>
                </TextEquiv>
            </TextLine>
            <TextLine id="r1l247" custom="readingOrder {index:246;}">
                <Coords points="1317,3304 2298,3294 2208,3259 1317,3255"/>
                <Baseline points="1330,3293 1377,3294 1425,3296 1473,3297 1521,3298 1569,3299 1616,3299 1664,3300 1712,3300 1760,3301 1808,3301 1855,3301 1903,3301 1951,3301 1999,3301 2047,3301 2094,3300 2142,3300 2190,3300 2238,3300 2286,3299"/>
                <TextEquiv>
                    <Unicode>des Prof. Bernhardi nicht schlechthin verteidigen,</Unicode>
                </TextEquiv>
            </TextLine>
            <TextLine id="r1l248" custom="readingOrder {index:247;}">
                <Coords points="326,3317 343,3313 367,3333 511,3314 574,3336 619,3324 650,3335 651,3279 627,3286 596,3263 529,3286 483,3265 327,3273"/>
                <Baseline points="338,3305 363,3305 388,3305 413,3306 438,3306 463,3307 488,3307 513,3308 538,3309 563,3310 588,3310 613,3311 638,3311"/>
                <TextEquiv>
                    <Unicode>mlianstraße 5.</Unicode>
                </TextEquiv>
            </TextLine>
            <TextLine id="r1l249" custom="readingOrder {index:248;}">
                <Coords points="2596,3314 2635,3332 2818,3320 3084,3344 3267,3331 3268,3289 3122,3255 2997,3277 2868,3255 2758,3278 2597,3265"/>
                <Baseline points="2609,3310 2641,3309 2673,3309 2705,3308 2738,3308 2770,3308 2802,3308 2834,3308 2867,3309 2899,3309 2931,3310 2963,3310 2996,3311 3028,3312 3060,3313 3092,3314 3125,3315 3157,3316 3189,3318 3221,3319 3254,3321"/>
                <TextEquiv>
                    <Unicode>Dr. Jos. Froberger (Bonn).</Unicode>
                </TextEquiv>
            </TextLine>
            <TextLine id="r1l250" custom="readingOrder {index:249;}">
                <Coords points="159,3335 176,3336 186,3326 211,3334 228,3327 245,3333 272,3333 276,3338 281,3333 303,3334 305,3285 290,3282 280,3292 263,3291 258,3296 221,3290 207,3295 187,3290 180,3297 160,3294"/>
                <Baseline points="173,3324 202,3323 232,3324 261,3325 291,3326"/>
                <TextEquiv>
                    <Unicode>piellen</Unicode>
                </TextEquiv>
            </TextLine>
            <TextLine id="r1l251" custom="readingOrder {index:250;}">
                <Coords points="1316,3334 2248,3350 2287,3301 1316,3304"/>
                <Baseline points="1328,3335 1375,3335 1422,3336 1470,3336 1517,3336 1565,3336 1612,3337 1659,3337 1707,3338 1754,3338 1802,3338 1849,3339 1896,3339 1944,3339 1991,3339 2039,3339 2086,3339 2133,3339 2181,3339 2228,3338 2276,3337"/>
                <TextEquiv>
                    <Unicode>er findet sie vielmehr unklug und ungeschickt. Aber</Unicode>
                </TextEquiv>
            </TextLine>
            <TextLine id="r1l252" custom="readingOrder {index:251;}">
                <Coords points="1863,3360 1875,3362 1882,3366 1890,3362 1902,3364 1905,3342 1886,3339 1881,3341 1866,3339"/>
                <Baseline points="1876,3358 1890,3360"/>
                <TextEquiv>
                    <Unicode>*#</Unicode>
                </TextEquiv>
            </TextLine>
            <TextLine id="r1l253" custom="readingOrder {index:252;}">
                <Coords points="158,3371 178,3372 185,3379 197,3372 214,3385 246,3376 270,3391 280,3386 302,3392 303,3333 276,3337 272,3332 225,3329 210,3334 201,3326 159,3330"/>
                <Baseline points="172,3363 201,3365 231,3365 260,3365 290,3367"/>
                <TextEquiv>
                    <Unicode>eligion</Unicode>
                </TextEquiv>
            </TextLine>
            <TextLine id="r1l254" custom="readingOrder {index:253;}">
                <Coords points="1315,3377 2301,3385 2301,3350 2210,3338 1315,3334"/>
                <Baseline points="1328,3375 1376,3375 1424,3376 1472,3376 1520,3376 1568,3376 1616,3376 1664,3377 1712,3377 1760,3377 1808,3377 1856,3377 1904,3377 1952,3377 2000,3377 2048,3377 2096,3377 2144,3377 2192,3377 2240,3378 2288,3378"/>
                <TextEquiv>
                    <Unicode>das Intrigantentum der Vertreter der christlichen,</Unicode>
                </TextEquiv>
            </TextLine>
            <TextLine id="r1l255" custom="readingOrder {index:254;}">
                <Coords points="1310,3398 1417,3426 1856,3407 2188,3432 2283,3424 2284,3380 1310,3381"/>
                <Baseline points="1321,3414 1368,3414 1416,3415 1463,3416 1511,3416 1558,3417 1606,3417 1653,3417 1701,3417 1748,3418 1796,3418 1843,3418 1891,3418 1938,3418 1986,3417 2033,3417 2081,3417 2128,3417 2176,3416 2223,3416 2271,3415"/>
                <TextEquiv>
                    <Unicode>Idee, ihre Ausnutzung des Falles zu egoistischen</Unicode>
                </TextEquiv>
            </TextLine>
            <TextLine id="r1l256" custom="readingOrder {index:255;}">
                <Coords points="332,3439 871,3453 947,3429 1235,3457 1293,3448 1294,3387 333,3361"/>
                <Baseline points="344,3417 390,3419 437,3421 484,3422 531,3423 578,3423 625,3424 671,3424 718,3424 765,3424 812,3424 859,3424 906,3424 953,3425 999,3425 1046,3426 1093,3427 1140,3428 1187,3429 1234,3432 1281,3434"/>
                <TextEquiv>
                    <Unicode>in Kampf um das Sterbebett.</Unicode>
                </TextEquiv>
            </TextLine>
            <TextLine id="r1l257" custom="readingOrder {index:256;}">
                <Coords points="184,3456 205,3449 211,3454 220,3453 225,3448 251,3443 261,3448 276,3444 289,3453 303,3452 300,3410 288,3411 283,3407 271,3410 258,3399 251,3407 180,3410"/>
                <Baseline points="196,3444 227,3442 258,3440 289,3437"/>
                <TextEquiv>
                    <Unicode>zwi¬</Unicode>
                </TextEquiv>
            </TextLine>
            <TextLine id="r1l258" custom="readingOrder {index:257;}">
                <Coords points="1309,3449 2285,3460 2268,3421 1309,3410"/>
                <Baseline points="1321,3453 1368,3454 1416,3454 1463,3454 1511,3454 1559,3454 1606,3453 1654,3453 1702,3453 1749,3452 1797,3452 1845,3452 1892,3451 1940,3451 1988,3452 2035,3452 2083,3453 2131,3454 2178,3455 2226,3457 2274,3458"/>
                <TextEquiv>
                    <Unicode>Parteizwecken heben doch wieder die Gestalt des</Unicode>
                </TextEquiv>
            </TextLine>
            <TextLine id="r1l259" custom="readingOrder {index:258;}">
                <Coords points="184,3495 201,3498 221,3489 226,3494 233,3489 250,3492 282,3478 287,3483 299,3483 300,3454 288,3453 283,3448 268,3453 254,3443 241,3448 222,3447 214,3455 205,3449 185,3452"/>
                <Baseline points="198,3479 228,3479 258,3479 288,3481"/>
                <TextEquiv>
                    <Unicode>reli¬</Unicode>
                </TextEquiv>
            </TextLine>
            <TextLine id="r1l260" custom="readingOrder {index:259;}">
                <Coords points="397,3491 1295,3495 1295,3453 1186,3441 398,3447"/>
                <Baseline points="410,3485 453,3486 497,3486 541,3486 584,3486 628,3486 672,3486 715,3485 759,3485 803,3485 847,3485 890,3485 934,3486 978,3486 1021,3486 1065,3487 1109,3487 1152,3488 1196,3489 1240,3490 1284,3492"/>
                <TextEquiv>
                    <Unicode>Im Münchner Schauspielhaus kommt heute</Unicode>
                </TextEquiv>
            </TextLine>
            <TextLine id="r1l261" custom="readingOrder {index:260;}">
                <Coords points="1313,3497 2289,3502 2289,3465 2201,3455 1313,3453"/>
                <Baseline points="1326,3494 1373,3493 1421,3492 1468,3492 1516,3491 1563,3491 1611,3491 1658,3492 1706,3492 1753,3492 1801,3493 1848,3493 1896,3494 1943,3495 1991,3495 2038,3495 2086,3496 2133,3496 2181,3496 2228,3496 2276,3496"/>
                <TextEquiv>
                    <Unicode>überzeugungstreuen Professors hell auf dunklem</Unicode>
                </TextEquiv>
            </TextLine>
            <TextLine id="r1l262" custom="readingOrder {index:261;}">
                <Coords points="142,3541 159,3544 184,3528 201,3530 210,3540 271,3527 303,3552 320,3537 332,3538 333,3489 309,3486 284,3500 270,3485 231,3487 201,3501 184,3491 143,3490"/>
                <Baseline points="155,3520 182,3521 210,3522 238,3522 265,3522 293,3523 321,3524"/>
                <TextEquiv>
                    <Unicode>n und</Unicode>
                </TextEquiv>
            </TextLine>
            <TextLine id="r1l263" custom="readingOrder {index:262;}">
                <Coords points="346,3531 1165,3552 1292,3541 1293,3492 346,3477"/>
                <Baseline points="357,3526 403,3526 449,3526 495,3526 541,3526 587,3526 633,3526 679,3527 725,3527 771,3527 818,3527 864,3527 910,3528 956,3528 1002,3529 1048,3529 1094,3530 1140,3531 1186,3532 1232,3533 1279,3534"/>
                <TextEquiv>
                    <Unicode>Hamstag erstmalig Arthur Schnitzlers Komödie</Unicode>
                </TextEquiv>
            </TextLine>
            <TextLine id="r1l264" custom="readingOrder {index:263;}">
                <Coords points="1306,3556 1972,3537 2304,3569 2322,3508 1307,3490"/>
                <Baseline points="1318,3535 1367,3534 1417,3534 1466,3533 1516,3533 1565,3533 1615,3534 1664,3534 1714,3534 1763,3535 1813,3535 1863,3536 1912,3536 1962,3537 2011,3538 2061,3538 2110,3539 2160,3540 2209,3540 2259,3540 2309,3540"/>
                <TextEquiv>
                    <Unicode>Hintergrunde ab und der Eindruck bleibt, daß seine</Unicode>
                </TextEquiv>
            </TextLine>
            <TextEquiv>
                <Unicode>S
Be
box 30//3
25 ProfEnhandi
Duantr
3
in für
Konfessionsloser. Von auswärts wurden 12 Leichen
München und vom Bahnhof aus von der Sanitäts¬
Obrreglfing, 8. Febr.
uszeichnung.
iale des
nach München zur Einäscherung verbracht. An
kolonne in die chirurgische Klinik verbracht. — In
Seine Königliche Hoheit der Prinzregent, des
Pfarr¬
Erklärungen und letztwilligen Verfügungen für
der Mühldorferstraße geriet heute ein Fuhrmann
Königreichs Bayern Verweser, haben am 22. Ja¬
einen
Feuerbestattung sind bei der Friedhofinspeltion 177
unter die Räder seines Fuhrwerkes. Der Verun¬
Hllar Ll##allergnädigsge
Betternen
tellte
hinterlegt worden. Ueber die Hinterlegung wird
glückte erlitt bedeutende Quetschwunden und Oner¬
rattyias Schretter in Obereglfing für die
ogramm j eine offizielle Bestätigung ausgefertigt. — Es gibt
schungen n beidene n derSitenare wllingene Rettung eines
Sahen
SEN
aineenenamerian
DIE
Wollen, zwischen den sozialen Geboten und den
„Professor Bernhardi“ zur Aufführung,
Auffassung der „Euphorie“ d. h. der Abwehr jeder
individuellen Interessen.
die bei ihrem Erscheinen in Wien, Berlin und an¬
Störung einer solchen glücklichen Sterbestimmung,
Alle diese Forderungen lassen sich dahin zu
t S. 7.
deren Städten bereits viel erörtert worden ist. Es
die richtige sei. Und dieser Eindruck gibt dem Stücke
sammenfassen, daß das Leben uns eine Hei
handelt sich da nämlich um nichts Geringeres als
eine antichristliche Tendenz,
die noch so wohl¬
tliche
mat biete: Wir müssen einen Ruhepunkt haben
um Weltans.hauungsfragen. Den christlichen Stand¬
meinende Erklärungsversuche niemals wegdeuten
halten,
an den wir unsere Gedanken und unsere Lieben
punkt gegenüber Schnitzlers Auslassungen präzisiert
kkönnen. Dem Seeisorger ist diese materialistische
hall in
hängen können. Heimat ist Friede: wir können
trefflich folgender Artikel in der „Köln. Volks¬
Auffassung bekannt genug, er begegnet ihr im mo¬
es das
uns nicht heimisch fühlen im Dunkel des Zweifels
zeitung“:
dernen Leben leider nur zu oft. Es ist eine Auf¬
abend
über den Ausgang unseres Lebens. Heimat
fassung, die in gewissen ärztlichen Kreisen stark
Hofes“
Um ein Storbebett geht die Handlung in der
Zukunft und Hoffnung, die uns lockt und begeistert
Füberhand genommen hat. Man trifft sie namentlich
deren
Komödie „Professor Bernhardi“ von Arthur Schnitz¬
zu immer neuer Unternehmungslust. Ferne Glocken
Aviel in Kurorten; noch vor kurzer Zeit wurden
tönen in gewissen Stunden aus
den Heimats
ler. Tendenzstück oder Problemstellung, wer will's
fmehrere Fälle von der Riviera berichtet, wo e
inrich
unserer Seeie herüber. Diese Glockenklänge
entscheiden! Vornehmer klingt ja das letztere, wenn
#gleichfalls hieß: dem Kranken muß sein Zustand
füllte
nichts anderes als unser gewaltiger Zukunftswille
auch die Lösung des Problems auf Tendenz hinaus¬
verheimlicht werden, laßt ihn das Leben bis zur
hte den
unser Drang zum Ewigen und Unendlichen. Diesem
gehen muß. Ein gefallenes Mädchen liegt kodkrank
Neige auskosten und fröhlich und heiter sterben.
edners.
im Spitak. Ihre letzte Stunde ist
Drang muß sein Recht werden: Unserer See
herangenaht.
Wer ein Jenseits, eine Ewigkeit im christlichen
als die
sättlichkeit zu erfüllen, das ist
Doch sie ahnt nichts vom Tode, fühlt sich wohl, sie
Sinne leugnet, zieht solche Konsequenzen mit voll¬
Lebenskunst.“
ist im Zustande der „Euphorie“, jener täuschenden
kommener Logik. Aber mit der gleichen unerbitt¬
bas
Stimmung in Todesnähe, die manchen Krankheiten
lichen Logik muß die christliche Ueberzeugung solche
Weihevolle Höhenstimmung erfüllte die Herzem
eigentümlich ist. Der Leiter des Spitals, Professor
Lebensansichten als die direkte Negation des Cbri¬

Bernhardi, will sie in dieser glüchllchen Stimmung
der Zuhörer, als der Redner seine fünsviertel¬
stentums zurückweisen. Am Sterbebette gilt nur ein
Frage
sterben lassen. Und als der Priester die Keanke
1
stündigen Ausführungen beschloß!
Entweder — Oder. Da gibt es nur die eine Wahl,
zum
eigentumlicher Zauber in der Vortragsart de
nach christlichem Brauch zur Reise in die Ewigkeit
zwischen diesseitsfreudigem Heidentum, das bis zur
sen der
P.
es
Lippert, der tief zu Herzen neht.
vorbereiten will, verweigert er ihm den Zutritt
letzten Sekunde das Leben in seinem Augenblicks¬
unsere
feinfühlige Psychologie, die tiessinnige Seelen¬
zum Sterbebett. „Die Kranke weiß nicht, daß sie
werte festhält, und ewigkeitssicherem Christenium,
dunkle
kenntnis des Priesters, die uns so eigenartigs
kverloren ist. Sie ist heiter, glüchlich und — reue¬
dem jeder Lebensmoment nur als Einsatz für höhere
eine
ergreift? Ist es der brillaute impressionistische
Klos“, sagt der Arzt. Der Pfarrer besteht auf seinem
Werte gelten muß. Am Sterbebette treten die Ge¬
gen zu
Stil des Literaten, der jeden Ausdruck nach denst
Mechte. Aber der Professor erwidert: „Ich kann
gensätze, die in theoretischer Diskussion ihre Schärfe
zu

gedanklichen Inhalt abzutönen und abzustimmen Erur wiederholen, daß ich Ihnen als Arzt, dem das
noch einigermaßen unter geschickter Dialektik ver¬
der
weiß? Ist es die bescheidene Persönlichkeit des
Wohl seiner Kranken bis zur letzten Stunde anver¬
hüllen können, mit jener Unverträglichkeit auf, die
Men¬
schlichten Ordensmannes, die hinter dem Worts
ktraut bleibt, das Ueberschreiten dieser Schwelle leis
alle Fragen haben müssen, in denen es sich um
ganz zurücktritt und doch jedes Wort beseelts
der verbieten muß.“ Die Kranke stirbt inzwischen
allge¬
Leben und Tod handelt. Darum wirkt Schnitzlers
Alles wirkt zusammen und verleiht dem Vortroh
ohne Sakramente. Und nun muß Professor Berns
mistisch
neuestes Drama antichristlich im tiefsten Sinne.
seelische Untertöne, die im Herzen noch weite
hardi seine Handlungsweise gegenüber den Aus
Das Christentum gesteht dem Arzt ein Recht auf
zu¬
klingen, nachdem das lebendige Wort schon verhall
klagen, die gegen ihn laut werden, verteidigen
Entscheidungen, die in die Ewigkeit hineinwirken,
umme
„Der Inhalt des Vortrages,“ schreibt
Die Intriguen der Aerzte des Spitals, die sich da
nicht zu. Und mag er auch für sich selbst Seele ub
it und
heutige „M. Augsb. Abendztg.“ (Nr. 37),
ran knüpfen, die Verhandlungen mit. Minister un
aber
Ewigkeit leugnen, so darf er seine Ansicht nicht
ungemein fesselnd; er verriet den scharfen Denksr,
Parlament — das Stück spielt in Wien
auser
zur Norm für seine Praxis werden lassen. Mag
den fein beobachtenden Psychologen und
Verurteilung Bernhardis wegen Religionsstörung
Schnitzler auch die christliche Gegenseite als egoistisch
sich auch formell, insbesondere gegen den Schluß,
bilden den weiteren Inhalt des Stückes. Und aj
schildern — den Mißbrauch der Religion zu Partei¬
können,
zu bedeutender Höhe.“
Schlusse muß sich der Held sagen lassen, daß
zwecken verurteilt das Christentum nicht weniger
sagen
Der zweite Vortrag von P. Lippert sichet
unter den obwaltenden äußeren Schwierigkeiten nicht
ich!
entschieden — so ändert dies nichts an der Schärfe
am Dienstag, den 11. Februar, im Richard Wig¬
klug war, seiner inneren Ueberzeugung zu folge
greich
des Gegensatzes zwischen seiner Problemstellung und
nersaal des Hotel „Bayerischer Hof“ statt und
Der geschmeidige Hofrat vertritt dem starren Prin¬
Nur
der christlichen Idee. Und diese Idee
8, die
führt den Titel „Pfli
und Freiheis“
zivienreiter gegenüber die Moral der Klugheit, di
nstren¬
das Stück inhaltlich mit aller Entschiedenheit ab¬
Er wird zeigen, welche Bedeutung das Sittliche
Erreichbaren. Und als Bernhardi meint, in seinem
Wahre
lehnen muß. Nur mit dieser inhaltlichen Seite
in unserem Leben hat, welche Konslikte das Sitten¬
Falle hätte der Hofrat genau so gehandelt, erwidert
wehe
haben wir uns hier beschäftigt, mit Absicht sahen
gesetz mit seinen ostmals harten Forderungen her¬
dieser: „Möglich.
entschuls
Da wär ich halt
wir ab von der künstlerischen Ausbildung des Pro¬
trägen
aufbeschwört, und wie wir diese Konslikte über¬
s Be¬
digen schon, Herr Professor, — grad' so ein Viech
blems. „Die Lebensansicht Arthur Schnitzlers, die
winden und fruchtbar für uns machen können.)
gewesen wie Sie“
über
er in diesem Stück zum Ausdruck bringt, wollten
Wer P. Lippert einmal gehört, wird dem Vor¬
der
wir darlegen, und diese Lebensansicht lehnen wir
tragszyklus treu bleiben
Karten bei Otto
hin¬
im Namen des Christentums ab.
Der Verfasser will also die Handlungsweise
Bauer, k
Hofmusikalienhandlung, Maxi¬
itlichen
des Prof. Bernhardi nicht schlechthin verteidigen,
mlianstraße 5.
Dr. Jos. Froberger (Bonn).
piellen
er findet sie vielmehr unklug und ungeschickt. Aber
*#
eligion
das Intrigantentum der Vertreter der christlichen,
Idee, ihre Ausnutzung des Falles zu egoistischen
in Kampf um das Sterbebett.
zwi¬
Parteizwecken heben doch wieder die Gestalt des
reli¬
Im Münchner Schauspielhaus kommt heute
überzeugungstreuen Professors hell auf dunklem
n und
Hamstag erstmalig Arthur Schnitzlers Komödie
Hintergrunde ab und der Eindruck bleibt, daß seine</Unicode>
            </TextEquiv>
        </TextRegion>
    </Page>
</PcGts>
