3296 4352
1136 189 1241 250 ha
213 185 1533 277 25 Prf1
556 1096 1159 1164 e en e eee
748 1163 1187 1236 EXTRAGT EROM
645 1223 1200 1372 Dar #aler
717 1368 1147 1493 e
1244 1425 1484 1503 ##
931 1533 1019 1641 Vi
705 1645 958 1683 11-1900 S 90.
726 1672 761 1708 6
1132 1662 1360 1708 Dasti oSe 8.u.
752 1659 1515 1736 PROFESSCi BengnasZel
746 1790 1475 1861 Should a doctor do all in bis power to
728 1827 1468 1895 ensure his patient procuring a happp
726 1879 1473 1926 feath, even to the extent of preventing
719 1914 1474 1965 her receiving the last secrament? This
716 1941 1480 2002 is the substance of the play,“ Professor
718 1972 1473 2038 Berbardi“ which has met with such
715 2011 1321 2060 success at the Phoenix Theatre.
759 2040 1473 2093 Professor Bernhardi, a Jew, is in
730 2070 1480 2141 oharge of a Viennese hospital, where one
720 2117 1473 2176 of his patients, a Catholic girl, who has
717 2145 1468 2194 einned, is dring from septicaemia.
718 2172 1479 2229 Nothing can save her. Moreover, she
721 2209 1476 2267 doesn't realise she is ill and dring and
720 2236 1478 2302 Is in an ecstacv of happiness. A priest
709 2275 1476 2315 is sent for. Professor Bernhardi says
708 2296 1464 2352 that the patient is in his charge until
713 2331 1464 2392 her death and that, whether it is to her
713 2373 1465 2431 advantage to receive visitors or not, is a
707 2409 1465 2448 question for him alone to decide. Wihen
714 2435 1462 2486 the priest comes he refuses permission
714 2464 1458 2516 to see her. IIe little realises that this
705 2506 1456 2562 epontaneous act of his, based as it was,
710 2528 1465 2599 upon a principle, could lead to bad feel¬
704 2567 1462 2631 ing which eventuallv leads to his resig¬
711 2602 1463 2659 nation from the position wilich is virtu¬
713 2633 1468 2706 allv his life, and worst still, to his im¬
703 2664 950 2716 prisongnent.
751 2688 1460 2746 This interesting play is acted by a
704 2725 1453 2782 splenelid cast, of whom Abraham Sofaer
705 2772 1466 2818 stands out as Professor Bernhardi. His
708 2799 1463 2861 is an arduous part as there are few
710 2824 1458 2898 moments vhen he is not on the stage,
700 2865 1466 2907 but he maintains throughont his bearing
706 2905 1455 2953 of one who suffers unjustly. He is never
697 2928 1463 2977 blatant, alwavs kind, courteous and
693 2954 1462 3030 polite, even when driven to anger. His
702 2996 1450 3046 character is in scrong contrast to thatt
704 3034 1450 3082 of Dr. Flint (Ronald Adam). Minister of
704 3062 1450 3113 Health, who is essentially the politician
705 3097 1455 3152 who does not scruple to put his own ad¬
704 3126 1448 3176 vancement before his real convictions.
705 3160 1449 3218 Splendid performances are also given he
693 3194 1456 3260 Noel Howlett, Beruard Merefield, Earle
693 3228 1197 3280 Grey and Alan Wheatley,
2025 125 2233 176 —.——
1578 187 2032 271 box 31/5
2333 874 2740 948 Lenungs-Ausschnitte
2101 938 2738 979 Wienl, Wollzeile 11, Telephon R-23-0-43
2125 991 2209 1055 X7
1791 1645 2855 1791 We Go lo The
1980 1901 2840 1984 TENRGE
1940 2000 2651 2072 PROFESSOR BERNHARDI (Phoenix).
1814 2065 2887 2117 Play in ihree ucts. by Artbur Schnitaler. Action of tbe play
1780 2111 2760 2171 in Vienna. Four ehanges of scene. 20 Men, 1 woman.
1741 2166 2893 2226 One can best describe this play by stating that had Galsworthy
1712 2205 2901 2263 been educated at Heidelberg instead of at an English Public School,
1713 2247 2893 2289 he would have written just such a play. That is to say, it deals
1707 2284 2891 2332 wich urgent conflicts of loyalties and ideals, but instead of appealing
1702 2327 2896 2373 to the audience’s latent humanitarianism, it presents its theme in a
1703 2351 2889 2408 fury of dialectic, which is as precisely marshalled as a scholarly
1708 2394 2905 2445 debate among professors. It does not therefore fellow that iins 18—
1701 2419 2892 2488 an arid essay in argument and counter-argument. Far from it. This
1713 2466 2897 2503 is a play for the adult intelligence, for the theatre-goer who is not
1705 2509 2888 2561 afraid to bring his brains with him when he takes an evening out.
1700 2551 2533 2600 It is, morcover, dramatic, exciting and moving.
1741 2590 2888 2645 The theme is once more that of the Jew in conflict with the com¬
1713 2630 2894 2679 munity. (Of all topics in these days the most topical.) Professor
1713 2664 2895 2704 Bernhardi, director of a Viennese hospital, refuses to allow a Catholic
1701 2701 2893 2744 priest to administer the last rites to a dying patient, for the very
1710 2738 2889 2782 good reason that the patient is happy, and entirely unaware that
1705 2781 2902 2816 she is dying. From the consequences of what is to him a logical
1701 2825 2897 2869 and humanitarian action, the drama of the play is most ingeniously
1695 2856 2905 2907 developed. Hatred of the Jew, personal ambition, conflicts of belief,
1712 2890 2896 2930 political necessity —all these developments the author has skil¬
1703 2929 2901 2971 fully presented in what rapidly becomes a cange célähre, and results
1705 2962 2887 3027 in a prison sentence for the Professor. The author makes no special
1710 2999 2543 3055 pleading for one attitude rather than andther.
1741 3039 2885 3087 A play for amateurs to act? It is hardly likely, since there is
1702 3093 2894 3140 the tiniest part for one woman only, and he play is the concern
1710 3126 2890 3158 of twenty men. (This results, incidentally, in a refreshing rongb¬
1707 3166 2897 3209 ne# in the play’s vigour. Oue playgoer at least welomed this free¬
1700 3189 2887 3242 dom from petticcat influence!) But all playgoers should see this
1701 3235 2882 3284 vitally dispassionate play. Abraham Sofaer is Professor Bernhardi
1709 3275 2890 3314 as the author must have scen him. Ronald Adam pontificates as
1702 3310 2896 3356 a politician, with an air which is wickedly that of all Ministers scho
1702 3352 2897 3389 unseal their lips to their private secretaries only; and the large cast
1701 3384 2886 3422 is competent from start to finish. Producers who feel that they still
1697 3418 2882 3469 have a little to learn might see Heinrich Schnitzler’s production if
1704 3458 2889 3499 only for the way he has handled a board-room meeting. From this
1705 3494 2888 3537 scene (as throughout) he has created twice as much drama as even
2778 3525 2810 3542 —
2692 3532 2843 3587 W.R.B.
1704 3535 2098 3590 the author put into it.
