3344 4352
268 147 1492 235 25 Professer Bernhandi
1041 1119 1116 1187 2
482 1243 1698 1307 zu geben. Aber er gab es nicht, und die zehn Altesten kehrten
482 1306 1696 1362 um und sagten: Noch nicht, aber fast. Und sie sahen,
476 1371 1703 1414 daß er sich mit unreinen Dingen abgab, mit der sogenannten
476 1403 1693 1446 Erotik. Das verdroß sie im Herzen und sie fragten: Siehe, warum gibt
471 1465 1695 1516 dieser hier, wenn er schon nicht das Lustspiel gibt, nicht wenigstens
481 1500 1696 1545 das ernste Schauspiel, das seriöse mit den sozialen Problemen, wo
476 1555 1698 1606 man hineinführen kann die Tochter? Und er gab nicht das Lustspiel,
477 1611 1701 1662 aber er gab das ernste Schauspiel, das seriöse mit den sozialen
481 1653 1700 1700 Problemen und sie wollten hineinführen die Tochter, aber die
480 1702 1708 1747 Zensur erlaubte es nicht. Dieses war Professor Bernhardi. Und sie
485 1747 1704 1795 sagten: Seine erotischen Probleme haben bei aller Feinheit der
471 1797 1704 1852 Psychologie nicht immer Wohlgefallen ausgelöst, jetzt aber, wo
470 1850 1693 1893 er ernst ist und gediegen, wird er verboten? Sitzt Glossy nicht
469 1900 1689 1960 im Beirat und gibt er nicht preis die Kunst dem Rotstift des Schergen,
477 1942 1696 1992 der päpstlicher ist als der Papst? Soll es nicht erlaubt sein einen
469 1993 1699 2054 Spiegel vorzuhalten, so lasset verschwinden Nathan und den Pfarrer
481 2047 1702 2104 von Kirchfeld und die Perlen von unseren Bühnen. Wieso erblickt
479 2095 1686 2142 man im Hauptproblem den Stein des Anstoßes, wo es doch einen
478 2140 1701 2203 Kardinalpunkt der kirchlichen Lehre bildet? Die Kirche scheut
478 2200 1694 2258 doch selbst nicht die röffentliche Darbietung des Konflikts zwischen
471 2248 1691 2293 Dies- und Jenseitse, warum erlaubt man ihn nicht als Premiere im
481 2281 1691 2352 Volkstheater? Ist es gerecht, wenn man auf der Bühne nur erlaubt die
470 2342 1690 2385 Probleme des Ehebruchs, rals ob unser Liebes- und Eheleben aus lauter
471 2405 1688 2450 solchen Späßen bestünde-? Der so fragte, war ein hervorragender
477 2442 1686 2502 Rechtslehrer und er nannte sich so und verschwieg seinen Namen.
475 2487 1685 2539 Denn die Stimme des Herrn gebot ihm, zu schreiben gegen die
473 2539 1692 2596 geheime Fehme, wenn auch anonym, und den Satz zu schreiben von
478 2592 1696 2645 den Gönnern, die zwar ihre schönen Namen gerne in den Dienst
468 2646 1692 2700 einer humanen Sache stellen, die aber in dem Augenblicke sich
476 2686 1690 2728 verkriechen, wo sie Männer sein sollene. Dieser hier aber verkroch
471 2740 1691 2793 sich in dem Augenblick, wo er seinen schönen Namen in den
464 2782 1695 2846 Dienst der humanen Sache stellen sollte, und tat es anonym, was den
473 2838 1684 2884 Zweifel ausschloß, daß es ein Universitätsprofessor sei. Ich aber
481 2885 1689 2928 sage euch, es gibt deren viele. Und keiner von ihnen ist, der
477 2938 1690 2989 nicht bereit wäre, für die Überzeugung einzutreten, daß Gott die
482 2981 1689 3039 Welt unmöglich in sechs Tagen erschaffen haben kann. Und
469 3031 1685 3075 keiner von ihnen ist, der nicht bei der Vorstellung des -Professor
471 3077 1685 3126 Bernhardie erschüttert wäre, aber unbewegt bei der Vorstellung,
464 3127 1703 3206 daß vor dem Premierenpublikum des Deutschen Volkstheaters
1641 136 2078 235 box 31/7
2485 1131 2539 1193 3
1918 1263 3126 1334 vom Sakrament gesprochen wird. Und keiner von ihnen ist,
1916 1327 3137 1385 der nicht bereit wäre, anonym die Behörde anzugreifen, weil sie
1913 1367 3135 1426 die Frage, ob der Priester im Sterbezimmer zu erscheinen habe,
1914 1421 3134 1468 kurzerhand durch die Verfügung eriedigt hat, daß er nicht vor dem
1903 1473 3136 1510 Auswurf der Menschheit zu erscheinen habe. Ich sage euch, es
1911 1524 3134 1572 gibt einen Typus, der verderblicher ist als Hunger, Pest und
1909 1565 3132 1621 Meer. Er nennt sich einen hervorragenden Rechtslehrer oder
1908 1615 3125 1667 eine besondere Seite, er kann ein Historiker sein oder
1909 1656 3130 1722 ein Nervenspezialist oder er muß auch nichts von Frauenleiden
1913 1719 3128 1769 verstehen. Er ist in jedem Falle ein Freidenker und hat einen
1910 1774 3130 1823 warmen Vollbart. Ist man sensibel, so kann man gegen den Typus
1902 1815 3124 1866 nichts unternehmen, weil man als Kindheitseindruck irgendeine
1917 1861 3136 1913 schäbige Maxime aus solchem Mund durchs Leben trägt und sich
1908 1914 3127 1971 noch in reiferem Alter von einem Bart, der sich einst über ein
1907 1960 3127 2013 Gitterbett beugte, gekitzelt fühlt. Ist man brutal, so sieht man in
1900 2007 3131 2055 solchen Attrappen den Feind, bereit, sie überall anzuspringen, wo
1908 2057 3124 2102 sie sich vor Kunst und Leben stellen. Diese Akkoucheure
1901 2105 3129 2164 jeglicher Banalität stehen noch immer mit ihren Umgangsformen
1903 2159 3127 2198 dem Geist im Weg. Viel mag von dieser Vollbärtigkeit im
1896 2210 3130 2255 Professor Bernhardi, im Helden, im Werk und im Dichter stecken,
1907 2269 3132 2312 nur daß hier als ornamentaler Hintergrund noch ein weites
1898 2301 3132 2362 Land dazugehören mag. Der Gedanke aber, der in die starrste
1897 2357 3131 2410 Konsequenz kirchlicher Formen verläuft, kommt von noch weiterem
1898 2409 3129 2459 her. Das Sterbesakrament beginnt noch nicht einmal dort, wo das
1898 2449 3126 2493 Sterbefeuilleton aufhört. Anonyme, aber hervorragende Rechtslehrer
1901 2502 3122 2541 sehen in diesen Dingen eine Gelegenheit, sich in die Mannesbrust
1898 2552 3127 2590 zu werfen, mit dem Voll- und Ganzbart zu protestieren, und sie loben
1906 2603 3126 2643 einen Causeur erst dort, wo er sich endlich auch thematisch in ihren
1900 2659 3124 2710 Horizont begeben hat und zum Leitartikel emporwächst. Denn Gott ist
1904 2700 3135 2745 ihnen etwas, was sich überlebt hat, die Weltanschauung des Vereins
1909 2746 3117 2790 katholisch Geschiedener ist ihnen etwas, was einen Dichter begehrens¬
1900 2808 3131 2858 wert macht, und das Geschlechtsleben, um das sie so sicher
1905 2851 3136 2897 Bescheid wissen wie um die Religion, ist etwas, was man nach
1905 2896 3134 2940 der Arbeit betreibt, aber kein eines ernsten Menschen (der im Leben
1909 2942 3119 2985 steht) würdiges Studium. Schnitzlers erotische Probleme haben nicht ihr
1912 2993 3135 3056 Wohlgefallen ausgelöst. Aber wasdenn auf der Welt sollte Wohlgefallen
1897 3042 3127 3090 auslösen, wenn nicht Schnitzlers erotische Probleme? Beunruhigt
1911 3092 3133 3140 haben sie noch keinen hervorragenden Rechtslehrer, selbst wenn sein
1905 3144 3139 3199 Eheleben aus lauter solchen Späßen wie Ehebruch bestünde. Es
