3436 4256
1698 142 2162 230 box 30/3
338 134 1548 241 25 ProfessorBernhandi
1253 410 1454 468 #. Gewähr).
984 428 1870 556 TAPesDôte aus Mähren und Scilles
690 475 1077 551 Ausschnitt aus:
1348 522 1543 595 Brünn,
707 585 830 640 OM :
721 584 1602 687 Aeue
2260 652 2612 720 10. Murg 1918
2724 643 2987 724 Seite Un
1856 760 3071 847 und Konflikt des Werkes eigene Herzenssache. Ein Gefühl,
919 681 1618 853 Theater und Känfl.
1873 821 3064 894 das sich dem Publikum übertrug und eine gespannte An¬
715 794 1845 927 (Max Bing=Vorliung: SchulProfessor Bern¬
1859 877 3071 951 teilnahme hervorrief, wie man sie selten genug vor der
650 884 1845 982 hardi“. Der Polizei stt s wieder einmal gelungen, eine
1856 919 2302 988 Bühne selbst findet.
637 936 1851 1009 Dichtung durch ein Zensurverbot außergewöhnlich popu¬
1934 973 3072 1046 Der Neuen akademischen Vereinigung, der die Orks¬
637 990 1841 1061 lär zu machey. Sie hat den österreichischen Bühnen Schnitz¬
1858 1029 3076 1097 gruppe Czernowitz des Vereines „Freie Schule“ mit einen
633 1060 1844 1128 lers „Professor Bernhärd“ verboten. Nun geht das Drama
1863 1078 3063 1149 gleichfalls beifälligst aufgenommenen Vorlesung des Wer¬
632 1099 1833 1164 mit diesem österreichischen Zensurverbot als Reklame drau¬
1856 1125 3069 1200 kes durch Professor J. Gajdeczka vorangegangen war, ist
643 1140 1843 1229 ßen im Reiche über alle Bühnen. Und hier im Lande selbst
1853 1179 3086 1237 für diesen überaus interessanten Abend der Dank ihres,
645 1191 1844 1280 sitzt fast hinter jedem Vortragstisch einer, der den „Pro¬
1854 1226 2411 1290 getreuen Publikums sicher.
639 1243 1839 1314 fessor Bernhardi“ vorliest. Wohin der Professor Bernhardi
2860 1249 2964 1358 7
634 1297 1847 1376 sonst niemals gedrungen wäre, in die kleinsten Städte,
632 1346 1841 1425 deren Bühnen eine Aufführung des Werkes unmöglich
638 1403 1840 1465 gewesen wäre, ist er jetzt gekommen und die Auflagen des
633 1441 1840 1528 Buches übersteigen alle Erwartung. Es ist wie seinerzeit
635 1503 1852 1575 mit den „Webern“. Die „Weber“ haben die soziale Ord¬
627 1552 1827 1622 nung nicht umgebracht und der „Professor Bernhardi“
634 1592 1838 1661 würde ebensowenig den österreichischen Staat erschüttern.
624 1631 1840 1724 Aber die Zensur ist eine Institution für Angstliche und
637 1689 1834 1769 Empfindliche, für Zimperliche und solche mit Butter auf
629 1746 1846 1810 den Köpfen und nimmt deren Interessen mit Nachdruck
634 1782 1837 1860 wahr. Nur die Armen im Geiste und im Herzen werden
630 1832 1836 1920 in dieser Komödie eine Gefahr finden. Denn um was geht
631 1903 1838 1982 es zunächst? Es geht um einen Kampf der Menschlichkeit
638 1941 1828 2019 gegen das Dogma. Die Menschlichkeit will einem Ster¬
624 1989 1834 2076 benden seine Ruhe lassen, das Dogma will ihm die
638 2050 1828 2092 „Tröstungen der Religion““ spenden. Bernhardi verwei¬
626 2093 1826 2183 gert dem Pfarrer den Eintritt in das Sterbezimmer einer
632 2143 1827 2220 Kranken, die noch gar nicht weiß, daß sie sterben muß
623 2197 1815 2261 So wird die Menschlichkeit „religionsfeindlich“ und eir
612 2209 1809 2319 Stück, das einen solchen Konflikt behandelt, offenbar dei
625 2288 1806 2370 Staat und der öffentlichen Ruhe gefährlich. Dabei he
625 2329 1779 2407 Schnitzler eine durchaus vornehme Haltung bewahrt, e
614 2377 1801 2452 hat die Objektivität des Dramatikers bewährt. Sei¬
622 2420 1812 2513 Pfarrer ist eine durchaus sympathische Gestalt, selbst ein
622 2479 1811 2572 Ringender, in dem innere Pflicht und Beruf im Krieg
611 2532 1813 2609 liegen und so kann es geschehen, daß er am Ende seiner
608 2590 1803 2661 großen Unterredung mit Bernhardi diesem die Hand reichen
604 2625 1824 2693 darf. Über den Abgrund hinüber. Aber in Österreich muß
604 2675 1817 2762 jeder Vorgang sogleich ins politische Gebiet hinübergespielt
596 2731 1803 2822 werden. Und so spinnt sich denn um den Fall Bernhardi
602 2770 1811 2852 sogleich ein Netz von Jntrigen, immer dichter und dichter,
595 2832 1800 2914 bis der arme Bernhardi wegen Religionsstörung in den
602 2887 1818 2950 Kerker muß. Dabei kommt denn freilich so manches aus:
603 2917 1813 3017 Rampenlicht, was so manchem unangenehm ist. Aber wahr
601 2968 1804 3040 st es. Die Wahrheit aber ist ebenso staatsgefährlich wie
605 3023 1803 3106 die Menschlichkeit. Und es nützt auch hier nichts, daß
609 3066 1803 3165 Schnitzler auch diese Nebenpersonen der politischen In¬
593 3135 1793 3199 trigue so objektiv als ihm möglich zeichnet. Daß sogar
595 3173 1800 3240 dieser Unterrichtsminister Flint, ein Streber großen
592 3226 1798 3309 Stiles, der in seinen Mitteln ohne Bedenken und Rücksicht
590 3268 1796 3352 ist, nicht ganz unsympathisch wird. Denn Schnitzler wollte
584 3309 1789 3399 kein Angriftsdrama schreiben. Dazu ist er nicht Dramatiker
581 3362 1791 3431 genug. Ich glaube sogar, man verkennt den Kernpunkt
591 3409 1780 3504 des ganzen Werkes. Er liegt nicht in dem Konilikt zwischen
584 3467 1779 3545 Menschlichkeit und Dogma, zwischen Arzt und Pfarrer.
587 3511 1797 3589 Sondern in dem Konflikt in Bernhardi selbst. Bernhardi
590 3565 1777 3633 hat unter einem Impuls gehandelt, damit ist die Sache
582 3612 1789 3713 für ihn erledigt. Er denkt nicht daran, seinen Fall zu einem¬
582 3679 1780 3738 „Fall“ zu machen, er ist kein Theoretiker und kein Ideolog,
578 3714 1778 3794 er hat nicht das Zeug zum Märtyrer und Politiker. Und
578 3767 1782 3838 nun drängt man ihm die Rolle des Märtyrers auf, nun
572 3812 1769 3879 verstrickt man ihn in die Politik. Es gibt in diesem Kon¬
574 3847 1770 3943 flikt Gelegenheiten und Möglichkeiten, sich aufzuschwingen,
570 3906 1774 3985 ihn zugunsten der Sache, die er vertreten hat, auszunutzen.
580 3956 1776 4033 Er versäumt diese Gelegenheiten, er will von diesen Mög¬
574 4008 1784 4097 lichkeiten nichts wissen. Ein unpolitischer Mensch, der
570 4045 1793 4129 durchaus in einer politischen Komödie mitwirken soll, weil
