3436 4256
1536 244 1993 345 box 31/6
163 249 1466 355 25. Professer Bernhandi
484 1027 1190 1160 Leous Schaur-negden
726 1134 1330 1277 A
378 1257 1274 1350 enGaares ssursenss Tetroses-aussennerrraöae
393 1320 1268 1404 BERLIN SO 16, RUNGESTRASSE 22-24
340 1452 1329 1551 Berliner Börsen Kurier
597 1526 1026 1609 Abend=Ausgabe
1032 1549 1380 1651 2 4.0All. 1930
374 1587 1034 1682 Ausschnitt aus der Nummer vom:
1379 1706 2290 1781 liche besucht den Verurteilten, um ihm
1378 1757 2285 1811 Confidencen zu machen. Er hat seine
433 1741 1323 1830 Theater in der Königgrätzerstraße:
1376 1803 2280 1860 Schuldlosigkeit eingesehen. Er glaubt in
1370 1852 2282 1921 Bernhardis Haltung Vorurteile zu ent¬
449 1818 1361 1959 Protéssor Bernhardi
1382 1893 2282 1944 decken und zieht sein Geständnis zurück.
1373 1932 2280 1993 Schließlich kommt es zur Aussöhnung der
517 1938 1366 2029 Ob sich ein Debattierstück Arthur
1378 1983 2277 2052 Meinungskontraste. Die Szene endet mit
450 1991 1355 2081 Schnitzlers, das Situationen und Farb¬
1377 2028 2282 2083 einem Händedruck. Ihr Sinn, so nahe er
470 2046 1354 2113 stoff altösterreichischen Verhältnissen ent¬
1374 2080 2285 2142 an eine Philosophie der Menschlichkeit zu
460 2096 1359 2160 nahm, von Neuem behaupten würde, stand
1377 2115 2284 2184 kommen glaubt, bleibt problematisch. Es
462 2142 1368 2212 nicht so sicher. Die Besorgnisse wurden
1373 2151 2291 2233 ist ein Spiel mit Worten. Vielleicht hat
459 2184 1360 2252 durch die Aufführung widerlegt. Das
1379 2214 2274 2286 der Dichter unbewußt an eine Auffüh¬
447 2226 1359 2297 Thema interessierte, der Aufmarsch wohl¬
1370 2239 2295 2317 rung im alten Burgtheater gedlacht, und
447 2270 1368 2337 getroffener Charaktere und Strebertypen
1392 2296 2294 2359 an die Mentalität seiner Herren. Diese
453 2321 1362 2374 ergah Wirkungen. Das Stück behandelt
1390 2341 2288 2415 Szene hätte ruhig wegbleiben können.
448 2350 1378 2444 die Konflikte eines Klinikers, der einem
1372 2374 2295 2444 Eine dramaturgische Ueberholung des
464 2419 1375 2475 Geistlichen den Zutritt zum Krankenbett
1391 2432 2284 2500 Werkes wäre überhaupt empfehlenswert.
464 2457 1375 2518 verweigert. Er will eine ahnungslose Pa¬
1438 2486 2284 2553 Der Hauptkonflikt selber erscheint im
454 2502 1367 2562 tientin, der nur noch ein paar Lebens¬
1389 2530 2294 2593 Entstchungsstadium gekünstelt. Man
462 2546 1362 2610 stunden vergönnt sind, vor dem Todes¬
1375 2568 2293 2631 fragt sich, weshalb Prof. Bernhardi dem
463 2588 1372 2662 schrecken bewahren. Es wird durch die
1382 2627 2288 2681 Geistlichen so schroff begegnet. Es fehlt
452 2631 1366 2701 Voreiligkeit einer Krankenschwester ver¬
1389 2660 2289 2727 das zwingende Moment. Trotz schütterer
465 2683 1373 2742 eitelt. Während der Auseinandersetzung
1393 2722 2295 2770 Voraussetzungen kommt es zu Konse¬
464 2730 1369 2779 zwischen Professor Bernhardi und dem
1385 2755 2288 2811 quenzen. Sie werden lebhaft gezogen. Sie
456 2766 1367 2845 Pfarrer meldet sich bereits der Tod.
1390 2801 2299 2868 ergeben Charakteristiken von Verhält¬
453 2822 1376 2875 Diese düstere Tatsache der Verfrühung
1384 2851 2282 2920 nissen und Menschenart. Man sicht Klein¬
465 2860 1374 2920 gibt dem Arzt recht. Der Zwischenfall
1386 2891 2293 2948 fanatiker des Rechtes, hemmungslose
464 2905 1378 2955 wird zu Affairen aufgebauscht, die durch
1387 2943 2296 3011 Streber, Schacherer mit Gesinnung und
463 2952 1376 3002 die Erfüllung parteiischer Wünsche bei¬
1389 2982 2292 3047 Vorteilen. Das Drama entwickelt sich
452 2986 1378 3051 zulegen wären. Bernhardis Charakter
1384 3027 2289 3087 zur Komödie, die Witz und Temperament
460 3036 1380 3095 widersetzt sich. Da er Jude ist, kommt as
1403 3080 2282 3132 vereinigt. In einem glänzenden Sitzungs¬
466 3090 1375 3154 mit Hilfe des Parlamentes zum Prozesse
1400 3124 2293 3172 akt lösen sich Spannung und Laune ab.
461 3129 1386 3195 wegen Religionsstörung. Der berühmte
1396 3162 2291 3219 Der Zuschauer wird erregt und kann da¬
458 3177 1383 3242 Kliniker erhält eine Freiheitsstrafe, büßt
1399 3209 2299 3265 bei lachen. Im Abbild des alten Oester¬
471 3221 1378 3274 sie ab und wird von seinen Anhängern mit
1382 3248 2303 3319 reich werden auch heutige Verhältnisse
475 3264 1373 3322 Triumph abgeholt. Die Hauptbelastungs¬
1387 3300 2303 3376 getroffen. Anwesende Aerzte behaupten:
459 3311 1377 3364 zeugin klagt sich nachher des Meineides
1393 3354 2286 3399 genau wie bei uns! Auch was über Par¬
464 3356 1378 3408 an. Der Kampf ums Recht klingt in ein
1389 3380 2294 3465 lamentarier ausgesagt wird, klingt nicht
460 3400 844 3474 happy end aus.
1390 3441 2305 3489 zeitfern. Das Theater spiegelt sich in
526 3427 1376 3498 Die günstige Aufnahme des Werkes
1400 3481 2302 3536 einer Affaire und das Publikum bestätigt
472 3500 1383 3555 enthebt nicht der kritischen Revision. Als
1393 3523 2293 3578 ihm die neuerwachte Vorliebe für rhe¬
468 3538 1374 3602 wortreich und pedantisch in der Charak¬
1391 3556 2300 3633 torische. von Wortduellen geschürte Auf¬
468 3592 1379 3646 teristik der Hauptgestalt wurde es schon
1400 3611 2305 3681 tritte. Die Bühne, die nach Neuem darbt,
475 3628 1377 3690 vor Jahren empfunden. Die Vollenergie
1390 3662 2290 3724 dreht sich wieder einmal um ihre Achse.
463 3673 1381 3717 eines Kampfstückes wird durch diploma¬
1460 3705 2299 3774 Die frische Neuinszenierung Bar¬
464 3713 1387 3782 tische Versuche gebremst, die Gegensätze
1405 3755 2294 3814 nowskys, der dem Werke schon vor Jah¬
466 3763 1388 3820 in einer höheren Region der Betrachtung
1400 3796 2295 3858 ren ein Gesicht gab, ist erfolgreich be¬
468 3809 1391 3869 auszugleichen. Entschiedenheit wird öfter
1383 3852 2296 3919 müht, den rhetorischen Ueberfluß zugun¬
480 3848 1375 3909 durch die Dialektik umständlicher Sätze
1404 3884 2304 3949 sten der Komödie abzudämpfen. Ein ab¬
477 3893 1377 3959 vertreten. Im vierten Aufzuge kommt es
482 3936 2319 4015 zu einer merkwürdigen. Szene. Der.Geist-,I solutes, Pathos kommt nicht auf, cs ist in
2287 1680 3225 1751 den Temperamenten verhaftet. In der 5
2284 1734 3222 1805 Exposition wird einiges versäumt. Die
2297 1798 3206 1846 erste Begegnung Bernhardis mit dem
2295 1825 3213 1894 Geistlichen macht einen flauen Eindruck,
2299 1879 3210 1954 wodurch der Konflikt noch konstruierter
2295 1933 3213 1983 erscheint. Vielleicht lag es hier an der
2301 1958 3234 2029 Premierennervosität. Bis auf ein paar k
2301 2021 3221 2078 dilettantisch störende Typen bietet die
2301 2056 3226 2121 Regie eine Vielzahl von Gestalten auf,
2297 2104 3215 2175 die zur klinischen Atmosphäre passen,
2303 2139 3236 2217 jede Redewendung, jede Episode durcht
2300 2191 3230 2253 physiognomische Merkmale zu decken
2304 2233 3229 2310 wissen. Es geschicht ohno Aufdring-
2293 2269 3238 2341 lichkeit. Ganz vorzüglich spielt Er-K
2305 2326 3214 2402 win Kalser einen jüdischen Hitz-
2304 2364 3224 2435 kopf. Die Gefahren des Jurgons wer-
2302 2416 3212 2488 den von ihm durch Leidenschaft über-
2310 2460 3228 2535 rannt. Man spürt den Fanatiker. Sehrf
2309 2510 3222 2578 viel Spieleifer auch in den Figuren, dieg
2309 2553 3216 2619 von Felix Bressart und Heinz Salfner
2303 2601 3223 2657 aus der üblichen Episodencharakteristik;
2298 2652 3225 2712 lierausgehoben werden. Für Charakteri¬
2302 2684 3231 2754 stiken in anderer Richtung, in welchers
2299 2743 3210 2800 gemütliche Unverbindlichkeit zum Aus¬
2307 2780 3219 2844 druck kommt, wurden Paul Otto und Hör¬
2302 2817 3229 2893 biger angesetzt. Schon ihre Masken sagen
2304 2866 3227 2935 aus. Ihr Ton, das unerbittliche Pflegmag
2306 2912 3208 2982 ihres Spiels erzielen Illusionen der Wirk¬
2303 2962 3218 3044 lichkeit. Es sind Gestalten, die man er¬
2305 3014 2437 3082 lebt.
2361 3043 3247 3125 Mit der Figur Bernhardis erneuert Fritzt
2306 3108 3267 3177 Kortner den Respekt vor seinen künst
2314 3153 3238 3201 lerischen Fähigkeiten. Er spielt ihn mitt
2304 3195 3219 3270 bewundernswert schlichter, auffallend un¬
2307 3228 3230 3297 auffälliger Charakteristik, die sich aufg
2303 3292 3241 3362 glaubhafte Menschenart, auf ein von
2308 3342 3221 3405 Selbstvertrauen erfülltes Naturell kon¬
2311 3368 3232 3448 zentriert. Er ist sparsam in Ausbrüchen,
2306 3437 3231 3494 er distanziert sich zu der erregten Um¬
2318 3469 3227 3533 gebung, er begnügt sich mit Frontalan¬
2322 3511 3227 3569 griffen des Witzes und der überlegenen
2313 3562 3221 3625 Laune. In entscheidenden Momenten
2318 3606 3222 3669 bleibt die Vollkraft einer Kämpfernatur
2321 3640 3219 3702 nicht aus. Sie haben um so mehr Gewicht.
2316 3695 3226 3768 Um dieses geschlossene Spiel entstcht
2317 3737 3181 3819 Spannung. Das Theater wird reicher.
2844 3771 3209 3855 Emil Faktone
