3344 4320
998 161 1109 236 Be
283 169 1551 290 25. Professenernhandi
1649 177 2109 274 box 30//3
492 958 3359 1028 Staatssekretärs des Innern zur Bekambfung der Sozialdemo####esRoheil ung#mdeter Stentente. (Leoh. Hori, hatt: d. v. Sogt)i in Dieenberg ist Für
482 1011 3359 1114 sind dahin aufgefaßt worden, daß ich dem Reichskanzler und dem Das ist wohl 25 Jahre her, aber die tägliche Erfahrung lehrt uns, Dr. Cohn auf die Rich
482 1057 2958 1149 Stahtssekretär des Innern Mangel an persönlichem Mut vorge= daß derartige Auffassungen zwar in den Urteilsgründen nicht mit
2937 1089 3353 1157 trauen zu den Richte
483 1096 3353 1150 wörfen hätte. In meiner Absicht hat das nicht gelegen. derselben Klarheit und Brutalität ausgesprochen, aber jedenfalls drücke des Herrn Abg.
480 1122 3350 1230 Beiden Herren habe ich eine entsvrechende Erklärung zugleich mit von den Richtern gehegt werden. (Sehr wahr! b. d. Soz.) Das schen Krone kann ich
1650 1188 1743 1256 FRETRE
2291 1191 2450 1265 S
2571 1196 2769 1267 S
1691 1239 2941 1315 teressant wie stets, wenn das Auditorium ein intimes Standesleben
2935 1212 3363 1327 den uerstnsunn
789 1256 1463 1352 Theater und Kunst.
1711 1294 2936 1353 auf der Bühne beobachten kann. Doch bald setzt die „Vergeistigung“
2936 1311 3359 1369 hinüber Professor Ber
1692 1330 2938 1400 des Milieus, oder das sogenannte Problem ein. Ein süßes Mädel
2933 1347 3359 1412 tor des Elisabethinum
555 1330 2945 1457 Münchener Schauspielhaus. Professor Bernhardi, (diesmal erscheint es nicht auf den Brettern, es wird nur von ihr
2939 1391 3361 1459 lichen Untersuchung w
470 1376 1713 1467 Komödie von Artur Schnitzler. Da es um Schnitzler zu
1716 1423 2941 1492 gesprochen; das einzige weibliche Wesen inmitten der Professoren¬
2928 1431 3358 1502 fängnis verurteilt wi
484 1435 1712 1509 herbsteln beginnt, hat er auch in seiner Dramatik die süßen Mädels,
1709 1465 2944 1542 schar ist eine Krankenschwester) liegt an den Folgen ihrer Liebe da¬
2935 1487 3361 1538 Stück in brillant poi
473 1475 1712 1558 die Liebelei und all die reizvollen Themen einer feingeistigen Ge¬
1710 1517 2942 1576 nieder; nur noch nach Minuten zählt ihr junges Leben. Aber sie
2924 1519 3361 1588 Protestgeschrei kulmin
470 1511 1719 1587 nießerwelt verlassen, mit denen er uns oft dichterisch entzückte. Er
1710 1555 2938 1622 ahnt die Todesnähe nicht, sie wiegt sich in Hoffnungsgedanken,
2933 1570 3353 1629 schillernd aufsteigen I
471 1565 1706 1646 hat sich, wie man dies in niedersteigenden Jahren gern tut, dem
1702 1598 2930 1666 träumt in seligem Trug, daß der Geliebte kommen und sie gesund
2933 1606 3359 1669 gegen die klerikalen u
471 1607 1710 1681 sogenannten Ernst des Lebens, dem problematischen Geschäft der
1713 1648 2941 1718 nach Hause holen werde. Ludmilla, die fromme Krankenschwester,
2931 1656 3346 1714 selbstsüchtigen Elemen
464 1644 1714 1731 Problemdichtung, ergeben. Artur Schnitzler ist Thesenmann gewor¬
1704 1685 2932 1759 hat in ihres einjältigen Herzens Drang nach dem Priester geschickt,
2935 1701 3361 1768 ten Gesellschaft mit fla
467 1700 1710 1773 den.] Eine leise Gänsehaut überläuft uns, denken wir an die diver¬
1700 1731 2939 1794 damit die Sündige nicht ohne kirchliche Absolution vor Gott er¬
2929 1740 3359 1807 das Feuer wieder gelö
474 1748 1702 1811 sen „Gesinnungstüchtigen“, die im Schweiß einer weltverbessernden
1710 1771 2928 1852 scheine. Der Mann mit der für die Gläubigen Verzeihung spen¬
2935 1773 3351 1847 des ruhigen Weltman
470 1776 1709 1861 Moral und mit der dampfenden Phraseologie einer redlichen Män¬
1704 1815 2940 1875 denden, irdische Schuld hinwegnehmenden Kraft tritt ein, jedoch
2919 1829 3353 1899 und böse einnimmt un
471 1830 1703 1908 nerbrust das gewisse ideale Banner hochhielten. Indessen Schnitzler
1711 1858 2925 1927 Professor Bernhardi wehrt dem Abgesandten der Kirche den Zutritt
2930 1874 3360 1929 Lebensformen als mil
466 1865 1705 1952 müßte eben nicht Schnitzler sein, der warme Poet mit der Ehr¬
1699 1898 2927 1972 zu der Kranken. Die Todgeweihte soll nicht durch den Anblick des
2928 1908 3361 1981 wissen es ja, bei Schn
469 1908 1708 1992 furcht vor der Grazie, der überlegene Lebensbetrachter mit der
1710 1940 2931 2027 Priesters aus ihrem Traum von Glück und Leben gerissen und der
2929 1957 3352 2027 wäre logischer, als daß
468 1948 1714 2036 weichen Ironie und mit dem stillen Lächeln einer Aesthetenseele,
1708 1987 2926 2061 traurigen Wahrheit inne werden, daß ihr Ende gekommen. Profes¬
2919 2010 3348 2065 vielleicht nicht allzuseh
470 2005 1712 2076 die vor dem Lärm fanatischer Parteikämpfe zusammenschrickt, wenn
1704 2030 2940 2103 sor Bernhardi tat die Weigerung nicht aus irgendwelchen konfessio¬
2927 2058 3360 2108 Gelingen des Bubenst
463 2048 1698 2120 er seine „Thesen“ in der gewohnten Radauweise behandelt hätte.
1704 2079 2936 2145 nellen Gründen, aus irgendeiner Demonstration gegen traditionelle
2928 2094 3350 2149 nen Bernhardi, eine k#
466 2087 1694 2164 Schnitzler ist auch hier in seinem Problemstück, wo kirchliches
1703 2116 2921 2191 Gebräuche, einzig sein humanes Gefühl, seine Menschenliebe trie¬
2925 2144 3351 2197 vom Sterbebett verwie
456 2122 1698 2207 Dogma und wissenschaftlich=menschliche Denkungsart konfrontiert
1694 2159 2928 2241 ben ihn dazu, der Sterbenden nicht die letzte Stunde mit Schreck
467 2177 1695 2254 werden und zusammenprallen, der melancholisch Lächelnde geblie¬
2919 2180 3352 2244 „Religionsstörer" und
1697 2206 2932 2265 und Aengsten zu erschweren. Doch dieses Menschentum soll Bern¬
2928 2226 3354 2288 für einen Ehrenmann
466 2213 1705 2298 den, der nach einigen Gefühlsaufwallungen das Gleichgewicht des
1701 2251 2918 2320 hardi schlecht bekommen. Die ganze Gilde der Mucker und der
463 2263 1695 2338 Weltweisen wieder erlangt. Der nicht mit grober Faust die Streit¬
2917 2266 3350 2338 gelegen. Es gibt auch
1699 2293 2919 2362 Streber machen daraus eine Affäre. Schnitzler verschärft den Kon¬
2924 2300 3357 2371 gungen Gelegenheit zu
467 2307 1695 2390 axt schwingt, sondern liebenswürdig, ein bißchen müde, ein bißchen
1701 2339 2922 2414 flikt noch dadurch, daß er seinen Menschlichkeitsprofessor Jude sein
2928 2357 3358 2423 Kirche mit dem Indivi
461 2363 1696 2426 satirisch den Entrüstungsrummel in den Flirt hinüberführt. So
1688 2371 2923 2454 läßt und in dem heuchlerischen Kesseltreiben den Ring christlicher
461 2400 1700 2474 wirken auch seine Auseinandersetzungen der beiden Professorenlager
2920 2402 3360 2466 die Geschichte ins Hum
1697 2421 2914 2494 Professoren gegen die im gleichen Institut amtierenden jüdischen
2924 2434 3346 2512 ment mit der Zeichnu
522 2438 1700 2512 hie die reaktionär=nationalen Staatsbürger, hie die human=fort¬
1694 2465 2926 2542 Koryphäen hetzt. Warum diese Ueberspannung einer These? Ja
451 2482 1697 2557 schrittlichen Freigeister — mehr wie ein Flirten in ihrer vornehmen
2918 2476 3351 2550 Liebenswürdigkeit das
1697 2509 2910 2579 mir scheint, daß gerade dadurch, daß in einer Gewissensfrage noch
449 2522 1696 2597 Diktion, in der Ruhe und Delikatesse ihres geschliffenen Stils, in
2916 2526 3360 2600 amtentum symbolisiert
1686 2558 2925 2628 die Judenfrage angeschnitten, quasi wie ein Keil in den Konflikt
2918 2575 3344 2639 Strafe abgesessen und
454 2575 1700 2640 dem das aufzischende Temperament so artig und elegant durch die
1694 2602 2926 2678 getrieben wurde, eine dem Stücke nicht ganz günstige Zersplitte¬
463 2618 925 2690 Form gebändigt wird.
2910 2622 3347 2677 Gott, laßt doch die Leu
1686 2621 2921 2713 rung des Problems herauskam. So sehen wir nun neben den An¬
2910 2662 3361 2727 zipien, ich hab die Sach
534 2664 1683 2734 Wo Schnitzler uns nicht in seine Anatolwelt führt, beschwört
1696 2690 2920 2767 griffen auf das Judentum von seiten antisemitischer Kollegen, wie
2914 2714 3343 2772 selbst, nur kein Thesen
445 2702 1691 2784 er gern die klinische Atmosphäre herauf. Der Dichter war Arzt
1697 2731 2915 2811 sich um das schuldlose Wissenschaftlerhaupt Bernhardis das Netz
2920 2755 3335 2816 melancholische Lächeln
453 2744 1692 2826 und der medizinische Beruf, das Krankenhaus, das Sterbebett, die
1695 2762 2909 2849 feindlicher Vernichtungsmanöver dichter und dichter zusammenzieht.
2911 2799 3344 2853 Herrschaften, hoffentlich
458 2780 1689 2872 Krankenschwester spielt in Abständen immer wieder in seine Poesie
1691 2819 2920 2888 Namentlich der Schurke Dr. Ebenwald, ein tückischer Neidhammel
2915 2833 3359 2903 wird das Publikum an
453 2836 1692 2915 herein. In Professor Bernhardi will es zu Anfang des ersten Aktes
1691 2863 2919 2941 erster Ordnung, arbeitet fieberhaft an Bernhardis Sturz, und da
2902 2885 3336 2944 es war sehr schön, es h
453 2879 1692 2964 scheinen, als ob wir es mit einem reinen Milieustück zu tun hätten;
1678 2906 2913 2983 auch der allmächtige Minister den einstigen Jugendfreund Bern¬
2903 2918 3358 2993 der im Winkel der Di
451 2929 3346 3052 Aerzte, klinische Utensilien, Krankenstandgespräche, alles recht in= hardi in der Entscheidungsstunde erbärmlich im Stich läßt, ist das freut haben über die ###
602 3023 1386 3208 G
676 3147 1102 3314 /12 1
3215 3456 3325 3538 Sere
