3436 4256
314 114 1529 228 25. Brefess Bernhand
1303 841 1374 900 —
228 895 1686 951 würde wahr=, Flecke hat; der Professor Tugendvetter, der im Unter¬
518 932 1689 995 richtsministerium seine Ernennung zum Hofrat betreibt,
507 976 1693 1042 aber. nur, weil der Titel seiner Frau so viel Freude
214 992 508 1058 len folgenden
510 1035 1687 1080 machen würde; der Dozent Dr. Adler, der im kritischen
215 1038 505 1106 pt. Immerhin
521 1086 1686 1135 Moment den angegriffenen Kollegen im Stich läßt und
225 1086 511 1147 und sicheren
509 1128 1690 1183 sich auf die Seite der Macht gegen das Recht stellt, weil
218 1126 505 1193 Pirkung bleibt
521 1174 1674 1233 er nun einmal gar so objektiv ist; der Professor Pflug¬
231 1177 497 1239 ersten Aktes
516 1224 1683 1281 felder, der alte Achtundvierziger mit dem jugendlichen
222 1225 498 1291 langt jedoch
506 1278 1683 1334 Temperament, der radikal erscheint, weil die anderen so
218 1271 496 1343 der allerdings
512 1319 1683 1382 seig sind, und der, doch nur ganz einsach sagt, was wahr,
217 1315 506 1382 rd man im
518 1362 1687 1443 verlangt, was gerecht ist; sein Sohn, der Assistent Doktor
222 1360 499 1430 ht man im
505 1407 1680 1463 Pflugfelder, ein Ehrenmann wie sein, Vater, einst Anti¬
243 1408 504 1474 der Satire,
245 1458 502 1529 als ernstes
509 1460 1692 1517 semit, jetzt auch noch Antiarier, weil er findet, daß die
232 1499 507 1586 Weise als
507 1505 1684 1578 Menschen im allgemeinen eine recht mangelhafte Gesell¬
512 1552 762 1622 schaft sind,
782 1556 1269 1621 - und alle die anderen.
592 1598 1686 1672 Auch der Professor Ebenwald, der die ganze Intrige
217 1595 508 1679 s Stärke ge¬
515 1661 1674 1715 gegen den Professor Bernhardi führt, ist lebenswahr ge¬
329 1663 498 1737 ist fast
508 1705 1683 1773 zeichnet. Solch einem Intriganten mit dem biederen Ton,
215 1676 491 1777 Manch geist¬
518 1763 1688 1819 mit dem gemütvollen Dialektklang in der Sprache ist wohl
217 1752 501 1819 benserfahrung
233 1800 490 1866 allgemeiner
507 1805 1680 1870 jeder schon begegnet. Nur verliert das dramatische Ge¬
223 1834 497 1910 en lustspiel¬
504 1843 1687 1915 mälde an Lebenswahrheit dadurch, daß alles Licht auf die
210 1892 500 1962 cht wienerische
504 1902 1688 1951 Hauptperson konzentriert ist und aller Schatten auf deren
223 1941 492 2016 schaften des
500 1945 1685 2012 Gegner fällt. Das erinnert beinahe an die guten alten
510 1999 1679 2056 Stücke, in denen der Held der edelste der Menschen, sein
505 2050 1685 2129 Widersacher der schwärzeste der Bösewichter ist, in denen die
212 2026 495 2123 et sich gleich¬
504 2095 1681 2154 Tugend durch das Laster verfolgt wird. Da ferner der
234 2101 498 2174 enthält eine
506 2144 1679 2189 ränkevolle Professor Ebenwald in dem Drama der Reprä¬
262 2149 489 2212 gelungen,
506 2188 1685 2243 sentant der klerikalen Partei ist, so hat es manchmal den
203 2198 489 2261 en. Das gilt
510 2243 1685 2279 Anschein, als sollte der Professor Ebenwald deshalb als
217 2241 503 2309 n das Drama
506 2290 1681 2331 Intrigant hingestellt werden, weil er klerikal ist, — was
228 2294 273 2356 1,
282 2293 500 2352 bei deren
503 2334 1688 2394 im Gegensatz steht zu der Unparteilichkeit, deren sich sonst
198 2334 498 2403 kines früheren
209 2388 487 2449 bst in einem
512 2384 1693 2446 in diesem Werke der Dichter befleißigt. Denn mag auch
510 2426 1686 2493 der Klerikalismus eine geistige Atmosphäre schaffen, in
191 2427 491 2498 as Stück be¬
500 2473 1677 2534 der die Intrige mehr als bei anderen Parteien gedeiht, so
209 2480 491 2542 Gepräge der
209 2525 495 2592 fürchtet wegen
507 2532 1681 2590 darf doch selbst der entschiedenste Antiklerikale nicht be¬
219 2585 1686 2636 aber bei all streiten, daß man klerikal und zugleich ein ehrlicher Mann
215 2625 1684 2698 dem rechten sein kann. Ueberhaupt zeigt die ganze Erfindung der In¬
1693 118 2125 208 box 30/1
1791 942 2966 990 trige gegen den Professor Bernhardi, daß der Autor das
2975 944 3399 1007 kommt, um die A
1794 993 2977 1051 politische Leben nur sehr von fern zu betrachten gewohnt ist;
2980 994 3373 1065 Gunsten abgegeben
1794 1040 2973 1107 und es ist eine etwas kindliche Vorstellung, anzunehmen,
2980 1030 3382 1098 als es durch diese
1790 1097 2967 1156 daß die Klerikalen, die entschlossen sind, den Professor
2985 1088 3397 1157 zu entlasten, ist sich
1791 1131 2972 1182 Bernhardi wegen Religionsstörung an den Pranger zu
2976 1137 3402 1202 Schade nur, daß ger
1790 1179 2973 1241 stellen, ihm ihren Verzicht auf diesen Entschluß anbieten
2969 1183 3403 1240 entgegengesetzten Well
1791 1228 2970 1293 werden, für den Fall, daß er zum Leiter einer Abteilung
2974 1231 3402 1296 wo sie klar und schar
1788 1279 2965 1330 in seinem Krankenhause einen klerikalen Dozenten ernennen
2975 1274 3393 1351 der Dialog stellenwe
1800 1331 2965 1388 will, — daß also eine mächtige Partei, im Begriff, eine
2978 1326 3381 1394 daß Pfarrer und
1800 1375 3371 1450 große politische Aktion zu unternehmen, vorher eine Er= wecken, als redeten
2972 1418 3261 1500 sagen sollten.
1799 1419 2976 1494 pressung versuchen wird, durch die sie sich ganz in die
3058 1459 3404 1534 Von allen den vil
1798 1472 2963 1535 Hände des Mannes gibt, gegen den ihre Aktion sich
1801 1517 2974 1588 richten, den sie vernichten soll. Der Konflikt würde schärfer
2972 1498 3384 1591 so prächtig geraten,
3020 1567 3389 1630 ie des Unterricht
1800 1568 2965 1626 sich abzeichnen, würde in eine höhere Sphäre gehoben
2967 1611 3399 1672 packender Lebenswah
1801 1616 2962 1674 sein, wenn die Intrige ganz wegfiele, wenn die Klerikalen
2968 1659 3390 1728 doch überaus treffend
1794 1663 2959 1720 ihren Ansturm gegen den Professor Bernhardi nicht des¬
2969 1706 3399 1774 des politischen Streh
1792 1708 2951 1782 halb unternähmen, weil er in einer Personalfrage ihnen
2968 1749 3396 1822 Oesterreich allein, so
1796 1775 2967 1818 nicht zu Willen war, sondern weil hier zwei Weltanschau¬
2962 1801 3388 1870 auch sein mag. Es i
1798 1813 2951 1874 ungen zusammenstoßen und weil die klerikale Welt¬
2962 1847 3398 1922 zeichnung; und unt
1793 1868 2958 1917 anschauung eben nicht anders kann, als den Arzt ver¬
2962 1897 3379 1962 Lebenswerkes von
1800 1907 2961 1985 dammen, der den Priester vom Bett einer Sterbenden
2961 1941 3402 2018 Minister einen Ehre
1800 1958 1992 2026 fernhält.
2971 1994 3402 2063 und Konkordat“, der
1869 1995 2959 2062 Mit schöner Unparteilichkeit hingegen hat der Dichter
2967 2039 3392 2105 Anschauungen mit d
1786 2048 2957 2110 sich bemüht, dem Pfarrer gerecht zu werden, der von Pro¬
2961 2090 3389 2158 herrschen, in tadellos
1800 2096 2953 2159 fessor Bernhardi verhindert wird, das Zimmer des sterben¬
2973 2139 3381 2199 im Parlament erhebt
1792 2151 2953 2202 den Mädchens zu betreten, der also der Träger einer der
2959 2185 3393 2253 schuldigten Bernhard
1785 2194 2964 2254 beiden Ideen ist, welche in dem Drama sich bekämpfen, der
2965 2227 3368 2301 daß die Majorität
1787 2250 2956 2313 den Glauben personifiziert, welcher mit der Wissanschaft in
2963 2277 3383 2345 der Ankündigung sch
1778 2292 2955 2341 Konflikt gerät. Indem er ihn als einen Priester geschildert
2957 2330 3387 2397 übergeben wird; der
1788 2338 2955 2401 hat, den kein frommer Eifer verblendet, der eine Denk¬
2962 2377 3395 2440 zu opfern, um seine
1786 2382 2951 2439 und Handlungsweise, die seinen religiösen Ueber¬
2952 2419 3388 2489 wundervolle Rechtfe
2842 2430 2951 2489 Er¬
2391 2428 2547 2492 aus
1786 2440 2344 2505 zeugungen widerstreitet,
2542 2432 2811 2501 menschlichen
2967 2478 3373 2529 weniger darauf an,
1785 2473 2950 2533 wägungen heraus zu verstehen, sogar zu respek¬
2966 2527 3391 2589 fall überzeugungstreu
1786 2527 2961 2599 tieren vermag und der es sich zur Pflicht macht, nicht
2961 2567 3376 2631 Idee seines eigenen
1774 2576 2965 2646 nur dem Gebot der Kirche, sondern auch der Stimme des
2963 2610 3361 2680 der überhaupt mit
1778 2622 2958 2682 Gewissens zu folgen, hat er aus ihm eine der sympa¬
2953 2662 3385 2734 seine Unmoral zu be
1779 2676 2956 2729 thischesten Figuren des Dramas geschaffen. Die Szene, in
1787 2711 3382 2776 der nach dem Prozesse der Pfarrer zu Professor Bernhardi lmoralisch vorkommt.
