3344 4352
224 183 413 274 25
709 174 769 247 S
1592 187 2032 280 box 31/1
410 187 1482 286 PreftBernhandi
1094 1089 2181 1220 Professor Bernhardt
1319 1226 1973 1310 Romödie in fünf Akten von
1228 1327 2048 1459 Arthur Schnitzter
969 1454 2157 1557 Aufgeführt resp. angenommen: Von allen größeren Bühnen.
951 1579 2152 1698 Aufführung in Stockholm, Dramatiska Teatern
1139 1681 1823 1745 (Bereits zum 25. Male aufgeführt)
1042 1731 2290 1827 Das Stück packt den Zuschauer und läßt ihn trotz fünf langer
954 1792 1969 1869 Akte erst nach der letzten Replik aus seinem Bann.
1855 1863 2268 1928 Stockholm Tidningen
1035 1927 2287 2021 Wenn es, wie es gestern abend geschah, einem Stück gelingt,
950 1977 2252 2071 drei lange Stunden hindurch die Zwischenakte nicht gerechnet
947 2022 2281 2129 das Publikum zu fesseln, so muß das ganz einfach als ein erst
950 2100 1929 2174 klafsiger Triumph des Autors angesehen werden.
1800 2157 2251 2245 Aftonbladet, Stockholm
1032 2246 2260 2308 Das Haus war ausverkauft und folgte mit gespannter Aufmerk¬
939 2274 2268 2351 samkeit dem interessanten Gang der handlung. Es wäre wünschens¬
942 2352 2271 2429 wert, daß dieses wertvolle und gut gespielte Stück sich längere Zeit
946 2388 1627 2468 auf dem Spielplan halten könnte.
1869 2414 2237 2491 Stockholm Dagblad
1025 2482 2265 2564 die Schnitzlersche Komödie war eines der denkwürdigsten Er¬
925 2529 1350 2610 eignisse der Saison.
1865 2559 2237 2634 Svenska Dagbladet
927 2635 2076 2759 Aufführung in Heilbronn a. N., Stadttheater
1023 2728 2258 2823 Diese Geschichte wird zum Anlaß eines feinen, fesselnden Bühnen
920 2768 2256 2874 stücks, einer Szenenfolge, die freilich fast jeder inneren dramatischen
936 2844 2253 2925 Geschlossenheit entbehrt und doch in höchstem Maße packend und manch¬
927 2912 2266 2985 mal fast bewegend ist. Das Geheimnis liegt in der ungemein sicheren
924 2950 2256 3017 Künstlerhand Schnitzlers. Was fast bei jedem anderen grob, trivial,
922 3009 2264 3088 tendenziös in dem üblen Sinn des Appells an die „Aufklärungs; Instinkte
917 3069 2248 3147 geworden wäre, ist bei ihm menschlich wahr und klar, mit überlegener
920 3105 1240 3170 Zurückhaltung.
1243 3119 2253 3184 Das Publikum, das sehr zahlreich erschienen war,
923 3158 1417 3231 spendete starken Beifall.
1628 3179 2224 3260 Neckar=Zeitung, Heilbronn a. N.
