3392 4320
950 114 1053 190 B
737 125 800 188 S 8
248 118 1442 214 25 Enhandi
339 388 558 465 vom: 11.
635 378 1490 521 RENINER TAGBL. 477
552 405 690 505 K
296 503 1497 566 6 Literarischer Grenzschmnggel. Aus Wien wird berichtet: In
263 545 1489 603 Oesterreich ist bekanntlich Artur Schu# Professor Bernhardi“
282 605 1490 655 on der Zensur verboten worden, und alle Versuche, das Stück frei zu
271 627 1501 697 sekommen, sind gescheitert. Nun veranstaltet Direktor Barnowsky in
270 681 1488 732 der nächsten Woche ein auf vierzehn Tage berechnetes Gastspiel mit
268 736 1483 776 dem Schnitzlerschen Stück im ungarischen Theater in Buda¬
264 755 1499 819 pest. Da ist der Direktor dieser Bühne, Ladislaus Beöthy, auf eine
260 804 1486 866 gute Idee verfallen. Damit auch die Wiener das verpönte Stück sehen
260 856 1489 905 können, sollen sie, ähnlich, wie seinerzeit die Berliner zu den Wein¬
271 893 1491 939 gartnerkonzerten nach Fürstenwalde fuhren, in einem Extrazug
266 934 1481 988 von Wien nach Budapest zur Vorstellung gebracht werden.
265 958 1513 1055 Die Vorstellung soll am Nachmittag stattfinden, der
264 1053 1501 1112 Extrazug um 8 Uhr morgens Wien verlassen und um 8 Uhr abends
276 1097 1492 1141 wieder zurückfahren. Die Fahrkarten (80 Kronen in der ersten und
281 1135 1491 1192 60 Kronen in der zweiten Klasse) berechtigen außer zur Fahrt und
281 1180 1493 1242 zum Besuch der Vorstellung zur Einnahme eines Diners und Sovners
271 1213 601 1295 im Speisemagen.
485 1387 882 1481 Ausschnitt aus:
865 1439 922 1498 *
879 1435 1472 1529 „Wiesbadner Tagblatt
471 1476 952 1569 vom: 2 41R. 1275
915 1510 1356 1607 — Wiesbaden
424 1574 1472 1650 Die Aufführung von Schnitlers „Prosessor
342 1604 1479 1701 Bernhardi“, in eine vor ge¬
328 1678 1486 1747 (ladenen Gästen wurde, wie aus Wien ielegraphiert wird, von
346 1713 1482 1791 der Statthalterei nicht zugelassen. Damit ist die Aufführung
332 1746 1481 1841 dieses Werkes in Wien endgültig verboten. Nun veranstaltet
342 1808 1484 1879 Direktor Barnowsky in der nächsten Woche ein auf vierzehn
339 1838 1475 1926 Tage berechnetes Gastspiel mit dem Schnitzlerschen Stück im
341 1884 1487 1962 ungarischen Theater in Budapest. Damit auch die Wiener das
337 1935 1475 1996 verpönte Stück sehen können, sollen sie, ähnlich, wie seinerzeit
331 1964 1476 2038 digBerliner zu den Weingartnerkonzerten nach Fürstenwalde
332 2014 1479 2099 ghren, in einem Ertrazug von D## nach Budapest zur Vor¬
332 2048 806 2121 stellung gebracht werden
407 2089 1474 2176 Mildende Gunkt u #nn tala eL. „
1559 2265 1610 2350 600
837 2280 1330 2370 Guchcnangabe ohne Gewähr.)
902 2343 1638 2435 Hausfrauen Zeitung, Wien.
525 2350 937 2446 Ausschnitt aus:
783 2435 1062 2526 13APR. 1913
527 2473 701 2518 vom:
710 2655 1439 2731 Kleine Theaterplandereien.
1261 2702 1769 2808 Wien, 10. April 1913.
466 2778 1798 2855 Draußen in Deutschland wird Schnitzlers österreichische Dichtung
365 2848 1798 2905 „Professor Bernhardi“ überall gegeben, in Berlin hat bereits vor drei
350 2895 1774 2962 Wochen die 100, en suite-Aufführung dieses Werkes stattgefunden —
350 2937 1791 3001 bei uns aber bleibt dasselbe nach wie vor von der Behörde verboten.
348 2992 1804 3055 Man schüttelt den Kopf, man versucht, die eigentlichen Ursachen dieses
356 3031 1802 3105 Verbotes zu ergründen, aber geheimnisvoll sind die Wege der Zensur
363 3097 1797 3149 und unergründlich bleiben deren Verdikte. Dies kam uns jüngst in
359 3130 1794 3203 den Sinn, als im Josefstädter Theater Franz Dülbergs „Korallen¬
331 3239 1784 3292 kettlin“ gegeben wurde, welches in Deutschland verboten ist und
322 3284 1776 3343 hier von der Behörde anstandslos durchgelassen wurde. So können
322 3351 1769 3404 durch diese ausgleichende Gerechtigkeit nun auch wir stolz auf unsere
333 3390 1781 3450 freisinnige Zensur sein! Und doch ist dieses Werk gerade nicht ganz
326 3451 1771 3503 unbedenklich; das „Korallenkettlin“ war im Mittelalter das Abzeichen
328 3491 1764 3551 der Dirnen gewesen und Käthchen von Schließenberg will dasselbe er¬
337 3549 1777 3595 ringen, um dem Kloster, das ihr bevorsteht, zu entfliehen. Aber den
337 3581 1779 3643 ersten, der sich ihr nähert, ersticht sie und es würde ihr der Tod gewiß
329 3628 1768 3692 sein, wenn der junge Prinz sich nicht in sie verliebte und sie zur Ge¬
333 3688 1775 3740 mahlin nehmen würde. Bald jedoch ist der schöne Traum vorbei, der
331 3736 1773 3791 unüberlegte Schritt bedrückt den Prinzen, Abfall und Aufruhr herrscht
334 3787 1769 3835 in der Stadt. Da entflieht Käthchen heimlich und eilt dem sicheren Tode
342 3831 1776 3891 entgegen. Dieses teils krasse, teils nicht richtig motivierte Schauspiel
332 3870 1779 3927 zeigt jedenfalls das Talent des Verfassers, so daß Wirkung und Beifall
337 3930 1781 3984 nicht ausblieben. Die Darstellung, besonders durch Helene Ritscher und
340 3971 1394 4047 August Weipert kann nur lobend erwähnt werden.
1606 119 2049 208 box 30/2
2045 408 3179 546 Ausschnlft alMiontagsblatt aus Böhmen, Pr..#
2180 486 2399 557 11396.10
2071 523 2140 592 von
2148 542 2200 594 :
2051 574 2357 640 nen u emr
2039 619 2634 725 Literarischer Grenzschmuggel.
2058 699 3003 787 In Oesterreich ist bekanntlich Artur Schnitzlers
2037 735 3008 825 „Professor Bernhardi“ von der Zensur verboten worden
2024 802 2996 875 und alle Versuche, das Stück frei zu bekommen, sind ge¬
2019 842 3012 931 scheitert. Nun veranstaltet, wie gemeldet wird, Direktor
2020 895 3005 976 Barnowsky in der nächsten Woche ein auf vierzehn Tage
2021 942 3003 1029 berechnetes Gastspiel mit dem Schnitzlerischen Stück im
2023 998 2996 1082 ungarischen Theater in Budapest. Da ist der Direktor
2016 1045 3004 1122 dieser Bühne, Ladislaus Beöthy, auf eine gute Idee ver¬
2021 1092 3003 1172 fallen. Damit auch die Wiener das verpönte Stück sehen
2004 1144 2986 1221 können, sollen sie, ähnlich, wie seinerzeit die Berliner zu
2006 1188 2996 1257 den Weingartenkonzerten nach Fürstenwalde fuhren, in
2005 1240 2990 1334 einem Extrazug von Wien nach Budapest zur Vorstellung
2008 1288 2983 1352 gebracht werden. Die Vorstellung soll am Nachmittag statt
1998 1353 2995 1417 finden, der Extrazug um 8 Uhr morgens Wien verlassen
2004 1389 2985 1467 und um 8 Uhr abenos wieder zurückfahren. Die Fahr
1999 1432 2989 1509 karten (80 Kronen in der ersten und 60 Kronen in der
1984 1485 2984 1571 zweiten Klasse) berechtigen außer zur Fahrt und zum Be¬
1993 1540 2116 1585 —
2038 1593 3014 1664 such der Vorstellung zur Einnahme eines Diners und
2041 1645 3016 1709 Soupers im Speisewagen. Uebrigens hat die Zensur jetzt
2035 1695 3013 1761 auch die Aufführung des Schnitzler'schen Stückes vorge¬
2034 1741 3024 1809 ladenen Gästen verboten. Auf welche Gesetzesbei
2035 1796 3023 1860 stimmung sich diese Strangulierung eines bedeutsamen
2032 1837 3018 1906 dichterischen Werkes stützt, ist uns nicht bekannt. Interessand
2030 1895 3021 1958 bleibt nur für unsere heutigen Verhältnisse, daß man sich
2032 1943 3017 1997 dieses merkwürdige Verbot ruhig gefallen läßt und mit
2026 1985 3016 2059 dem engherzigen Standpunkt der Behörde einverstanden zu
2037 2035 3015 2112 sein scheint, die wie anno dazumal wähnt, die Glückseligs
2031 2086 3020 2147 keitdes Staatsbürgers von amtswegen überwachen zu
2023 2116 2185 2188 plüssen.
1976 2447 3246 2552 usschnitt aus: Illustrierten Wiener Extrablatt, Wien
2599 2514 2943 2615 Abendblatt,
2192 2516 2433 2602 11. APfl. 191
1956 2527 2074 2602 Som:
1966 2587 2457 2652 msemone
2122 2652 2831 2806 Theaterzeitung.
1971 2804 2974 2900 „Professor Beruhardi“ — endgiltig verboten.
2081 2885 2975 2948 Wie uns mitgeteilt wird, hat die Statthalterei
1975 2923 2445 2991 die Aufführung von S
2768 2936 2968 2991 ossor
1969 2975 2975 3032 Bernhardi“ selbst in einer geschlossenen Vor¬
1978 3023 2972 3081 stellung vor geladenen Gästen ver¬
1977 3063 2974 3106 boten, und zwar ahne Angabe von
1978 3103 2970 3143 Gründen. Der Hinweis darauf, daß die
1968 3142 2973 3203 Zensur doch die Aufführung von Wedekinds
1976 3178 2969 3242 „Die Büchse der Pandora“ vor geladenen
1971 3241 2972 3293 Gästen gestattet habe, übte auf die Zeusur keinen
1974 3278 2963 3320 Einfluß. Es ist dies unseres Wissens der erste Falle
1972 3315 2977 3387 daß man die Vorführung einer Dichtung vor ge¬
1969 3350 2511 3409 ladenen Gästen nicht erlaubt.
2085 3401 2962 3454 Dagegen hat das Deutsche Volkstheater die
1967 3443 2943 3500 Mitteilung erhalten, daß die Statthalterei die Auf¬
1965 3486 2943 3550 führung von Wedekinds neuester Dichtung
1966 3525 2953 3587 „Franziska“ zugelassen habe. Wedekind hat dieses
1965 3569 2958 3618 Werk vor einiger Zeit im Foyer des Deutschen Volks¬
1953 3610 2856 3696 theaters vor einem geladenen Publikum gelesen
