3392 4352
1206 262 1265 327 h
264 259 1481 354 25. Professor Bernardi
719 1446 1494 1522 PROFESSOR BERNHARDI: A PLAY
683 1515 1585 1572 Hochroitzpointner: Yes. By the way, did
651 1562 1080 1619 you make a report?
683 1592 1254 1656 Sister: Of course, Doctor.
683 1624 1573 1688 Hochroitzpointner: Well, we could not
657 1669 1582 1731 prove it, but it was surely a case of malprac¬
654 1701 1583 1753 tice. I tell you, Sister, there are all kinds of
660 1743 1588 1804 things happening in the world. Ahl here are
659 1796 1582 1839 the invitations to the ball under the patronage
654 1817 1590 1882 of the Princess Stixenstein. Well, Sister, are
656 1862 1125 1923 you going to the ball?
688 1893 1303 1953 Sister: I guess not, Doctor.
693 1923 1517 1979 Hochroitzpointner: Dancing forbidden?
703 1963 1581 2015 Sister (smiling): No, Doctor we are not a
662 1992 1502 2063 religious order. Nothing is forbidden us.
707 2045 1591 2107 Hochroitzpointner (with a sly look): Noth¬
655 2094 785 2148 ing?
711 2105 1577 2178 (Doctor Oscar Bernhardi enters. Twenty¬
663 2163 1593 2219 five years old, elegantly dressed, handsome,
652 2188 1554 2249 pleasing appearance, but diffident manner.)
712 2227 1584 2285 Oscar: Good morning! Father will be
666 2259 1589 2330 here directly. (At the table.) Ohl here are
665 2298 1605 2371 the invitations to the ball. Why do they send
662 2355 935 2415 them here?
719 2365 1599 2435 Hochroitzpointner: The ball for the benefit
666 2407 1598 2469 of the Elizabethinum promises to be the most
663 2457 1602 2506 elegant affair of the season. The papers are
662 2505 1598 2555 full of it. I hear that you have composed a
681 2535 1147 2585 waltz for the occasion.
726 2563 1606 2620 Oscar (deprecatory gesture and pointing to
668 2602 1417 2662 sick-room.) Arything new in there?
731 2688 1602 2753 The tender relations between Bernhardi and
687 2731 1610 2794 his son Oscar, are a tribute to the affection that
681 2770 1602 2819 existed between Professor Schnitzler and his son
679 2819 850 2869 Arthur.
1636 262 2095 347 box 31/8
1960 1413 2804 1480 PROFESSOR BERNHARDI: A PLAY 7
1914 1467 2804 1544 Hochroitzpointner: That septicaemia case
1873 1516 2204 1572 is near the end.
1933 1548 2808 1610 Oscar (regretfully): Oh, well! there was
1878 1591 2279 1643 nothing to be done.
1925 1617 2817 1686 Hochroitzpointner: I gave her a camphor
1878 1660 2103 1718 injection.
1925 1704 2806 1745 Oscar: Yes, the art of prolonging a doom¬
1877 1745 2688 1788 ed life is one secret that we have solved.
1941 1782 2810 1831 (Enter Professor Bernhardi. The type of a
1880 1824 2800 1874 man of the world, distinguished, gray hair,
1886 1858 2808 1903 fine eyes. He is accompanied by his assist¬
1888 1904 2809 1939 ant, Doctor Kurt Pflugfelder, twenty-seven
1888 1932 2807 1992 years old. They come from the dissecting
1880 1964 2044 2025 room.)
1933 1994 2798 2044 Kurt: I could not help it, Professor. Doc¬
1876 2044 2803 2091 tor Adler would have liked it much better if
1879 2079 2799 2126 Professor Ebenwald’s diagnosis had been cor¬
1886 2120 2034 2166 rect.
1918 2140 2810 2214 Bernhardi: But, my dear Doctor Pflugfel¬
1884 2191 2630 2235 der you suspect treason everywhere.
1932 2215 2801 2282 Hochroitzpointner: I just hear from Doc¬
1878 2268 2499 2325 tor Oscar that we were right.
1930 2298 2810 2354 Bernhardi: Yes, but at the same time, we
1890 2341 2806 2400 were wrong. Or don't you attend Professor
1882 2381 2305 2433 Ebenwald’s courses?
1924 2412 2810 2466 Oscar: Doctor Hochroitzpointner attends
1886 2457 2335 2500 nearly all the courses.
1921 2479 2802 2534 Bernhardi (laying his hand on Hochroitz¬
1886 2526 2808 2578 pointer’s shoulder, kindly): Well, anything
1878 2568 2039 2613 new?
1937 2603 2805 2654 Hochroitzpointner: That septicaemia case
1890 2633 2157 2690 is very bad.
1923 2665 2656 2730 Bernhardi: Peor girl! Still alive?
1926 2713 2512 2777 (Enter Professor Ebenwald.)
1919 2762 2805 2828 Ebenwald (Vice president, tall, slender,
