3344 4320
1260 128 1408 207 rdi
1582 129 2032 235 box 30/2
217 131 1428 256 25. Professer Berna
582 455 1760 552 Ausschnitt Wrener Montags Journal, Wien
894 536 1188 623 54. MAl 19 /6
596 598 776 672 vam:
1846 707 3072 789 gen Dentisten, vor einigen Jahren bei Ronacher die „Miß
981 693 1551 819 Tritsch=Tratsch.
1846 763 3071 832 Gibbs“ gesungen hat? Und getanzt, so famos getanzt, daß
738 780 1853 866 „Hm? Ja, ich seh'sIhnen an, lieber Freund, daß Sie
1856 805 3070 886 sie ihrem Lehrer, dem Fred Wright alle Ehre machte. Der
642 850 1862 925 heute wenig Lust zu Theatertratsch zeigen. Denken S' Ihnen,
1856 861 3070 930 fand solchen Gefallen an dem jungen, sich so naiv gehabenden
646 908 1860 957 was muß das für keine Zeit ssein, wenn wir Frauenzimmer
1859 913 3070 962 Mädel, daß er sie veranlaßte, mit ihm nach England und
638 945 1861 1005 sogar die Journale von vorne Aesen, regelrecht von vorn, statt
1853 958 3070 1030 Amerika zu gehen, sich in der Tanzkunst und englischen Sprache
642 992 1847 1062 wie sonst zuerst den Gerichtssaal oder die Korrespondenzen,
1849 1013 3078 1064 zu vervollkommnen und als Operettensoubrette großen Stils zu
641 1039 1852 1116 dann das Theaterrepertoire und im besten Fall ganz zum
1854 1060 3077 1129 gastieren? Sie glauben wohl, daß die kleine Ronacherdame,
642 1092 1853 1169 Schluß ein bißl Lokalbericht. Ich bitt' Sie, die Extraausgaben
1851 1101 3074 1174 die so geschickt hopste und so geschickt (die ungetaufte Jüdin) ein
641 1143 1861 1213 und fetten Lettern, das rüttelt einen schon auf. Und wo doch
1863 1151 3065 1211 Frau von Pollak=großes Kreuz um den Hals trug, auf irgend¬
639 1179 1850 1260 sogar die kleinste Choristin klagt, sie hätt' eine solche Angst,
1850 1203 3078 1269 einer Schmiere geendet hat? Nein, sie ist heute die Sensation
641 1233 1849 1307 daß ihr Alter, der doch bei der Reserve is, jeden Tag die Ein¬
1848 1243 3062 1324 von Amerika, die Reporter fahren ihr meilenweit entgegen,
636 1276 1865 1360 berufung erwart'! Da werden sogar Nähmadeln von der vierten
1859 1299 3061 1353 sie zu interviewen, die Blätter bringen spaltenlange Beschrei¬
637 1324 1857 1394 Galerie auf einmal politisch reif und die koketten Halbweiber,
1854 1346 3071 1403 bungen ihrer Persönlichkeit, ihrer Toiletten, sie bezieht jetzt
643 1373 1859 1458 die was sich Operettenbonvivants nennen, fangen an zum
1861 1393 3063 1448 120.000 Dollars Jahresgage, ist kühl bis ans Herz hinan und
628 1423 1858 1502 Kannegießen und spüren den Ernst des Augenblicks. Von den
1858 1443 3072 1504 sieht gerade deshalb Millionäre zu ihren Füßen liegen. Und
635 1469 1849 1552 Hoftheatern will ich gar net erst reden, wo einen doch die k. k.
1850 1493 3070 1559 als ihr Entdecker, als er davon las, ihr einen Gratulations¬
641 1517 3068 1562 Atmosphäre von selbst großösterreichisch fühlen laßt. Da tritt brief sandte, schrieb sie dem Zahnarzt zurück: „Du ziehst in
639 1560 1593 1643 sogar die Frage der Direktionsbesetzung zurück.“
1845 1578 3062 1644 Wien, ich in Amerika. Aber mein Geschäft ist das bessere!“
738 1614 1857 1704 „In einer Villa im Cottage hat die Kriegsgefahr beson¬
1882 1624 2512 1707 — Na, das will ich meinen ...
624 1669 1862 1756 ders erhebend oder deprimierend gewirkt. Weil nämlich Herr
635 1729 1858 1809 Paulsen gegenwärtig der markanteste Vertreter der österreichi¬
624 1767 1856 1849 schen Wehrmacht innerhalb des Burgtheaterensembles ist. Reichs¬
628 1832 1863 1898 deutsche haben wir dort genug und solche, deren Lebensalter
636 1862 1856 1952 sie längst zur Landsturmgrenze geführt hat. Aber der fesche
630 1915 1857 1993 Offizier, der „in Betracht kommt“, der Reservelentnant mit
630 1964 1862 2046 der besten Konduite, die sich denken läßt, das ist der nämliche
624 2021 1862 2106 Paulsen, auf dessen Schultern gerade jetzt das laufende Re¬
626 2058 1861 2146 pertoirestück und manche andere für den Spielplan wichtige
633 2114 1838 2191 Partie ruht. Korff ist gegangen und sein Repertoire ist nar
629 2162 1860 2245 nicht vom Nachfolger übernommen und Paulsen könnte auch
623 2200 1858 2286 jeden Tag den Marschbefehl erhalten! Gewiß keine kleine Sorge
628 2261 1856 2331 für Herrn Thimig und erst recht nicht für die Gattin des
625 2311 1854 2383 Künstlers, deren Rekonvaleszenz durch das Damoklesschwert be¬
617 2361 1855 2432 trächtlich verzögert worden ist. Uebrigens sind es erst wenige
617 2394 1849 2480 Jayre her, daß die Hofbühne aus einem ähnlichen Grunde
616 2449 1857 2517 Herrn Paulsen einen längeren Urlaub gegeben hat: zur Ab¬
625 2502 1848 2586 leistung seines Einjährig=Freiwilligen=Präsenzdienstes nämlich.
622 2549 1854 2625 Der damals engagierte Liebhaber Herr Wanka und ein auberer
620 2601 1855 2655 Kollege mußten förmlich über Nacht den Rollenkreis Paulsens¬
618 2643 1849 2722 übernehmen, der später, zum Fähnrich avanciert, sich aus dem
615 2683 1852 2775 Stehparterre mehrmals gut gelaunt die Vorstellungen ansah.
618 2732 1856 2825 Hoffentlich bemächtigt sich die partielle militärische Bereitschaft
612 2788 1850 2851 diesmal nicht auch seiner Person, so daß Regiekollegium und
619 2835 1856 2904 Gattin ruhig bleiben können. Es genügt ihr, eine Künstlerin
612 2879 1856 2978 zu sein und glückliche Frau dazu. Nach einer „Gattin des
613 2933 1414 3013 Kommandeurs“ irägt sie keine Gelüste.“
727 2981 1849 3067 „Weil Sie gerade vom Burgtheater reden, möchte ich mire
602 3013 1849 3130 in Anbetracht gewisser auf die Hoftheater bezüglicher Gerüchte
616 3082 1851 3157 eine Feststellung erlauben. Reformen sollen bevorstehen in
601 3128 1848 3208 der Richtung, daß in Wien ein Generaldirektor für beide Hof¬
617 3171 1847 3263 theater mit je einem Beirat für Burg und Oper ernannt
600 3230 1848 3306 würde. Möglich, daß hier der Wunsch wieder einmal der
607 3269 1837 3365 Vater des Gedankens war. Ich aber kann, auf Grund von
599 3316 1840 3401 Erklärungen von maßgebender Seite erklären, daß hier wieder
607 3369 1841 3461 Leute das Gras haben wachsen hören. Mit demselben Rechte,
598 3414 1833 3483 und dem gleichen Tonfall könnte eine andere Version ver¬
609 3464 1838 3556 lautbart werden, wonach „der Fürst“ die alte Zwischeninstanz
592 3511 1839 3604 der Generalintendantur wieder herzustellen vorgeschlagen hat.
601 3564 1836 3643 Speziell das mit Baron Weckbecker ist eine Kombination; nichts
599 3620 1834 3690 weiter. Er ist einer der kunstsinnigsten und gebildetsten unter
594 3662 1820 3735 den Hofbeamten und hat in Opernkreisen und in der Aristo¬
597 3705 1823 3785 kratie großen gesellschaftlichen Anhang; das ist vorläufig alles.
601 3762 1832 3828 Im Kämmereramt ist er einfach nicht zu entbehren, kein Bild,
597 3808 1832 3878 keine Münze und Medaille wird vom kunsthistorischen Museum
594 3849 1823 3935 erworben, ohne daß er sein Votum abgibt. Für diesen Teil
589 3896 1830 3976 des Hofdienstes ist weit und breit kein ebenbürtiger Mann
589 3949 1830 4030 zu finden. Man lächelt bei dem Gedanken, ein Revirement
598 4002 1828 4077 vornehmen zu sollen. Eigentlich schade, denn mit ihm zöge
594 4040 1854 4125 eine modern denkende, im besten Sinne liberale Persönlichkeit 1
2856 4032 2981 4133 —.—
