<?xml version="1.0" encoding="UTF-8" standalone="yes"?>
<PcGts xmlns="http://schema.primaresearch.org/PAGE/gts/pagecontent/2013-07-15" xmlns:xsi="http://www.w3.org/2001/XMLSchema-instance" xsi:schemaLocation="http://schema.primaresearch.org/PAGE/gts/pagecontent/2013-07-15 http://schema.primaresearch.org/PAGE/gts/pagecontent/2013-07-15/pagecontent.xsd">
    <Metadata>
        <Creator>prov=University of Rostock/Institute of Mathematics/CITlab/Gundram Leifert/gundram.leifert@uni-rostock.de:name=ONB_Newseye_GT_M1+(htr_id=10810)::::v=2.4.2
prov=University of Rostock/Institute of Mathematics/CITlab/Tobias Gruening/tobias.gruening@uni-rostock.de:name=de.uros.citlab.module.baseline2polygon.B2PSeamMultiOriented:v=2.4.2
prov=University of Rostock/Institute of Mathematics/CITlab/Tobias Gruening/tobias.gruening@uni-rostock.de:name=/mnt/transkribus/LA/DEA/URO/LA_news_onb_att.pb:de.uros.citlab.segmentation.CITlab_LA_ML:v=2.4.2
Transkribus</Creator>
        <Created>2019-10-07T11:13:15.416+02:00</Created>
        <LastChange>2019-10-08T00:44:51.466+02:00</LastChange>
        <TranskribusMetadata docId="223963" pageId="9496042" pageNr="310" tsid="16492651" status="IN_PROGRESS" userId="40391" imgUrl="https://files.transkribus.eu/Get?id=TEHMFAXLLJYAHHGZQBLNBYPP&amp;fileType=view" xmlUrl="https://files.transkribus.eu/Get?id=SOHWWOSKUFNSPDVCCRSEGZLX" imageId="6186269"/>
    </Metadata>
    <Page imageFilename="223963_0310.jpeg" imageWidth="3344" imageHeight="4320">
        <ReadingOrder>
            <OrderedGroup id="ro_1711442509642" caption="Regions reading order">
                <RegionRefIndexed index="0" regionRef="r1"/>
            </OrderedGroup>
        </ReadingOrder>
        <TextRegion orientation="0.0" id="r1" custom="readingOrder {index:0;}">
            <Coords points="314,220 314,3661 2312,3661 2312,220"/>
            <TextLine id="r1l1" custom="readingOrder {index:0;}">
                <Coords points="1030,253 1054,254 1059,249 1063,254 1081,250 1117,255 1133,245 1151,243 1152,205 1141,205 1132,211 1116,206 1100,212 1094,205 1063,191 1031,195"/>
                <Baseline points="1041,246 1073,243 1106,245 1139,248"/>
                <TextEquiv>
                    <Unicode>Be</Unicode>
                </TextEquiv>
            </TextLine>
            <TextLine id="r1l2" custom="readingOrder {index:1;}">
                <Coords points="302,252 1153,300 2120,260 2057,185 1539,241 1231,186 1101,251 711,187 303,207"/>
                <Baseline points="314,240 403,246 493,250 583,254 672,258 762,261 852,263 941,265 1031,266 1121,266 1211,266 1300,266 1390,265 1480,264 1569,262 1659,260 1749,258 1838,256 1928,253 2018,251 2108,248"/>
                <TextEquiv>
                    <Unicode>25. ProfessEnhandi box 30/4</Unicode>
                </TextEquiv>
            </TextLine>
            <TextLine id="r1l3" custom="readingOrder {index:2;}">
                <Coords points="1666,767 1767,789 1796,779 1823,797 1873,797 1882,735 1816,723 1803,728 1796,718 1769,719 1759,708 1728,699 1704,714 1675,710"/>
                <Baseline points="1678,761 1704,763 1731,766 1757,770 1784,775 1810,779 1837,783 1864,785"/>
                <TextEquiv>
                    <Unicode>ane Gewam.,</Unicode>
                </TextEquiv>
            </TextLine>
            <TextLine id="r1l4" custom="readingOrder {index:3;}">
                <Coords points="1098,789 1147,822 1389,833 1457,867 1538,827 1642,826 1961,889 2061,876 2064,833 1921,787 1534,753 1400,802 1338,757 1099,767"/>
                <Baseline points="1108,794 1155,800 1202,806 1249,810 1296,815 1343,817 1390,820 1437,822 1484,824 1531,826 1578,828 1625,830 1672,833 1719,835 1766,838 1813,843 1860,848 1907,854 1954,860 2001,869 2049,879"/>
                <TextEquiv>
                    <Unicode>Ausschnitt aus: Aouls Wioner Journal, Vien</Unicode>
                </TextEquiv>
            </TextLine>
            <TextLine id="r1l5" custom="readingOrder {index:4;}">
                <Coords points="1103,900 1116,901 1129,910 1254,919 1258,881 1225,875 1211,865 1192,874 1177,863 1167,867 1157,861 1145,862 1136,849 1109,842"/>
                <Baseline points="1114,899 1140,901 1166,903 1192,906 1218,910 1244,913"/>
                <TextEquiv>
                    <Unicode>vom:</Unicode>
                </TextEquiv>
            </TextLine>
            <TextLine id="r1l6" custom="readingOrder {index:5;}">
                <Coords points="1372,917 1465,932 1488,925 1542,945 1626,943 1656,937 1664,865 1633,860 1602,877 1546,850 1520,859 1494,847 1456,865 1378,857"/>
                <Baseline points="1384,909 1410,912 1436,916 1462,919 1488,922 1514,925 1540,928 1566,930 1592,933 1618,935 1644,937"/>
                <TextEquiv>
                    <Unicode>17.APR. 1973</Unicode>
                </TextEquiv>
            </TextLine>
            <TextLine id="r1l7" custom="readingOrder {index:6;}">
                <Coords points="1249,966 1305,975 1316,971 1327,979 1347,980 1352,918 1329,918 1325,922 1314,912 1298,918 1283,910 1276,909 1271,913 1253,910"/>
                <Baseline points="1263,938 1288,942 1313,944 1339,944"/>
                <TextEquiv>
                    <Unicode>1</Unicode>
                </TextEquiv>
            </TextLine>
            <TextLine id="r1l8" custom="readingOrder {index:7;}">
                <Coords points="1199,1016 2292,1088 2319,1006 2093,1030 1201,977"/>
                <Baseline points="1211,1013 1265,1016 1320,1020 1375,1024 1429,1028 1484,1032 1539,1036 1593,1039 1648,1044 1703,1047 1758,1050 1812,1053 1867,1056 1922,1059 1976,1062 2031,1064 2086,1066 2140,1068 2195,1069 2250,1070 2305,1070"/>
                <TextEquiv>
                    <Unicode>Aus Hamburg wird uns gemeldet: Im Deutschen</Unicode>
                </TextEquiv>
            </TextLine>
            <TextLine id="r1l9" custom="readingOrder {index:8;}">
                <Coords points="1013,1091 1068,1060 2299,1121 2216,1076 1017,1010"/>
                <Baseline points="1026,1051 1089,1055 1152,1059 1215,1063 1278,1067 1341,1072 1404,1076 1467,1081 1530,1084 1593,1089 1656,1092 1719,1097 1782,1100 1845,1103 1908,1106 1971,1109 2034,1112 2097,1114 2160,1116 2223,1117 2287,1118"/>
                <TextEquiv>
                    <Unicode>Schauspielhause wurden jetzt wieder einmal in rascher Aufeinander¬</Unicode>
                </TextEquiv>
            </TextLine>
            <TextLine id="r1l10" custom="readingOrder {index:9;}">
                <Coords points="1036,1121 2266,1181 2311,1181 2314,1141 1039,1067"/>
                <Baseline points="1048,1105 1110,1108 1173,1112 1235,1115 1298,1119 1361,1123 1423,1127 1486,1131 1549,1135 1611,1139 1674,1143 1737,1147 1799,1151 1862,1154 1925,1157 1987,1160 2050,1162 2113,1164 2175,1165 2238,1166 2301,1166"/>
                <TextEquiv>
                    <Unicode>folge zwei Werke von Wiener Autoren aufgeführt. Hans Müllers</Unicode>
                </TextEquiv>
            </TextLine>
            <TextLine id="r1l11" custom="readingOrder {index:10;}">
                <Coords points="1042,1163 1246,1180 1297,1147 1349,1186 2258,1234 2306,1225 2309,1176 1044,1118"/>
                <Baseline points="1054,1157 1116,1159 1178,1161 1240,1164 1302,1167 1364,1170 1426,1173 1488,1177 1550,1181 1612,1185 1674,1189 1736,1192 1798,1196 1860,1200 1922,1203 1984,1207 2046,1209 2108,1213 2170,1215 2232,1217 2294,1219"/>
                <TextEquiv>
                    <Unicode>„Gesinnung“ das Einakterquartett dieses begabten Wiener Dichters,</Unicode>
                </TextEquiv>
            </TextLine>
            <TextLine id="r1l12" custom="readingOrder {index:11;}">
                <Coords points="1046,1210 2301,1279 2216,1220 1049,1163"/>
                <Baseline points="1058,1201 1119,1204 1181,1208 1242,1211 1304,1214 1366,1218 1427,1222 1489,1225 1551,1229 1612,1232 1674,1236 1736,1240 1797,1243 1859,1246 1921,1250 1982,1253 2044,1255 2106,1258 2167,1262 2229,1264 2291,1267"/>
                <TextEquiv>
                    <Unicode>fand dank der vorzüglichen Darstellung und Inszenierung lebhaften</Unicode>
                </TextEquiv>
            </TextLine>
            <TextLine id="r1l13" custom="readingOrder {index:12;}">
                <Coords points="1027,1262 2158,1329 2289,1309 2291,1277 1030,1208"/>
                <Baseline points="1039,1249 1100,1252 1162,1255 1224,1258 1286,1262 1348,1266 1410,1269 1472,1273 1534,1277 1596,1281 1658,1284 1719,1288 1781,1291 1843,1295 1905,1297 1967,1301 2029,1303 2091,1306 2153,1307 2215,1310 2277,1311"/>
                <TextEquiv>
                    <Unicode>Beifall. Die jüngste Novität war Artur Scchmitz##Pro¬</Unicode>
                </TextEquiv>
            </TextLine>
            <TextLine id="r1l14" custom="readingOrder {index:13;}">
                <Coords points="1033,1312 1375,1301 2072,1370 2296,1348 2296,1307 1036,1256"/>
                <Baseline points="1044,1296 1109,1300 1174,1304 1239,1308 1304,1311 1370,1315 1435,1320 1500,1323 1565,1327 1630,1331 1696,1334 1761,1338 1826,1341 1891,1345 1956,1348 2022,1351 2087,1353 2152,1356 2217,1359 2283,1361"/>
                <TextEquiv>
                    <Unicode>fessor Bernhardi“, die mit stürmischem -Appläus ausgenommen</Unicode>
                </TextEquiv>
            </TextLine>
            <TextLine id="r1l15" custom="readingOrder {index:14;}">
                <Coords points="1019,1375 1409,1364 2286,1436 2290,1351 2145,1377 1371,1301 1022,1315"/>
                <Baseline points="1032,1345 1094,1349 1156,1353 1218,1356 1280,1361 1343,1364 1405,1367 1467,1371 1529,1374 1591,1377 1654,1380 1716,1384 1778,1387 1840,1390 1902,1393 1965,1396 2027,1398 2089,1401 2151,1404 2213,1406 2276,1409"/>
                <TextEquiv>
                    <Unicode>wurde. Die Kritik lobt einstimmig den fesselnden Inhalt und die</Unicode>
                </TextEquiv>
            </TextLine>
            <TextLine id="r1l16" custom="readingOrder {index:15;}">
                <Coords points="1034,1400 2169,1471 2291,1464 2294,1417 1036,1357"/>
                <Baseline points="1046,1391 1107,1395 1169,1399 1231,1403 1292,1408 1354,1411 1416,1415 1477,1419 1539,1423 1601,1426 1663,1430 1724,1433 1786,1436 1848,1440 1909,1443 1971,1445 2033,1448 2094,1451 2156,1452 2218,1455 2280,1457"/>
                <TextEquiv>
                    <Unicode>außerordentlich seine Individualisierung der einzelnen Personen</Unicode>
                </TextEquiv>
            </TextLine>
            <TextLine id="r1l17" custom="readingOrder {index:16;}">
                <Coords points="1033,1452 2238,1518 2286,1507 2289,1462 1036,1400"/>
                <Baseline points="1044,1439 1105,1444 1167,1449 1228,1453 1290,1457 1351,1461 1413,1465 1474,1468 1536,1472 1597,1475 1659,1479 1721,1482 1782,1484 1844,1487 1905,1490 1967,1493 2028,1496 2090,1499 2151,1503 2213,1506 2275,1510"/>
                <TextEquiv>
                    <Unicode>sowie den geistreichen Dialog und die unaufdringliche Schilderung</Unicode>
                </TextEquiv>
            </TextLine>
            <TextLine id="r1l18" custom="readingOrder {index:17;}">
                <Coords points="1017,1494 2285,1562 2274,1505 1019,1444"/>
                <Baseline points="1028,1487 1090,1492 1152,1498 1214,1502 1277,1506 1339,1511 1401,1515 1464,1518 1526,1521 1588,1524 1651,1527 1713,1530 1775,1533 1837,1535 1900,1538 1962,1541 2024,1543 2087,1546 2149,1548 2211,1550 2274,1553"/>
                <TextEquiv>
                    <Unicode>des Milieus. Die scharfgeistige Inszenierung des Werkes durch</Unicode>
                </TextEquiv>
            </TextLine>
            <TextLine id="r1l19" custom="readingOrder {index:18;}">
                <Coords points="1022,1549 2280,1636 2288,1562 1024,1495"/>
                <Baseline points="1034,1535 1096,1540 1158,1545 1220,1550 1282,1554 1344,1557 1406,1561 1468,1564 1530,1568 1592,1571 1654,1574 1716,1576 1778,1579 1840,1582 1902,1585 1964,1588 2026,1590 2088,1593 2150,1596 2212,1599 2274,1603"/>
                <TextEquiv>
                    <Unicode>Direktor Hagemann wird ebenso allgemein anerkannt wie die</Unicode>
                </TextEquiv>
            </TextLine>
            <TextLine id="r1l20" custom="readingOrder {index:19;}">
                <Coords points="1003,1594 2230,1682 2296,1627 1006,1545"/>
                <Baseline points="1016,1585 1079,1590 1142,1594 1205,1598 1269,1601 1332,1605 1395,1609 1459,1611 1522,1615 1585,1617 1649,1621 1712,1624 1775,1627 1838,1630 1902,1633 1965,1636 2028,1640 2092,1644 2155,1648 2218,1652 2282,1656"/>
                <TextEquiv>
                    <Unicode>vorzüglichen schauspielerischen Leistungen von Robert Nhil, Max</Unicode>
                </TextEquiv>
            </TextLine>
            <TextLine id="r1l21" custom="readingOrder {index:20;}">
                <Coords points="1002,1666 1584,1661 2219,1720 2249,1670 1006,1592"/>
                <Baseline points="1015,1634 1076,1638 1137,1642 1198,1646 1259,1649 1320,1653 1381,1656 1442,1660 1503,1663 1564,1666 1625,1669 1686,1672 1747,1675 1808,1679 1869,1682 1930,1686 1991,1690 2052,1694 2113,1698 2174,1702 2236,1707"/>
                <TextEquiv>
                    <Unicode>Montor, Brahm, Kreidemann, Holsiein, v. Dollen und Waaner</Unicode>
                </TextEquiv>
            </TextLine>
            <TextLine id="r1l22" custom="readingOrder {index:21;}">
                <Coords points="2180,1806 2192,1807 2198,1812 2218,1808 2227,1813 2241,1801 2250,1808 2266,1807 2272,1708 2254,1707 2235,1720 2218,1718 2206,1724 2197,1717 2186,1716"/>
                <Baseline points="2193,1776 2225,1777 2257,1780"/>
                <TextEquiv>
                    <Unicode></Unicode>
                </TextEquiv>
            </TextLine>
            <TextLine id="r1l23" custom="readingOrder {index:22;}">
                <Coords points="1108,2008 1348,2016 1377,1993 1467,2006 1507,1994 1506,1972 1373,1941 1272,1953 1259,1944 1243,1960 1165,1955 1129,1978 1107,1974"/>
                <Baseline points="1119,1999 1144,2000 1169,1999 1194,1999 1219,1999 1244,1998 1269,1997 1294,1997 1319,1995 1344,1995 1369,1994 1394,1993 1419,1993 1444,1993 1469,1993 1495,1993"/>
                <TextEquiv>
                    <Unicode>Ausschnitt aus:</Unicode>
                </TextEquiv>
            </TextLine>
            <TextLine id="r1l24" custom="readingOrder {index:23;}">
                <Coords points="1373,2066 1777,2065 1908,2093 2089,2073 2178,2099 2255,2080 2256,2037 2105,1997 1945,2020 1789,1987 1732,2007 1666,1975 1568,2007 1375,2003"/>
                <Baseline points="1384,2040 1427,2042 1470,2043 1513,2046 1556,2048 1599,2050 1642,2053 1685,2055 1728,2057 1771,2059 1814,2061 1857,2063 1900,2065 1943,2067 1986,2068 2029,2069 2072,2070 2115,2071 2158,2072 2201,2072 2244,2072"/>
                <TextEquiv>
                    <Unicode>aPn 1o# Der Humertet, W.er</Unicode>
                </TextEquiv>
            </TextLine>
            <TextLine id="r1l25" custom="readingOrder {index:24;}">
                <Coords points="1120,2109 1136,2114 1143,2107 1262,2108 1263,2054 1243,2049 1229,2053 1223,2048 1197,2068 1191,2061 1177,2061 1171,2067 1159,2065 1132,2078 1121,2077"/>
                <Baseline points="1131,2102 1161,2101 1191,2102 1221,2103 1251,2104"/>
                <TextEquiv>
                    <Unicode>vom:</Unicode>
                </TextEquiv>
            </TextLine>
            <TextLine id="r1l26" custom="readingOrder {index:25;}">
                <Coords points="1123,2152 1137,2151 1139,2154 1143,2153 1146,2156 1163,2141 1174,2141 1172,2096 1161,2096 1148,2108 1141,2109 1137,2104 1132,2107 1121,2107"/>
                <Baseline points="1133,2125 1162,2124"/>
                <TextEquiv>
                    <Unicode>60</Unicode>
                </TextEquiv>
            </TextLine>
            <TextLine id="r1l27" custom="readingOrder {index:26;}">
                <Coords points="1398,2190 1454,2181 1479,2192 1521,2176 1560,2191 1573,2178 1593,2189 1625,2177 1710,2185 1739,2178 1739,2136 1712,2134 1669,2156 1606,2146 1582,2160 1528,2160 1494,2142 1479,2154 1398,2163"/>
                <Baseline points="1409,2178 1435,2177 1462,2176 1488,2176 1515,2176 1541,2176 1568,2177 1595,2177 1621,2176 1648,2176 1674,2175 1701,2174 1728,2172"/>
                <TextEquiv>
                    <Unicode>„—</Unicode>
                </TextEquiv>
            </TextLine>
            <TextLine id="r1l28" custom="readingOrder {index:27;}">
                <Coords points="1058,2228 2286,2231 2247,2179 1410,2192 1058,2158"/>
                <Baseline points="1070,2225 1130,2225 1190,2225 1250,2225 1310,2225 1371,2225 1431,2225 1491,2225 1551,2224 1611,2224 1672,2224 1732,2223 1792,2223 1852,2222 1912,2221 1973,2221 2033,2220 2093,2219 2153,2219 2213,2218 2274,2217"/>
                <TextEquiv>
                    <Unicode>Im Deutschen Schauspielhause brachte man</Unicode>
                </TextEquiv>
            </TextLine>
            <TextLine id="r1l29" custom="readingOrder {index:28;}">
                <Coords points="951,2296 2149,2289 2285,2278 2285,2234 950,2230"/>
                <Baseline points="961,2281 1026,2279 1092,2278 1157,2277 1223,2277 1289,2277 1354,2277 1420,2277 1485,2277 1551,2277 1617,2277 1682,2277 1748,2276 1813,2276 1879,2275 1944,2274 2010,2272 2076,2270 2141,2268 2207,2265 2273,2261"/>
                <TextEquiv>
                    <Unicode>„Professor Bernhardi“, von Schnitzler heraus. Auch bei uns</Unicode>
                </TextEquiv>
            </TextLine>
            <TextLine id="r1l30" custom="readingOrder {index:29;}">
                <Coords points="954,2331 2291,2316 2254,2272 953,2291"/>
                <Baseline points="964,2333 1029,2331 1095,2328 1161,2326 1227,2325 1292,2324 1358,2323 1424,2322 1490,2322 1555,2322 1621,2322 1687,2321 1753,2321 1818,2321 1884,2321 1950,2320 2016,2320 2081,2319 2147,2318 2213,2316 2279,2314"/>
                <TextEquiv>
                    <Unicode>errang die geistvolle Komödie einen nachhaltigen Erfolg. Herr</Unicode>
                </TextEquiv>
            </TextLine>
            <TextLine id="r1l31" custom="readingOrder {index:30;}">
                <Coords points="950,2377 2290,2378 2290,2340 2164,2318 950,2335"/>
                <Baseline points="962,2378 1027,2378 1093,2377 1159,2376 1225,2375 1291,2374 1357,2374 1422,2373 1488,2373 1554,2372 1620,2372 1686,2371 1752,2371 1818,2370 1883,2370 1949,2369 2015,2369 2081,2369 2147,2368 2213,2368 2279,2367"/>
                <TextEquiv>
                    <Unicode>Direktor Hagemann führte mit gewohnter Umsicht die Regie,</Unicode>
                </TextEquiv>
            </TextLine>
            <TextLine id="r1l32" custom="readingOrder {index:31;}">
                <Coords points="946,2429 2283,2441 2240,2374 946,2379"/>
                <Baseline points="957,2427 1022,2426 1088,2425 1154,2424 1219,2423 1285,2423 1351,2422 1416,2421 1482,2421 1548,2421 1614,2420 1679,2420 1745,2420 1811,2420 1876,2420 1942,2419 2008,2419 2073,2419 2139,2418 2205,2418 2271,2418"/>
                <TextEquiv>
                    <Unicode>dank deren denn auch das österreichische Kolorit gewahrt blieb,</Unicode>
                </TextEquiv>
            </TextLine>
            <TextLine id="r1l33" custom="readingOrder {index:32;}">
                <Coords points="954,2480 2116,2484 2251,2479 2282,2431 953,2442"/>
                <Baseline points="964,2477 1029,2476 1094,2475 1160,2473 1225,2472 1290,2472 1356,2471 1421,2471 1486,2470 1552,2470 1617,2470 1682,2469 1748,2469 1813,2469 1878,2469 1944,2469 2009,2468 2074,2468 2140,2468 2205,2467 2271,2467"/>
                <TextEquiv>
                    <Unicode>ohne daß das allgemeine Interesse an dem Fall Einbuße erlitt.</Unicode>
                </TextEquiv>
            </TextLine>
            <TextLine id="r1l34" custom="readingOrder {index:33;}">
                <Coords points="951,2532 2228,2533 2286,2483 950,2479"/>
                <Baseline points="962,2529 1027,2527 1093,2525 1158,2523 1224,2522 1290,2521 1355,2520 1421,2519 1486,2519 1552,2518 1618,2518 1683,2517 1749,2517 1814,2516 1880,2516 1945,2516 2011,2515 2077,2514 2142,2514 2208,2513 2274,2512"/>
                <TextEquiv>
                    <Unicode>Herr Nhil schuf in der Titelrolle eine prachtvolle Figur wie aus</Unicode>
                </TextEquiv>
            </TextLine>
            <TextLine id="r1l35" custom="readingOrder {index:34;}">
                <Coords points="950,2577 2229,2582 2285,2528 950,2541"/>
                <Baseline points="962,2577 1027,2575 1093,2574 1158,2573 1224,2572 1290,2571 1355,2570 1421,2569 1486,2569 1552,2568 1618,2568 1683,2568 1749,2567 1814,2567 1880,2567 1945,2566 2011,2566 2077,2566 2142,2565 2208,2565 2274,2564"/>
                <TextEquiv>
                    <Unicode>einem Guß, kraftvoll und lebenswahr in jeder Phase. Auf gleicher</Unicode>
                </TextEquiv>
            </TextLine>
            <TextLine id="r1l36" custom="readingOrder {index:35;}">
                <Coords points="956,2622 2212,2633 2282,2624 2281,2565 955,2593"/>
                <Baseline points="966,2626 1031,2624 1096,2622 1161,2620 1226,2619 1292,2618 1357,2617 1422,2616 1487,2616 1552,2616 1618,2615 1683,2615 1748,2615 1813,2615 1878,2615 1944,2615 2009,2614 2074,2614 2139,2614 2204,2613 2270,2612"/>
                <TextEquiv>
                    <Unicode>Höhe standen die Leistungen der übrigen: der widerharige Eben¬</Unicode>
                </TextEquiv>
            </TextLine>
            <TextLine id="r1l37" custom="readingOrder {index:36;}">
                <Coords points="955,2684 2290,2687 2290,2617 955,2639"/>
                <Baseline points="966,2674 1031,2672 1097,2671 1162,2670 1228,2669 1294,2668 1359,2668 1425,2667 1491,2667 1556,2667 1622,2667 1688,2666 1753,2666 1819,2666 1885,2666 1950,2666 2016,2665 2082,2665 2147,2664 2213,2663 2279,2661"/>
                <TextEquiv>
                    <Unicode>wald des Herrn Montor, der schlichte Cyprian des Herrn</Unicode>
                </TextEquiv>
            </TextLine>
            <TextLine id="r1l38" custom="readingOrder {index:37;}">
                <Coords points="943,2717 2164,2730 2287,2709 2287,2670 943,2679"/>
                <Baseline points="954,2720 1020,2719 1086,2719 1152,2718 1218,2718 1284,2718 1350,2717 1417,2717 1483,2717 1549,2716 1615,2716 1681,2715 1747,2715 1813,2714 1880,2714 1946,2713 2012,2712 2078,2712 2144,2711 2210,2709 2277,2708"/>
                <TextEquiv>
                    <Unicode>Brahm, der eifernde Pflugfelder des Herrn Kreidemann</Unicode>
                </TextEquiv>
            </TextLine>
            <TextLine id="r1l39" custom="readingOrder {index:38;}">
                <Coords points="943,2783 2195,2778 2291,2755 2291,2708 942,2733"/>
                <Baseline points="953,2773 1019,2771 1085,2770 1151,2769 1218,2768 1284,2767 1350,2766 1417,2765 1483,2765 1549,2764 1616,2763 1682,2763 1748,2763 1814,2762 1881,2762 1947,2761 2013,2761 2080,2761 2146,2760 2212,2760 2279,2760"/>
                <TextEquiv>
                    <Unicode>und der konziliante, überlegene Minister des Herrn Lang. Eine</Unicode>
                </TextEquiv>
            </TextLine>
            <TextLine id="r1l40" custom="readingOrder {index:39;}">
                <Coords points="954,2829 2294,2822 2230,2766 954,2782"/>
                <Baseline points="966,2821 1031,2820 1097,2818 1163,2818 1229,2817 1295,2816 1361,2815 1426,2814 1492,2814 1558,2813 1624,2812 1690,2812 1756,2811 1822,2811 1887,2811 1953,2811 2019,2811 2085,2811 2151,2811 2217,2811 2283,2812"/>
                <TextEquiv>
                    <Unicode>brillante Type k. u. k. Beamtenphlegmas war Herr Wlach als</Unicode>
                </TextEquiv>
            </TextLine>
            <TextLine id="r1l41" custom="readingOrder {index:40;}">
                <Coords points="948,2863 2164,2876 2290,2830 948,2832"/>
                <Baseline points="959,2868 1025,2867 1091,2866 1157,2865 1223,2864 1289,2864 1355,2863 1421,2863 1487,2863 1553,2862 1619,2862 1685,2862 1751,2861 1817,2861 1883,2861 1949,2860 2015,2860 2081,2859 2147,2859 2213,2858 2279,2857"/>
                <TextEquiv>
                    <Unicode>Hofrat, während Herr Wagner als Pfarrer eine glückliche Ver¬</Unicode>
                </TextEquiv>
            </TextLine>
            <TextLine id="r1l42" custom="readingOrder {index:41;}">
                <Coords points="948,2927 2324,2919 2323,2869 948,2882"/>
                <Baseline points="959,2918 1026,2917 1094,2917 1161,2916 1229,2915 1297,2914 1364,2914 1432,2913 1500,2912 1567,2911 1635,2911 1703,2910 1770,2909 1838,2909 1906,2908 1973,2908 2041,2908 2109,2907 2176,2907 2244,2907 2312,2907"/>
                <TextEquiv>
                    <Unicode>bindung von religiösem Eifer und menschlichem Verstehen in</Unicode>
                </TextEquiv>
            </TextLine>
            <TextLine id="r1l43" custom="readingOrder {index:42;}">
                <Coords points="953,2971 2149,2975 2261,2970 2290,2923 952,2926"/>
                <Baseline points="963,2966 1028,2965 1094,2963 1160,2962 1226,2961 1292,2961 1357,2960 1423,2960 1489,2959 1555,2959 1621,2959 1686,2959 1752,2959 1818,2959 1884,2959 1950,2959 2015,2959 2081,2959 2147,2959 2213,2958 2279,2958"/>
                <TextEquiv>
                    <Unicode>seine Rolle brachte. Im übrigen wirkten verdienstlich: die Herren</Unicode>
                </TextEquiv>
            </TextLine>
            <TextLine id="r1l44" custom="readingOrder {index:43;}">
                <Coords points="955,3025 2252,3022 2290,2982 955,2983"/>
                <Baseline points="965,3014 1030,3013 1096,3013 1162,3012 1227,3011 1293,3011 1359,3011 1424,3010 1490,3010 1556,3010 1622,3010 1687,3010 1753,3010 1819,3009 1884,3009 1950,3009 2016,3009 2081,3008 2147,3008 2213,3008 2279,3007"/>
                <TextEquiv>
                    <Unicode>Andresen, Kallenberger, Holstein, v. Dollen,</Unicode>
                </TextEquiv>
            </TextLine>
            <TextLine id="r1l45" custom="readingOrder {index:44;}">
                <Coords points="957,3067 2290,3056 2289,3005 957,3025"/>
                <Baseline points="969,3067 1034,3064 1100,3062 1165,3061 1231,3059 1296,3058 1362,3058 1427,3057 1493,3057 1558,3056 1624,3056 1689,3056 1755,3056 1820,3056 1886,3057 1951,3057 2017,3057 2082,3057 2148,3057 2213,3057 2279,3057"/>
                <TextEquiv>
                    <Unicode>Pichler, Sartory, Gebhardt, Stettner. Frl. May</Unicode>
                </TextEquiv>
            </TextLine>
            <TextLine id="r1l46" custom="readingOrder {index:45;}">
                <Coords points="949,3134 2196,3104 2034,3056 949,3080"/>
                <Baseline points="959,3120 1020,3117 1081,3113 1142,3111 1204,3109 1265,3108 1326,3107 1388,3107 1449,3107 1510,3106 1572,3107 1633,3107 1694,3107 1755,3107 1817,3107 1878,3107 1939,3107 2001,3106 2062,3105 2123,3104 2185,3102"/>
                <TextEquiv>
                    <Unicode>sprach die wenigen Worte ihrer Rolle mit schlichter Wärme.</Unicode>
                </TextEquiv>
            </TextLine>
            <TextLine id="r1l47" custom="readingOrder {index:46;}">
                <Coords points="1231,3150 1247,3151 1255,3143 1262,3145 1270,3135 1294,3130 1291,3092 1280,3093 1259,3116 1248,3119 1241,3115 1239,3118 1228,3119"/>
                <Baseline points="1241,3137 1283,3133"/>
                <TextEquiv>
                    <Unicode></Unicode>
                </TextEquiv>
            </TextLine>
            <TextLine id="r1l48" custom="readingOrder {index:47;}">
                <Coords points="1078,3166 2297,3148 2238,3107 1078,3124"/>
                <Baseline points="1090,3159 1149,3159 1209,3159 1269,3159 1329,3159 1389,3159 1448,3159 1508,3159 1568,3158 1628,3158 1688,3158 1747,3158 1807,3158 1867,3157 1927,3157 1987,3156 2046,3155 2106,3154 2166,3153 2226,3152 2286,3150"/>
                <TextEquiv>
                    <Unicode>Seine 25jährige Zugehörigkeit zu den vereinigten Stadt¬</Unicode>
                </TextEquiv>
            </TextLine>
            <TextLine id="r1l49" custom="readingOrder {index:48;}">
                <Coords points="952,3219 2294,3228 2294,3172 2119,3156 952,3179"/>
                <Baseline points="963,3214 1032,3212 1101,3211 1171,3210 1240,3209 1310,3208 1379,3207 1448,3207 1518,3207 1587,3206 1657,3206 1726,3206 1796,3206 1865,3205 1934,3205 2004,3204 2073,3204 2143,3202 2212,3201 2282,3200"/>
                <TextEquiv>
                    <Unicode>theatern beging Herr Auspitz festlich unter zahlreichen Beweisen</Unicode>
                </TextEquiv>
            </TextLine>
            <TextLine id="r1l50" custom="readingOrder {index:49;}">
                <Coords points="959,3270 2224,3265 2298,3257 2298,3210 958,3223"/>
                <Baseline points="969,3262 1038,3261 1107,3260 1177,3259 1246,3258 1316,3257 1385,3256 1454,3255 1524,3255 1593,3254 1663,3253 1732,3253 1802,3252 1871,3252 1940,3251 2010,3250 2079,3249 2149,3248 2218,3247 2288,3246"/>
                <TextEquiv>
                    <Unicode>der Verehrung und Freundschaft im Altonaer Stadt¬</Unicode>
                </TextEquiv>
            </TextLine>
            <TextLine id="r1l51" custom="readingOrder {index:50;}">
                <Coords points="955,3324 2216,3315 2288,3299 2288,3245 955,3263"/>
                <Baseline points="966,3316 1031,3313 1097,3310 1162,3308 1228,3306 1293,3305 1359,3304 1424,3303 1490,3303 1555,3303 1621,3303 1686,3303 1752,3303 1817,3303 1883,3303 1948,3302 2014,3302 2079,3301 2145,3301 2210,3299 2276,3298"/>
                <TextEquiv>
                    <Unicode>theater. Als Rechtsanwalt Oppenheimer in Arno Holz' wirkungs¬</Unicode>
                </TextEquiv>
            </TextLine>
            <TextLine id="r1l52" custom="readingOrder {index:51;}">
                <Coords points="964,3366 2229,3365 2299,3347 2298,3300 963,3326"/>
                <Baseline points="975,3363 1040,3360 1106,3357 1171,3355 1237,3354 1303,3353 1368,3352 1434,3351 1500,3351 1565,3351 1631,3351 1697,3351 1762,3351 1828,3352 1894,3352 1959,3352 2025,3351 2091,3351 2156,3350 2222,3349 2288,3348"/>
                <TextEquiv>
                    <Unicode>voller Komödie „Bürl“ überschüttete man den Jubilar, der in dieser</Unicode>
                </TextEquiv>
            </TextLine>
            <TextLine id="r1l53" custom="readingOrder {index:52;}">
                <Coords points="949,3428 2172,3413 2288,3365 949,3372"/>
                <Baseline points="961,3409 1026,3407 1092,3405 1158,3403 1224,3402 1290,3402 1356,3401 1421,3401 1487,3401 1553,3402 1619,3402 1685,3403 1751,3403 1817,3403 1882,3403 1948,3403 2014,3403 2080,3402 2146,3401 2212,3399 2278,3397"/>
                <TextEquiv>
                    <Unicode>seiner Glanzrolle erneut zeigte, ein wie vielseitiges Talent ihm</Unicode>
                </TextEquiv>
            </TextLine>
            <TextLine id="r1l54" custom="readingOrder {index:53;}">
                <Coords points="955,3462 2270,3465 2288,3407 955,3417"/>
                <Baseline points="966,3462 1031,3460 1097,3458 1162,3457 1228,3455 1294,3454 1359,3453 1425,3452 1490,3452 1556,3452 1622,3451 1687,3451 1753,3451 1818,3450 1884,3450 1949,3450 2015,3449 2081,3448 2146,3448 2212,3447 2278,3445"/>
                <TextEquiv>
                    <Unicode>eigen ist, mit reichem Beifall und umfänglichen Spenden. Am</Unicode>
                </TextEquiv>
            </TextLine>
            <TextLine id="r1l55" custom="readingOrder {index:54;}">
                <Coords points="949,3516 2169,3517 2297,3478 948,3476"/>
                <Baseline points="959,3507 1025,3505 1091,3504 1158,3503 1224,3503 1290,3502 1357,3501 1423,3501 1489,3501 1556,3500 1622,3500 1688,3500 1755,3499 1821,3499 1887,3499 1954,3498 2020,3498 2086,3497 2153,3497 2219,3496 2286,3495"/>
                <TextEquiv>
                    <Unicode>Schlusse war der Gefeierte noch als Conferencier in einem „bunten</Unicode>
                </TextEquiv>
            </TextLine>
            <TextLine id="r1l56" custom="readingOrder {index:55;}">
                <Coords points="956,3568 2274,3578 2316,3510 956,3526"/>
                <Baseline points="968,3556 1034,3555 1101,3555 1168,3555 1235,3554 1302,3553 1369,3553 1435,3552 1502,3551 1569,3551 1636,3550 1703,3550 1770,3549 1837,3549 1903,3548 1970,3548 2037,3548 2104,3548 2171,3548 2238,3549 2305,3549"/>
                <TextEquiv>
                    <Unicode>Teil“ tätig und hatte hier besonders Gelegenheit, mit dem ihn</Unicode>
                </TextEquiv>
            </TextLine>
            <TextLine id="r1l57" custom="readingOrder {index:56;}">
                <Coords points="945,3648 1129,3610 1405,3645 1542,3607 2260,3614 2300,3575 1763,3548 944,3583"/>
                <Baseline points="956,3613 1022,3611 1089,3610 1155,3608 1222,3607 1289,3605 1355,3604 1422,3603 1488,3602 1555,3601 1622,3600 1688,3599 1755,3599 1821,3598 1888,3598 1954,3597 2021,3597 2088,3597 2154,3596 2221,3596 2288,3596"/>
                <TextEquiv>
                    <Unicode>„durch jubelnden Beifall, auszeichnenden Publikum in Kontakt zu tretent.</Unicode>
                </TextEquiv>
            </TextLine>
            <TextLine id="r1l58" custom="readingOrder {index:57;}">
                <Coords points="1726,3633 1795,3664 1885,3675 1930,3659 1953,3677 2011,3674 2053,3654 2092,3678 2125,3660 2251,3653 2251,3603 2230,3601 2192,3615 2170,3599 2121,3615 2064,3604 2038,3620 2015,3600 1995,3618 1726,3608"/>
                <Baseline points="1737,3645 1762,3645 1787,3646 1812,3647 1837,3647 1862,3648 1887,3648 1912,3649 1937,3649 1962,3649 1988,3650 2013,3650 2038,3649 2063,3649 2088,3649 2113,3648 2138,3647 2163,3645 2188,3644 2213,3642 2239,3639"/>
                <TextEquiv>
                    <Unicode>Inns Staugenbengèr.</Unicode>
                </TextEquiv>
            </TextLine>
            <TextEquiv>
                <Unicode>Be
25. ProfessEnhandi box 30/4
ane Gewam.,
Ausschnitt aus: Aouls Wioner Journal, Vien
vom:
17.APR. 1973
1
Aus Hamburg wird uns gemeldet: Im Deutschen
Schauspielhause wurden jetzt wieder einmal in rascher Aufeinander¬
folge zwei Werke von Wiener Autoren aufgeführt. Hans Müllers
„Gesinnung“ das Einakterquartett dieses begabten Wiener Dichters,
fand dank der vorzüglichen Darstellung und Inszenierung lebhaften
Beifall. Die jüngste Novität war Artur Scchmitz##Pro¬
fessor Bernhardi“, die mit stürmischem -Appläus ausgenommen
wurde. Die Kritik lobt einstimmig den fesselnden Inhalt und die
außerordentlich seine Individualisierung der einzelnen Personen
sowie den geistreichen Dialog und die unaufdringliche Schilderung
des Milieus. Die scharfgeistige Inszenierung des Werkes durch
Direktor Hagemann wird ebenso allgemein anerkannt wie die
vorzüglichen schauspielerischen Leistungen von Robert Nhil, Max
Montor, Brahm, Kreidemann, Holsiein, v. Dollen und Waaner

Ausschnitt aus:
aPn 1o# Der Humertet, W.er
vom:
60
„—
Im Deutschen Schauspielhause brachte man
„Professor Bernhardi“, von Schnitzler heraus. Auch bei uns
errang die geistvolle Komödie einen nachhaltigen Erfolg. Herr
Direktor Hagemann führte mit gewohnter Umsicht die Regie,
dank deren denn auch das österreichische Kolorit gewahrt blieb,
ohne daß das allgemeine Interesse an dem Fall Einbuße erlitt.
Herr Nhil schuf in der Titelrolle eine prachtvolle Figur wie aus
einem Guß, kraftvoll und lebenswahr in jeder Phase. Auf gleicher
Höhe standen die Leistungen der übrigen: der widerharige Eben¬
wald des Herrn Montor, der schlichte Cyprian des Herrn
Brahm, der eifernde Pflugfelder des Herrn Kreidemann
und der konziliante, überlegene Minister des Herrn Lang. Eine
brillante Type k. u. k. Beamtenphlegmas war Herr Wlach als
Hofrat, während Herr Wagner als Pfarrer eine glückliche Ver¬
bindung von religiösem Eifer und menschlichem Verstehen in
seine Rolle brachte. Im übrigen wirkten verdienstlich: die Herren
Andresen, Kallenberger, Holstein, v. Dollen,
Pichler, Sartory, Gebhardt, Stettner. Frl. May
sprach die wenigen Worte ihrer Rolle mit schlichter Wärme.

Seine 25jährige Zugehörigkeit zu den vereinigten Stadt¬
theatern beging Herr Auspitz festlich unter zahlreichen Beweisen
der Verehrung und Freundschaft im Altonaer Stadt¬
theater. Als Rechtsanwalt Oppenheimer in Arno Holz' wirkungs¬
voller Komödie „Bürl“ überschüttete man den Jubilar, der in dieser
seiner Glanzrolle erneut zeigte, ein wie vielseitiges Talent ihm
eigen ist, mit reichem Beifall und umfänglichen Spenden. Am
Schlusse war der Gefeierte noch als Conferencier in einem „bunten
Teil“ tätig und hatte hier besonders Gelegenheit, mit dem ihn
„durch jubelnden Beifall, auszeichnenden Publikum in Kontakt zu tretent.
Inns Staugenbengèr.</Unicode>
            </TextEquiv>
        </TextRegion>
    </Page>
</PcGts>
