3344 4352
683 284 877 396 Eh
1060 325 1426 405 Brünn Dienstag
940 368 1077 447 —
1328 384 1817 445 —
582 438 1801 521 man es bereits rieseln hört, werden der Komödie Schnitzlers
583 486 1795 559 noch auf lange hinaus den Wert eines Kulturdakumentes ver¬
568 546 1785 602 leihen. Denn das österreichische Antlitz kommt darin in seinen
571 593 1782 636 typischesten Vertretern zu Wort. Bernhardi selbst ist vom
569 607 1792 678 Dichter mit sichtlicher Liebe geformt. Ein Menschenfreund,
568 656 1792 717 dem auch der geringste seiner Patienten ebenso nahesteht,
572 700 1784 743 wie die erzherzogliche Klientel. Er gehört zu den geistig hoch¬
579 742 1784 780 stchenden Kulturjuden, denen Österreich seit den Tagen des
574 783 1783 819 Josef Sonnenfels intellektuell und materiell sehr viel zu dan¬
579 819 1784 872 ken hatte. Resigniert schiebt er am Schluß den „Fall“ von
581 861 1787 900 sich. Sein Freund, der köstliche Hofrat Winkler (Modell stand
565 904 1777 944 Max Burckhard), durchschaut ihn wie sich selbst und den gan¬
563 943 1785 992 zen Schwindel Österreichs, wenn er behauptet, daß „wir uns
571 987 1788 1035 doch innerlich nicht bereit fühlen, bis in die letzten Konse¬
573 1005 1787 1069 quenzen zu gehen — und eventuell selbst unser Leben einzu¬
559 1058 1775 1118 setzen für unsere Überzeugung. Und darum ist es das Beste,
612 1107 1717 1152 g das einzig Anständige, wenn unsereiner sich in solche
566 1137 1776 1174 G'schichten gar nicht hineinmischt." Er hätte im Falle Bern¬
575 1171 1779 1231 hardi wahrscheinlich wie dieser gehandelt, aber da „wär'
570 1220 1539 1287 ich halt — entschuldigen schon, Herr Professor,
1536 1219 1777 1273 — grad so
570 1256 1785 1299 ein Viech gewesen wie Sie. Schnitzler vertritt — und das
574 1292 1784 1343 hebt seine Komödie hoch über beschränkte Tendenz —, einen
575 1337 1782 1386 ethischen Relativismus: Jeder hat von seinem Standpunkt recht.
568 1382 1782 1429 Wie leicht und billig wäre es zum Beispiel gewesen, aus dem
573 1412 1791 1451 Priester einen Zeloten zu machen. Schnitzler dagegen schreibt
571 1459 1775 1502 eine Szene im vierten Akt, die dichterisch vielleicht die stärkste
565 1488 1789 1550 des ganzen Stückes ist: Nach dem Prozesse reichen einander
558 1534 1774 1571 Bernhardi und der Pfarrer in einem von reifen Erkennt¬
563 1571 1775 1617 nissen erfüllten Weltanschauungsgespräch über dem Abgrund
566 1620 1785 1673 ihrer Überzeugungen die Hand. Und die Worte: „Lassen Sie
573 1658 1789 1710 uns — nicht hinabschauen — für einen Augenblick,“ spricht der
560 1687 1782 1749 Pfarrer. Die komplizierteste Figur ist der Unterrichtsminister
573 1731 1785 1772 Dr. Flint. Ein Opportunist. Aaalglatt schlängelt er sich durch
565 1768 1784 1825 die Fallstricke und über die tückischen Versenkungen der
563 1812 1775 1854 Offentlichkeitsbühne. Nur vor dem Ironiker Bernhardi wird
571 1853 1781 1896 er stets unsicher. Ein Mann, der mit scheinbarer und im
568 1880 1779 1928 Augenblick auch selbst geglaubter Überzeugung für etwas in
571 1931 1773 1985 die Schranken tritt, sich vom Pathos seiner Worte fortreißen
569 1970 674 2021 lußt
721 1972 1779 2015 sich plötzlich zu seiner eigenen Überraschung im Lager
572 2013 1788 2072 der Gegner angekommen sieht und nun mit blitzartiger
571 2046 1781 2090 Schnelle ihre Front zur seinen macht. An geistreicher So¬
563 2089 1771 2137 phistik, den Stellungswechsel begreiflich zu begründen, fehlt
566 2126 1773 2170 es ihm nicht: Bernhardi müsse einsehen, daß es im öffent¬
561 2165 1771 2215 lichen Leben etwas Höheres gebe, als ein Wort zu halten:
562 2212 1776 2269 „Sein Ziel im Auge behalten, sein Werk sich nicht entwinden
556 2243 726 2310 lasen.“
661 2274 1773 2336 Diese Komödie mit ihren 16 Männerrollen erfolgreich
561 2334 1776 2388 auf die Beine zu stellen, erfordert mehr als Durchschnitts¬
567 2377 1775 2419 energie von Seite der Spielleitung. Herr Direktor Dr. Beer
564 2408 1775 2469 hat mit der Aufführung wieder etwas ganz Hervorragendes
555 2455 1771 2504 geboten. Abgesehen von dem prachtvollen natürlichen Ablauf
559 2492 1775 2546 der Szenen, der in der erregten Sitzung des dritten Aktes
556 2527 1767 2571 einen unübersteigbaren Höhepunkt erreichte, gelang es ihm,
1773 2558 1839 2614 st.
559 2571 1770 2620 selbst aus den unbeholfensten und zaghaftesten Anfängern,
1791 2607 1829 2656 n
566 2601 1777 2651 die notgedrungen auch für größere Rollen eingestellt wurden,
550 2645 1845 2692 so viel herauszuholen, daß sie, mit einer Ausnahme, im Gesamt= 22
555 2679 1781 2759 bild niemals unangenehm auffielen. Die Persönlichkeiten der
1767 2713 1849 2779 P
556 2725 1767 2772 bunten Professorenschar traten scharf hervor und Besetzungen
547 2767 1767 2813 wie die der Professoren Ebenwald mit Herrn Strauß
547 2807 1766 2866 und Löwenstein mit Herrn Teller, deren Rollen man viel¬
549 2848 1779 2899 leicht auf den ersten Blick vertauscht wünschen könnte, ent¬
558 2887 1767 2938 schleierten sich im Lauf des Abends als notwendig im In¬
560 2920 1768 2977 teresse einer sauch wirklich erzielten) künstlerischen Abdämp¬
546 2966 1764 3014 fung der Gestalt Dr. Löwensteins, die sicher sonst allzu
554 3003 1761 3048 prononziert geraten wäre. Der Erfolg des Abends und des
554 3037 1762 3093 Stückes war stürmisch, so daß Dr. Beer nach dem dritten
550 3080 1772 3142 Akt im Namen Schnitzlers danken konnte. Den Bernhardi
553 3127 1762 3178 spielte Herr Zeisel mit den schlichtesten Mitteln als ge¬
548 3155 1763 3205 radlinigen Gelehrten, der nur dann aus seiner kühlen und
547 3212 1758 3258 mit Ironie durchsetzten Ruhe gerät, wenn Lüge und Schmutz
1778 3199 1818 3268 i
553 3242 1765 3296 an ihm emporbranden wollen. Sehr eindringlich geriet ihm
557 3271 1781 3330 die Szene mit dem Pfarrer des Herrn Fischer=Colbri.
551 3313 1773 3366 Dieser überraschte durch die gezügelte, schöne Wärme, mit!
551 3364 1765 3415 der er die Überzeugung seiner Gottgesandtheit vertrat. Diese
548 3395 1823 3467 Leistung ist ein Beweis, was ein Darsteller an der Handsg
553 3431 1766 3490 eines schöpferischen Spielleiters aus sich herausholen kann.
550 3479 1768 3540 Aus dem Arztekreis ragten besonders hervor: Herr Le¬
1784 3491 1845 3554 19
554 3506 1768 3554 noir, der aus dem Dr. Cyprian eine eigengeschnitzte, schnur¬
1773 3543 1836 3600 di
547 3553 1767 3613 rige Figur machte, Herr Hartberg als Dr. Pflugfelder
1772 3581 1852 3641 de
539 3591 1761 3639 voll pathetischen, beredten Schwungs, Herr Strauß als jo¬
1785 3625 1835 3673 le
540 3636 1760 3678 val tückischer Dr. Ebenwald, der cholerische Dr. Löwenstein
1774 3667 1841 3708 w.
542 3677 1765 3733 des Herrn Teller und der geschmeidige Hohlkopf Dr. Filitz
1777 3701 1842 3746 T
556 3712 1758 3754 des Herrn Recke. Als Meisier in der Führung und Be¬
1773 3734 1836 3793 be
550 3752 1767 3796 herrschung dialektischer Feinheiten erwies sich Herr Marlitz
1772 3777 1847 3848 an
552 3791 1757 3838 (Unterrichtsminister Flint). Der Hofrat Winkler des Herrn
1770 3815 1833 3865 le
549 3832 1755 3880 Götz war ein entzückend liebenswurdiger k. k. Frondeur. In
1780 3856 1831 3909 di
544 3865 1763 3925 kleinen Rollen verdienstvoll Fräulein Gerl (Ludmillus sowie
1771 3904 1827 3943 n.
552 3907 1760 3963 die Herren Maluschinsky, Ecker, Jamnitz, Färber
544 3944 1824 4034 und Eisner. Unmöglich Herr Bortner als Verteidig##rig.
564 3976 879 4051 Dr. Goldental.
990 4057 1336 4130 Margarethe.
1784 764 1847 840 5
1783 830 1838 872 D1
1792 867 1855 915 sä
1805 911 1865 963 sä
1808 951 1860 1006 ih
1801 990 1867 1038 far
1801 1033 1869 1083 A
1784 1113 1863 1160 R
1784 1191 1863 1244 Kl
1788 1481 1864 1532 in
1796 1526 1855 1569 m
1792 1560 1850 1605 N.
1791 1599 1864 1647 27
1793 1760 1859 1817 E
1793 1868 1851 1929 9
2184 321 2903 422 Brürner Zeitung
2348 468 2646 555 210K718·9
1939 582 3014 633 150 französische Professoren nach Siebenbürgen ent¬
1940 625 3011 679 sandt werden, um die französische Sprache in den
1952 674 2657 730 Schulen Siebenbürgens zu lehren.
2031 719 3010 777 (Asiatische Cholera.) In den letzten Tagen wur¬
1940 752 3024 818 den einige Fälle asiatischer Cholera in Lodz, Kowel
1950 801 3023 875 und Garwolin gemeldet. Amtlich wurde sichergestellt,
1949 860 3021 919 daß die Cholera aus Wolhynien eingeschleppt wor¬
1937 907 2115 972 den sei.
2035 945 3020 1004 (Poulet und Benots) sind gestern früh um 7 Uhr
1944 990 3027 1054 35 Minuten von Rom in der Richtung nach Saloniki
1941 1049 2217 1120 abgeilogen.
2035 1093 3040 1138 (Denikin hat die Bolschewiken bei Zarizyn ge¬
1949 1135 3035 1188 schlagen.) Die Kosaken haben den Don überschritten
1958 1174 3027 1237 und 1200 Mann gefangen genommen. Weiter gegen
1951 1216 3021 1281 Westen haben sie Kalas und Pawlowsk besetzt, wo¬
1957 1269 2916 1335 bei 2150 Feinde gefangen genommen wurden.
2048 1300 3041 1373 (Eine erfolglose Proklamation Lenins.) Man
1955 1358 3036 1435 meldet aus Zürich, 20. d.: Der „Neue Tag“ zitiert
1961 1407 3043 1477 eine Meldung der Moskauer „Pravda“, welche eine
1966 1450 3043 1514 Proklamation Lenins veröffentlicht, in welcher Ruß¬
1959 1483 3044 1557 land zum Kampfe gegen die drohende Wiederkehr des
1957 1547 3045 1609 Zarismus aufgefordert wird. Es ist hiebei besonders
1954 1590 3048 1660 zu bemerken, daß sich diese Kundgebung indirekt auch
1962 1631 3047 1696 an die bürgerlichen Elemente wendet und in ihnen
1959 1675 3047 1732 Verbündete gegen den Zarismus sucht. Doch hatt¬
1957 1714 3040 1797 die Kundmachung nicht den gehofften Erfolg und
1964 1778 3047 1847 hat sogar bei einem Teile der Arbeiterschaft total
1976 1804 3046 1883 versagt, die eine bolschowistische Regierung verwirft.
1968 1862 3054 1921 Für einen weiteren Kampf hat die Rote Armee nicht
1967 1915 3047 1977 genug Munition, insbesondere nicht für schwere Ge¬
1970 1972 2119 2034 schütze.
2054 1993 3056 2068 (Maßnahmen gegen die russische Sowjetregie¬
1975 2045 3047 2112 rung.) „Die Republik“ in Wien zitiert folgenden Be¬
1985 2085 3054 2157 richt der „Ag. Havas“: In der Freitagssitzung des
1973 2135 3066 2224 französischen Ministerrates wurde die Zustimmung
1974 2185 3058 2254 zu den Maßnahmen gegen die Sowjetregierung ge¬
1980 2225 3059 2293 geben. Die französischen Kriegsschiffe im Baltischen
1972 2283 3068 2356 Meere wurden dem englischen Oberkommando unter¬
1989 2339 2116 2405 stellt.
2076 2356 3051 2440 (Die Blockade über Rußland.) Die „Wiener All¬
1985 2403 3045 2482 gemeine Zeitung“ schreibt: Dem „L'Homme Libre“
1987 2458 3066 2547 zufolge ist seit 25. Oktober die Blockade über Sow¬
1986 2506 3068 2564 jetrußland eine vollständige. Die Ententemächte rech¬
1997 2555 3068 2626 sien damit, daß durch die Blockade Rußland bis zum
1997 2603 2982 2678 Frühjahre von Bolschewiken befreit sein werde.
2088 2645 3056 2723 (Der Prozeß Caillaux) wird am Donnerstag be¬
1993 2713 2168 2784 zinnen.
2072 2727 3061 2808 (Die Weiße Armee) hat die Station Ligowa,
2001 2804 3064 2864 10 Werst von Peiersburg, erreicht. Die Wachen ha¬
2014 2819 3065 2902 sen die Eisenbohnbrücke bei Toswa auf der Strecke
2020 2889 3068 2958 ach Moskau in die Luft gesprengt. — Die „Vossi¬
2013 2921 3057 2988 che Zeitung“ meldet aus Krasnagorka, daß Peter¬
2007 2970 3046 3057 sof und Striolno von den Truppen Jndenic' ge¬
2018 3023 3066 3088 sommen wurden. Die Küsten des finnischen Meer¬
2011 3069 3065 3124 usens sind von Bolschewiken gesäubert. Die Trup¬
2023 3116 3078 3186 enabteilungen Jndenie' haben die südliche Vorstadt
2020 3170 3082 3226 zetersburgs erreicht, wo Straßenkämpfe stattfinden.
2022 3200 3079 3276 die englische Eskader ist in der Newa=Mündung ein¬
2017 3246 3084 3332 elaufen. — Eine amtliche englische Funkendepesche
2019 3296 3076 3359 neldet, daß nach der Säuberung der Stadt von
2012 3338 3088 3404 koten Truppen General Judenié in Petersburg
2027 3400 2331 3478 ingezogen sei.
2040 3496 3023 3572 Kunst, Wissenschaft und Literatur.
2806 3564 3089 3634 Deutsches
2070 3565 2730 3647 Wereinigte deutsche Theater.
2018 3623 3102 3678 Scheuspielhaus.) Sonntag wurde Artur Schnitz¬
2034 3655 3087 3738 fers seinerzeit durch die Zensur verbotene, kürzlich
2015 3723 3088 3781 aber freigegebene Komödie „Professor Bern¬
2017 3760 3092 3819 hardi“ aufgeführt und errang einen großen Er¬
2008 3811 3098 3872 folg. Der Titelheld, Direktor einer Krankenanstalt,
2018 3850 3094 3912 ein menschlich fühlender Arzt verwehrt einem die letzte
2014 3896 3096 3958 Llung bringenden Priester den Zutritt zu einer un¬
2017 3942 3091 3995 trettbar perlorenen Kranken, die sich jedoch den schön¬
2027 3986 3091 4050 sten Träumen des Wiedergesundwerdens hingibt,
2014 4036 3105 4094 welchen geheimnisvollen Zustand die Arzte „Eupho¬
2025 4076 3106 4138 frie“ enennen. Prof. Bernhandi liegt es selbstver¬
