3344 4352
291 139 1498 232 25. Prefesser Bernhandi
428 1042 1480 1144 „nustriertes Wiener Extrablaft, Wier
586 1138 783 1227 GAN  910
623 1203 1326 1312 „Professor Bernhard).;
586 1244 1497 1359 „Solangeich Minister in Oester¬
459 1318 1488 1428 [reich bin — so lange ich etwas zn
487 1337 1492 1458 gelten habe, wird dieses Stück in
478 1409 1423 1515 [Oesterreich nicht gespielt werden!“
604 1432 1492 1532 Also erklärte vor Jahren der damalige Minister
486 1498 1496 1585 für Kultus und Unterricht Richard Freiherr von
491 1528 1503 1625 Bienerth einem Abgesandten der Direktion des
506 1575 1492 1666 Deutschen Volkstheaters. Das Stück, dem der
498 1605 1504 1705 Minister die ewige Verbannung von der Bühne
495 1667 1499 1746 diktieren zu können glaubte, hieß „Professor
512 1703 1509 1795 Bernhardi“. Baron Bienerth befand sich in einem
510 1744 1506 1836 doppelten Irrtum. Er glaubte Schnitler wollte ihn
502 1757 1518 1878 in der Figur des Ministers der) Lächerlichkeit
499 1812 1516 1919 preisgeden, ihm ein Spiegelbild vorhalten;
515 1873 1511 1973 während dem Dichter tatsächlich als Modell für
520 1911 1524 2004 den streberischen Staatswürdenträger ein Vor¬
523 1958 1518 2062 gänger Bienerths der zum Minister emporgesti gene
515 2006 1526 2093 Universitätsprofessor Dr. Hartel gedient hatte ...
520 2052 1523 2140 Bienerth hörte auf zu regieren und der Zensur
528 2086 1517 2184 läutet bald das Zügenglöcklein. „Professor Bernhardi“
526 2124 1544 2228 aber ist aus dem Archivgrabe emporgestiegen und
533 2176 1537 2274 bedeutet einen der stärksten Kassaerfolge des
531 2216 1541 2301 Deutschen Volkstheaters. Man hat über die
538 2256 1566 2353 Entstehung dieses Werles manches fabuliert.
536 2305 1549 2401 In einem kleinen Kreise hat Schnigle.
526 2348 1556 2440 erfählt, daß ihm eine Begebenheit auf der K.inik des
520 2387 1547 2486 seinerzeit berühmten Psychlarers, Hofrates Profeslors
642 2473 780 2541 —.—
485 2458 1527 2595 inersert den Sios in Presefer vendede i
510 2503 1531 2646 einen bet. Der Bortel eu der ellit Gesten
527 2543 1539 2684 zuerst nur wenigen Personen bekannt, bildete bald den
544 2588 1540 2716 Gesprächsstoff, als von einem Erlasse des Direktors
528 2639 1552 2762 des Allgemeinen Krankenhauses. Hofrats Böhm, ver¬
537 2665 1553 2792 lautete, der sich über das Verhältnis zwischen Arit
545 2719 1555 2846 und Seelsorger in den Spitälern verbreitete. Meynert
555 2757 1553 2890 fand in dem Erlasse einen gegen seine Person und
548 2798 1570 2936 seine Auffassung gerichtete Spitze ... Es gelang, den
554 2853 1564 2976 Unmut des berühmten Gelehrten zu beschwichtigen ...
567 2880 1566 3011 Das Aerztestück hätte bald einem Beamten der
561 2929 1556 3047 Prager Statthalterei den Kragen gebrochen. Während
570 2972 1564 3102 die Wiener Zensur das vielumstrittene Buch in
568 3008 1578 3141 Ketten schlug, gab es ein Prager Rat zur Auf¬
569 3047 1569 3189 führung frei. Ueber Rekurs der Theaterdirektion in
579 3097 1587 3229 Reichenberg. wo der Bezirkshauptmann Widerstand
581 3146 1555 3265 leistete. Minister Bienerth erfuhr davon und —
585 3183 1588 3313 „verhob“, wie der neckische Amtsansdruck lautet, dem
586 3239 1584 3354 Beamten seine unbormäßigen Anwandlungen. —Und
590 3263 1591 3400 noch ein weiteres Opfer gab es: den Amtsdiener auf
602 3316 1592 3436 der Kiinik Meynert, der nach der Werlunig des Ab¬
603 3352 1598 3487 teilungevorstandes sich weigerte. Licen Seeisorger zu
593 3390 1612 3537 holen. Der treue Diener des „Blimarius wurde ver¬
601 3443 1611 3577 setzt ... Beiträge zur Kultargeschichte in dem alten
606 3549 954 3636 Oesterreich
1660 131 2092 222 box 31/2
2136 539 3025 636 22. Mar 1Da# -Sur Sehal Wie
1895 623 2164 694 Lee.
2053 676 3161 753 Im Deutschen Volkstheater ist gestein
1887 695 3150 807 Artur Schnitzlers „Professor Bernhardi“ zum
1898 778 3155 856 50. Mal aufgeführt worden. Das seinerzeitige Zensurverbot hat
1895 809 3165 904 also dem Stück nicht geschadet. Die dunklen Mächte des klerikalen
1903 859 3146 951 Oesterreich, denen „Professor Bernhardi“ so gefährlich schien und
1896 907 3152 979 die in dem Milieu dieser „Komödie“ eine ziemliche Rolle spielen,
1901 956 3150 1049 sind freilich für absehbare Zeit unschädlich gemacht, so daß das
1897 1012 3162 1091 Stück in dieser Hinsicht dem von Staats wegen revolutionären
1881 1060 3161 1146 Publikum nicht als Spiegel unserer Zeit, sondern einer über¬
1916 1125 3202 1216 Peinheien Pagengnsel ascheit. Aber es wist in schr aues
1922 1204 3175 1281 Vorzüge der Schnitzlerischen Dramatik auf, daß seine Bühnen¬
1917 1245 3174 1331 wirksamkeit nicht im geringsten leidet., Das volle Haus folgte dem
1910 1304 3181 1387 Werke auch gestern mit vollem Verständnis und zeichnete die
1919 1340 3178 1431 Darsteller insbesondere nach dem Pritten und den folgenden Akten
1911 1385 2432 1457 durch starken Beifall aus.
2151 1573 3067 1680 —escUPIE-PPR-
2219 1655 3013 1802 Sate Ilnstrierte Biunischen
2563 1745 2753 1839 Wien
2292 1824 2341 1884 ——
2003 1875 3213 1971 Deutsches Volkskhealer. A. Schnißlers „Pro¬
1974 1949 3218 1999 ssor Bernhardi“ ist eine Tendenzkomödie, deren
1877 1991 3214 2057 Aufführung uns das verstorbene, österreichische Regime bis¬
1884 2050 3219 2101 nun vorenthalten zu müssen glaubte, ein Arztestück, in dem
1876 2103 3214 2166 der Autor im Gegensatze zu seiner Titelfigur bewußt und heute
1883 2150 3229 2199 sozusagen ante festum neben einer Reihe aktueller Fragen
1873 2187 2783 2252 ein Gebiet anschneidet, heikel genug, um
1870 2245 2777 2291 frei von jeglichem politischen Ubereifer,
1883 2290 2777 2356 nur von der hohen Warte wahrer
1887 2338 2777 2390 Menschlichkeit aus untersucht zu werden,
1872 2395 2764 2457 die Frage, ob der Arzt (Professor Bern¬
1877 2433 2353 2501 hardi) im Rechte
2414 2439 2772 2502 wenn er den
2370 2458 2420 2500 ,
1872 2489 2771 2550 Priester vom Sterbelager seiner Patientin
1882 2536 2771 2593 fernhält, in der Überzeugung, daß sie,
1872 2590 2777 2650 die zwar unrettbar verloren, aber im
1866 2638 2769 2700 Zustande der Euphorie ist, durch das
1865 2684 2777 2747 Erscheinen des Priesters und den
1871 2735 2759 2796 Empfang des Sterbesakramentes aus
1862 2782 2771 2847 diesem Zustande gerissen werden könnte.
1940 2829 2762 2902 Gebricht es der Komödie auch aff
1874 2869 2785 2952 innerer, durch die Handlung bedingter“
1876 2933 2768 2996 Kraft, so ersetzt diesen Fehler reichlich das
1873 2977 2756 3042 hohe, #lg nein=persönliche Interesse des
1881 3027 2761 3081 Themas, die Spannung der Gedanken,
1874 3074 2771 3139 die Fülle heilerer, von treffender Ironie
1876 3121 2768 3196 getragener Episoden. Die Aufführung
1871 3172 2762 3231 stand durchwegs auf hohem Niveau.
1867 3225 2774 3288 Direktor Bernau als Bernhardi über¬
1862 3273 2764 3319 zeugend in der Menschlichkeit seiner
1874 3317 2192 3385 Weigerung,
2189 3319 2612 3386 rechtschaffen und
2608 3324 2755 3391 fest,
1869 3360 2761 3431 als die Folgen seines unbedachten
3031 3377 3248 3437 Aus der 7
1870 3415 2268 3479 Vorgehens über
2273 3409 3257 3501 ihn hereinbrechen; Fräulein Fiedler vom S#
1869 3478 2753 3530 als Darsteller lebendiger und mar¬
1868 3512 3196 3569 kanler Charakterlypen gebührt den Herren Goet, Forost,
1861 3558 2721 3628 Kutschera, Homma, Onno,
2760 3569 3187 3635 Teubler „und
1865 3613 3190 3686 Edthofer besondere Erwähnung. Starker, widerspruchs¬
1866 3665 3191 3722 loser Beifall klatschte Aulor und Mitwirkende immer“ wieder
1861 3710 2269 3779 vor don Borhana
2885 3713 3159 3796 Rober! G.
