3344 4352
242 136 1529 226 25. Prefessehad
1602 138 2050 231 box 31/3
2792 76 3000 147 20 J.
2981 107 3242 185 Wien, Sam
2392 98 2585 193 Seite 2
2552 137 2784 249 +
2302 286 2977 401 00 Krahwintel.
2234 315 2336 409 —
2352 410 3196 486 Die neueste „Affäre“ von Wiener=Neu¬
2273 467 3192 547 stadt, weit davon entfernt, wichtig zu sein,
2287 526 3196 587 ist doch sehr charakteristisch für unser ganzes
2282 569 3206 627 Niveau. Das Neustädter Stadttheater führt
2280 599 3212 678 ein Stück eines unserer bedeutendsten Dra¬
2293 670 3203 740 matiker auf. Das Stück gilt als antiklerikal,
2279 713 3208 783 der in ganz Europa berühnte Dichter ist ein
2284 762 3205 834 Jude. Also darf das Werk nicht ruhig an¬
2287 811 3216 884 gehört werden. Von christlichsotzialen Zu¬
2302 854 3216 930 schauern nicht weil sie klerikal, von anti¬
2284 908 3206 971 klerikalen Deutschnationalen nicht, weil sie
2287 959 3212 1024 Antisemiten sind. Wo käme man hin, wenn
2289 1006 3216 1068 man ruhig dasäße, wenn von der Bühne des
2292 1053 3203 1124 Stadttheaters die Stimme eines politisch
2299 1104 3212 1174 nicht Gebilligten spricht! Zwar spricht sie
2300 1151 3218 1223 ungemein überlegen, mit einem geistigen
2298 1200 3216 1272 Klang, der nicht niederzubrüllen ist — was
2295 1249 3215 1318 die „Studenten“ von Wiener=Neustadt, näm¬
2302 1296 3221 1373 lich die Schüler der fünf Mittelschulen, nicht
2295 1347 3213 1419 hindert, einen wüsten Radau zu machen.
2306 1397 3221 1468 Als er eine solche Theaterdemonstration
2306 1446 3222 1513 unreifer Studenten mit anhören mußte, ver¬
2301 1491 3229 1571 lor selbst Goethe bekanntlich einmal seine
2293 1542 3222 1612 olympische Ruhe und rief ins Parkett:
2296 1594 3221 1671 „Man lache nicht!“ Der sozialdemokratische
2299 1644 3239 1714 Vizebürgermeister Püchler, weniger olym¬
2296 1687 3226 1754 pisch, nennt die hoffnungsvolle Jugend als¬
2297 1754 3233 1815 bald: „Lausbuben!“ Wenn er in den Tiefen
2298 1788 3235 1856 seiner Seele etwa durch das Betragen der
2313 1834 3238 1918 „nationalen“ Bürgerjugend von Neustadt
2307 1883 3235 1965 zu diesem Urteil veranlaßt worden war,
2304 1924 3236 1997 hätte er es nicht so unzart aussprechen
2317 1979 3232 2055 sollen. Denn was geschieht am nächsten Tag?
2313 2036 3231 2105 In Anbetracht der Tatsache, daß sie sich
2311 2077 3231 2170 noch nicht genügend gebildet bewiesen hat,
2304 2130 3063 2214 und daß man es ihr gesagt hat —
2316 2171 3240 2256 wenig olympisch! — streikt die Mittel¬
2303 2224 3240 2302 schuljugend von Wiener=Neustadt und ent¬
2314 2275 3230 2343 zicht sich so die Möglichkeit, die Humaniora
2319 2317 3239 2385 kennen zu lernen, nämlich Respekt vor dem
2313 2373 3233 2448 Geistigen, Respekt vor jeder anständig vor¬
2316 2430 3242 2486 getragenen Meinung, gutes Betragen und
2311 2477 3242 2545 überhaupt jene geistige Freiheit, die den
2324 2529 3233 2588 gebildeten Europäer von einem Krähwinkler
2313 2572 2938 2639 Radaubruder unterscheidet.
2393 2603 3256 2686 Halt, Senat und Volk von Wiener=Neu¬
2326 2671 3248 2742 stadt, kein Grund zur Kränkung! Nicht Ihr
2322 2711 3260 2788 schätzenswertes Gemeinwesen wird hier
2320 2755 3242 2842 Krähwinkel genannt. Was in Neustadt ge¬
2316 2810 3252 2886 schah, war nur eine an sich belanglose
2330 2860 3256 2927 Teil=Krähwinkelei; die Gesamt=Krähwin¬
2331 2900 3260 2973 kelei heißt leider Deutschösterreich. Wir
2333 2953 3247 3027 führen uns leider alle miteinander die
2325 3000 3272 3080 ganze Zeit über so auf, wie die schlimmen
2330 3066 3254 3121 Buben von Wiener=Neustadt, können nicht
2336 3103 3262 3187 still sein im Parkett unserer bedeutenden
2323 3169 3258 3221 Schaubühne, wenn oben einer redet, der
2328 3197 3256 3270 uns nicht paßt. Das Trauerspiel, das auf
2333 3246 3265 3314 der Bühne des Großkrähwinkler Stadt¬
2338 3299 3263 3368 theaters gegeben wird, wird fortwährend
2335 3357 3267 3414 durch Schuljungenradau unterbrochen; um
2344 3391 3264 3460 ihn zu besänftigen, schreit eine herzhafte so¬
2344 3448 3265 3510 zialdemokratische Stimme immerzu das pä¬
2340 3488 3260 3576 dagogische Wort „Lausbuben!“ dazwischen.
2336 3540 3181 3623 So geht es nur in Krähwinkel zu,
2335 3576 3263 3664 einem Nest mit beschränktem geistigen
2342 3646 2571 3723 Horizont.
2423 3681 3258 3755 Und in der Fremdenloge sitzen gerade
2345 3726 3264 3811 einfkußreiche Herren, denen zu imponiefen
2342 3780 3251 3849 alle Krähwinkler den Ehrgeiz haben und
2354 3839 3230 3902 noch mehr das Bedürfnis. Sie sitzen in de
2349 3879 3258 3953 Loge, hören zu, wie einer den anderer
2346 3924 3068 4017 niederbrüllt, und denken sich was.
