3344 4352
254 185 2066 266 25. ProfessenBernhandi box 31/5
343 285 531 357 —
588 324 1059 403 EXTRACT FROM
654 397 1278 544 J Umne
792 646 1221 792 110 J01 1936
1226 771 1293 838 —
815 789 1017 864 — —
363 785 543 871 Date—
408 856 1165 921 It has not been possible as yet for
390 904 1161 953 ine 10 sce the production at ine
378 946 1171 1002 Lmbassv Theatre of Arthur Schnitz¬
389 989 1094 1045 ler’s plav, Doclor Bernhardi,
385 1029 1165 1079 confrère tells mne that the author’s
377 1045 1169 1118 Pskilled craftsmanship is given good
383 1096 1154 1171 effect bythe actors and generallg bi
391 1142 1166 1195 the staging. He singles out for
376 1175 1175 1245 special praise the performances of
380 1210 1170 1281 Abraham Sofaer as the Jewish doctor
387 1256 1169 1313 and hv Bernard Merefield as the
380 1290 1175 1348 Gatholie priest. And his conelusion
1954 1290 2419 1376 EXTRACT ERC: 1
382 1337 1170 1384 —he is not himself a Catholic—is that
504 1368 1169 1437 most interesting, refreshingl
378 1378 482 1420 it
1836 1366 2567 1461 THE GLASGOW BULLETIN,
387 1412 1169 1476 Well-presented, but not quite
371 1451 617 1515 plausible.
1771 1437 2665 1539 65, Buchanan Street, Glasgow, 6.1.
409 1471 1166 1551 The version used at Swiss Cottage
381 1512 1172 1586 is a new one, specially translated
378 1561 1173 1623 and adapted. It may be, therefore,
390 1602 1170 1658 that opinions formed when the origi¬
1972 1587 2348 1678 20. Str 1936
385 1641 1169 1699 naltext was published some vears
392 1678 1172 1732 ago are no longer tenable. Then I
1894 1699 2686 1795 BATTLE OF THOUCHT
384 1710 1179 1771 thought the play interesting, but fail¬
389 1759 1178 1824 ing dramatically berause the cause of
2036 1762 2537 1842 ON THE STAGE
386 1805 1177 1859 the action was completely out of
393 1847 1166 1903 character with the man primarily
388 1885 1174 1941 concerned. The first scene was a false
1927 1855 2653 1945 Priest v. Doctor in a Drama
392 1925 1174 1968 scene in so far as it concerned à Jew,
2094 1923 2473 2002 of Two Minds
402 1964 1181 2010 and that seemed to weaken both
406 1992 1177 2058 argument and construction in a vilal
1927 2011 2627 2095 * PROFESSOR BERNHARDT“
399 2044 542 2103 spot.
435 2058 1174 2138 Bernhardi is a surgeon. One ofthe
1963 2077 2604 2140 From Dur London Correspondent
396 2109 1177 2176 patients in the hospital is a woman,
1903 2104 2675 2186 There is nothing more effective, when it
405 2145 1182 2208 criticallv ill but unnware of danger.
1886 2168 2681 2229 can be dramatised, than a conflict of
404 2187 1179 2245 Any indication of the serionsness of¬
1889 2199 2680 2265 opinions, but it fakes a playwright born to
410 2222 1182 2280 her condition will be likely to kill
1870 2228 2630 2307 put such a battle inte theatrical form.
399 2276 1185 2328 her. Therefore she must not be
1900 2270 2732 2349 A good example of the art was seen atp¬
404 2306 955 2369 warned that she may die.
1874 2334 2703 2396 the Embassy Theatre, London, whien Arthurig
434 2334 1191 2393 But the woman is a Catholic and a
1874 2368 2674 2433 Schnitzler’s drama of two minds,
398 2389 1185 2452 priest insists, as of course he must,
1898 2402 2675 2473 * Professor Bernhardi,“ appeared, with
404 2433 1187 2487 on being taken to her bedside. Bern¬
1886 2449 2527 2497 Abraham Sofaer in the title-role.
397 2468 1186 2512 hardi opposes him. finally exeindes
1914 2466 2679 2553 Ronald Adam and Louis Borell had made
407 2504 1186 2558 him from the ward. Ands thereafter
1873 2491 2655 2567 Pa most capable English version of the play.
400 2540 1191 2606 determined efforts are made 1o dis¬
1901 2530 2672 2599 Protessor Bernhardi, overseer of an
1872 2554 2670 2636 Austrian hospital, refused to allow a priest
407 2582 1180 2629 credit Bernhardi, the difference
1878 2611 2671 2666 access to a dying woman. The doctor’s view,
410 2624 1189 2676 widening until it becomes a general
1873 2639 2657 2697 based on a solid combination of Humanity
401 2663 931 2720 attack of anti-semitism.
1879 2677 2672 2736 and science, was that the patient chanced
427 2682 1189 2752 Now I am willing to accept the
1869 2704 2656 2760 to be happy and unaware of her state. Whry
1879 2739 2670 2792 shbuld last-minute religion warn her of an
413 2732 1188 2785 author’s sincerity and to believe that
1885 2774 2655 2837 end which might be more peaceful other¬
411 2781 1184 2826 he has represented both parties tothe
1875 2797 2027 2857 wise
415 2817 1185 2867 conflict as fairly as he can. He may
2094 2823 2471 2909 Gulf Widened
416 2855 1187 2901 not want necessarily to be an advo¬
420 2892 1192 2945 cate; perhaps his desire is to empanel
1902 2875 2658 2952 The priest’s attitude towards this reason¬
1883 2925 2668 3006 ing was uncompromising, and scene by
418 2938 1191 2984 the audience as a jury and preside
1863 2959 2336 3006 Iscehe the gulf widened.
419 2973 1201 3023 himself as judge. But he has started
1902 2993 2671 3038 Schnitzler set forth the case for each sidel
412 3019 1189 3059 off with a bad example. 1 do not
1871 3017 2662 3093 with comparative fairness, although science
417 3045 1188 3100 believe 7hat a medical man of longex¬
1869 3058 2666 3114 seemedto have a rather better showing than
421 3092 1184 3144 perience—unless he were fanatically
1877 3091 2655 3145 religion. Hlowever, the writer had not taken
1868 3118 2662 3184 one side actively, so the theme never lost
407 3125 1197 3188 opposed to belief in Eternal lise—
1873 3153 2633 3208 its first interest and was vital to the last.
414 3171 1193 3220 would object to the calling in of a
1890 3188 2665 3250 Mr Sofaer’s main study, Siniere, stubborn
412 3203 1201 3264 priest. I cannot imagine a practising.
1864 3221 2652 3278 Pand prond, was accompanied by other
401 3250 1200 3303 Jew attaching more importance to
1863 3253 2663 3306 notable portraits, especiallv those from Alan
1864 3285 2657 3354 Wheatley. Ronald Adam, Graveley Edwards,
416 3289 884 3346 time than to eternity.
1865 3310 2584 3373 John Garside, and Bernard Merefield.
444 3308 1194 3376 Only the other day I heard the view“
1901 3349 2675 3420 Jewish rationalism versus Catholieh
1060 3360 1189 3418 non¬
409 3360 1065 3405 of a well-known doctor, a
1860 3367 2099 3425 philosophv.
406 3401 1192 3452 Catholic, who was attending a friend
1888 3398 2266 3464 An unsual debate.
2196 3434 2360 3505 —
418 3438 1197 3489 during bis last illuess. He said that
405 3471 1193 3543 he wished more of his patients were
414 3517 1193 3571 Gatholics, or he had often noticed
422 3560 1198 3627 the peace that accompanied the last
422 3600 695 3650 Sacraments.
437 3611 1196 3693 And surely a Jew knowing that man
410 3661 1205 3726 has a soul as well as a bodv would
423 3717 1195 3771 recognise if not insist upon the
427 3746 965 3809 collaboration of a priest.
454 3765 1195 3844 These points to my mind gravely
408 3828 1205 3872 affect the drama, which may have
413 3866 1208 3922 been strengthened since its text was
421 3907 1191 3959 published. But I must see the play
418 3949 1204 3989 when i can in order to appreciate the
419 3989 1191 4028 work of two men whose acling is
413 4024 1212 4084 always sound—Abraham Sofner and
424 4063 825 4125 Bernard Merefield.
947 4081 1159 4160 E. J. M.
