3436 4320
1685 97 2122 194 box 30/1
324 88 1538 213 25. BrfesRernha
481 1300 831 1390 sschnitt aug:
828 1349 1486 1480 ERINITe uuRA BERLIN
459 1397 774 1469 om: 20H0U 1
2087 1468 2705 1543 Holt Masthn Teinein
1582 1562 2700 1623 wo die Interpellanten begreiflicherweise betonen, wenn
566 1550 1429 1643 Theater und Konzerte
1586 1599 2704 1682 der Direktor der Anstalt kein Jude sondern ein Christ
462 1595 1540 1699 Kleines Theater. „Professor Bernhardi“.
1576 1649 2699 1722 gewesen, wäre das sicher nicht passiert. Der Kultus¬
433 1661 1328 1749 Komödie in fünf Akten von Arthur Schnit
1376 1665 1554 1755 —
1577 1692 2681 1761 minister verweist die Angelegenheit an das Justizministe¬
432 1717 1543 1773 aufführung. Arthur Schnitzler als Tendenlzdramatiker,
1566 1727 2682 1815 rium, was zur Folge hat, daß Professor Bernhardi
427 1760 1555 1830 von dieser Seite kannten wir ihn noch nicht. Aber es
1567 1766 2694 1858 wegen Religionsstörung zwei Monate ins Loch kommt.
432 1803 1539 1875 mußte ja über kurz oder lang so kommen, es lag gleich¬
1575 1819 2696 1905 Bei seiner Freilassung bringen ihm, wie das in Wien
425 1842 1548 1918 sam in der Luft. Schnitzler ist Arzt, er lebt auf dem
1568 1854 2693 1941 so üblich, die Herren Studenten begeisterte Ovationen.
424 1891 1538 1948 zunruhigen Wiener Boden, ist Israelit und Dichter. All
1558 1913 2681 1985 So wären wir nach eifrigem Szenenwechsel glücklich im
434 1928 1552 2011 Idiese Vorbedingungen ergeben den Tendenzdramatiker
1564 1951 2692 2019 fünften Akte gelandet. Da besinnt sich der Autor plötz¬
429 1974 1547 2051 Arthur Schnitzler. Das, was er uns in diesem „Pro¬
1574 1996 2678 2067 lich, daß er eigentlich eine Komödie schreiben wollte
435 2010 1547 2094 fessor Bernhardi“ vorführt, passiert in Oesterreich alle
1562 2020 2688 2116 und er bemüht sich krampfhaft, dem düstern Bilde noch
433 2059 1551 2126 Augenblicke i. irgend einer Form. Schnitzler griff einen
1571 2080 2686 2164 einige Lichter aufzusetzen, um einen richtigen Komödien¬
429 2096 1522 2172 Fall heraus, der ihm als Arzt am nächsten lag. In
1565 2123 2684 2198 schluß zu finden. Er läßt die Krankenschwester, die zu
431 2150 1534 2208 einer Wiener Klinik liegt ein blutjunges Mädchen, das
1567 2161 2691 2254 diesem Zwecke selbstverständlich hysterisch sein muß, ihre
421 2188 1547 2267 zu Fall kam und das die Folgen seines Fehltrittes durch
1567 2216 2686 2290 Zeugenaussage bei der ersten Verhandlung feierlich
426 2237 1544 2322 einen unerlaubten Eingriff beseitigen lassen wollte, am
1561 2256 2678 2339 widerrufen, so daß also der Märtyrer Bernhardi noch¬
427 2281 1539 2353 Sterben. Aber es hat keine Ahnung von sei em Zustande,
1565 2300 2674 2382 mals vor Gericht erscheinen muß. Und er hat es doch
421 2310 1533 2393 hofft vielmehr, jeden Augenblick werde der Geliebte kom¬
1574 2343 1633 2397 so
1624 2348 2671 2422 satt die ganze Geschichte. Wir auch. „Wie kann
411 2358 1534 2437 men und es gesund und vohl aus der Klinik heimführen.
1553 2373 2676 2469 man einem aber auch nur daraus einen Strick drehen,
415 2407 1533 2483 Die Krankenschwester fühlt sich verpflichtet, einen Priester
1562 2432 2660 2505 wenn man bloß tut, was man für recht hält“
417 2467 1541 2527 zu holen. Wie dieser die Sterbende besuchen will, tritt
1561 2477 2673 2552 sagt der Professor zum Hofrat Dr. Winkler vom Unter¬
416 2495 1542 2582 ihm der Anstaltsdirektor Professor Bernhardi entgegen
1562 2528 2685 2595 richtsministerium. „Ja, mein Lieber“, erwidert der,
414 2529 1532 2612 und erklärt ihm kurz und bündig, daß er als Arzt es
1565 2564 2668 2627 wenn einer den ganzen Tag nur tun wollte, was er
412 2580 1532 2649 nicht verantworten könne, wenn die Kranke da drinnen
1552 2579 2680 2671 für recht hält, dann säße er am Abend schon hinter
414 2623 1534 2685 durch das Erscheinen des Priesters um ihre letzten Hoff¬
1560 2643 1974 2711 Schloß und Riegel.“
2040 2671 2661 2722 „Ja, aber Herr Hofrat, Sie
408 2659 1536 2732 nungen gebracht und infolge des Schreckens vielleicht
1547 2693 2660 2767 hätten an meiner Stelle doch sicher gerade so gehandelt.“
409 2706 1532 2799 um einige Stunden ihres Lobens verkürzt würde. Der
1628 2741 2672 2838 „Gewiß, Herr Professor, wäre ich das gleiche Viech
412 2752 1524 2830 Geistliche besteht natürlich darauf, bei der Sterbenden
1551 2774 1919 2847 gewesen, wie Sie.“
407 2797 1536 2862 vorgelassen zu werden „da es sich doch um Höheres als
1598 2803 2660 2902 Mit diesen erhebenden Worten entläßt uns der Dichter.
413 2841 1523 2904 um ein paar kurze Lebensstunden, um eine Seele hau¬
1546 2871 2675 2945 Das aber, worum es sich handelt, ist um keinen Schritt
407 2888 1527 2946 delt. Noch während der Auseinandersetzungen stirbt die
1546 2904 2675 2992 weitergekommen: Schnitzler bietet eine Menge Personen
402 2916 1516 3003 Kranke tatsächlich. Der Geistliche muß unverrichteter
1545 2954 2667 3027 auf, kommt uns medizinisch, gibt Anregung zu seinen
416 2971 1516 3038 Dinge die Klinik wieder verlassen. Ein Teil der Pro¬
1541 2996 2655 3075 Interieurs, bringt auch eine immer wirksame heftige
411 3007 1515 3090 fessoren nimmt für, ein anderer gegen den Direktor
1537 3041 2658 3119 Sitzung auf die Bühne, läßt den Geistlichen und den
408 3055 2680 3179 Stellung. Die Sache kommt schließlich vors Parlament, Arzt tiefgründige Weltanschauungs= und Religionsge¬
2717 1505 3372 1579 sorgung zn muchen and suy.....
2720 1601 3367 1663 spräche führen, das Parlament
2737 1644 3365 1714 vor der Rampe toben, wortbrüch
2721 1687 3374 1756 sche Hofräte, getaufte Juden und
2720 1733 3359 1803 noch alles aufmarschieren; trotz
2710 1776 3367 1853 nichts anderes zustande, als ein
2724 1811 3375 1901 Bart. Das gewiß große Problem
2716 1866 3346 1926 zweier Weltanschauungen wird
2709 1910 3327 1980 gezeigt, vor unseren Augen
2715 1941 3377 2022 Phrasendrescherei, billigen Theat
2709 1978 3349 2053 schen Kleinkram. Und ist das
2713 2031 3371 2108 Autor zum Schlusse seinen Held
2711 2069 3366 2147 erklärt. Was mit anderen W#
2712 2116 3348 2196 soll: Professor Bernhardi, was
2711 2172 3352 2234 ein dummer Kerl. Hättest du
2709 2205 3350 2275 gegenüber etwas klüger, etwas
2709 2251 3358 2321 men, dann wäre dir das alles e
2702 2292 3365 2367 lich hättest du ja doch der bleibe
2712 2337 3353 2433 Ein Charakter, dieser Professor,
2710 2376 2855 2444 lassen!
2749 2408 3351 2496 Wäre dieses Stück — Komöd
2698 2448 3356 2541 kaum nennen — nicht geschriebe
2695 2506 3341 2582 Literatur hätte deswegen noch
2696 2559 3362 2632 zuweisen und der Glorienschein
2699 2594 3363 2679 Schnitzler wäre nicht angelaufen
2687 2627 3315 2719 Zweisel bekommen möchte, ob e
2692 2698 3355 2761 Da die Aufführung bei tadellos
2691 2726 3351 2809 die Bank eine geradezu glänzend
2687 2770 3342 2850 der Titelrolle, Klein=Rhod
2693 2821 3354 2897 Herzfeld, Saffner, Lan
2685 2856 3355 2949 bert usw., sie alle waren vor
2680 2907 3321 2979 schwankende Premierenschifflein
2682 2938 3340 3030 über die vielen öden Klippen hi
2686 2990 3330 3078 persönlich anwesenden Verfasser
2682 3034 2955 3107 ren Erfolg..
