3392 4320
750 40 882 91 Se
666 81 811 139 1. 19½
440 90 577 152 vol:
718 174 1159 247 Allerlei Neues.
411 231 1386 339 Arthur SchuitzlersProfessor Bernhardi“.
388 280 1605 372 Al. Verkiff wird uns geschrieben: Arthur Schnitzlers
307 327 1597 421 neuestem Werke, der fünfaktigen Komödie „Professor Bern¬
297 360 1592 453 hardi“, die Donnerstag im Kleinen Theater ihre Urauf¬
298 437 1596 533 Fführung erlebte, ging der pikante Reiz des Wiener Aufführungsver¬
314 470 1607 576 botes voraus. Nun ja, die Dinge, die darin berührt, die Probleme,
308 534 1612 623 die darin beleuchtet werden, sind für einen katholischen Staat nicht
324 582 1598 674 sehr angenehm, obgleich alles — wie es bei Schnitzler zur Selbstver¬
326 637 1610 728 ständlichkeit geworden ist — mit Anmut, Laune und Grazie vor¬
311 672 1628 778 getragen wird. Die Idee dieses Stückes ist nur klein: In einem
301 736 1619 803 großen Krankenhaus, dessen Direktor Professor Bernhardi ist, stirbt
325 780 1617 861 ein junges Mädelchen, einer von tausend ähnlichen Fällen! In
318 817 1616 931 ihrer Todesstunde erwacht sie zum neuen Leben, glaubt sich ganz
317 872 1627 949 (gesund und ist voll herrlicher Erwartungen. Da verlangt ein
331 931 1627 1012 Priester zu ihr Einlaß, um ihr die letzte Oelung zu bringen, ihr
344 977 1634 1060 ein Heil zukommen zu lassen, das sie weit von allen Glücksträumen
336 1031 1627 1116 fortschleudert. Professor Bernhardi aber will ihr die glückselige
342 1080 1630 1161 Illusion lassen und verweigert dem Priester den Eintritt zu der
351 1144 1628 1205 Sterbenden. Das ist der Inhalt des ersten Aktes, der Inhalt des
330 1165 1632 1243 ganzen Werkes. In den übrigen vier Akten werden die Konse¬
343 1217 1642 1298 quenzen aus Professor Bernhardis Handlungsweise gezogen, er muß
332 1259 1637 1349 von seinem Posten freiwillig zurücktreten, wird sogar — durch die
343 1315 1627 1397 falsche Aussage einer Krankenschwester = zu acht Wochen Gefäng¬
345 1354 1644 1451 nis verurteilt und geht schließlich halbwegs gereinigt aus der ganzen
351 1415 1644 1492 üblen Assäre hervor. Schnitzler besann sich darauf, daß er einmal
343 1453 1648 1544 einen Roman „Der Weg ins Freie" (ein vortreffliches Buch
288 1597 1589 1658 übrigens) geschrieben hat, das sich hauptsächlich mit den Problemen
292 1651 1587 1699 des modernen Judentums beschäftigt. Wie in jenem Buch sind auch
293 1697 1588 1752 in seinem neuesten Drama die meisten handelnden Personen Juden,
295 1747 1588 1801 moderne Juden in einer modernen Stadt; in allen Schattierungen
286 1782 1589 1858 mit ihren Fehlern und Vorzügen. Diese Menschen alle, die sich um
284 1840 1582 1907 den jüdischen Professor Beruh hi gruppieren, Aerzte, Juristen,
293 1890 1588 1948 Zeitungsreporter, und die im Gegensatz zu Bernhardis arischen
298 1940 1581 1987 Gegnern stehen, hat Schnitzler mit liebevollem Können studiert und
289 1972 1587 2051 nachgezeichnet. Sie sind ihm außerordentlich gelungen! Das macht
282 2048 1595 2105 sein Stück sehr interessant. Von der Komödie selbst muß man
291 2089 1584 2152 sagen, daß sie sehr unterhaltend und doch ein bischen leer ist. Sie
300 2137 1586 2184 hat entzückende Szenen, so den letzten Akt, der in dem Vorzimmer
287 2177 1591 2261 des Kultusministeriums spielt, und in dem ein Brillantseuerwerk
293 2240 1597 2294 von geistreichen Einfällen, Witzen und Frechheiten vorüberglitzert;
305 2282 1588 2336 und auch in den übrigen Aufzügen gibt es amüsante Einzelheiten,
294 2340 1587 2391 z. B. die Szenen mit dem Bezirksarzt Feuermann, dem typischen
291 2377 1590 2422 Schlemihl, der nichts als Pech hat, oder das Zusammenspiel des
288 2420 1586 2492 humoristischen Professors Cyprian mit dem fanatischen National¬
291 2474 1586 2537 juden Dr. Loewenstein, dem Zionisten, wie er im Buche steht.
300 2524 1591 2588 Wundervoll glitzernde Dialoge, Schnitzlers wahre Domäne, ziehen
302 2577 1587 2636 sich durch das Stück, sie sind lang, viel zu lang sogar — in den
294 2622 1591 2682 großen Szenen zwischen Professor Bernhardi und dem Pfarrer, oder
291 2682 1589 2733 lzwischen Bernhardi und dem Minister, — aber man vergißt über
291 2716 1584 2786 ihrem funkelnden Fluß ihre Länge, wie man über dem ganzen
298 2769 1586 2829 blitzenden Geist, der das Stück beherrscht, den eigentlichen Mangel
291 2819 1576 2894 am großen Problem, am weitausholenden Inhalt vergißt. Fünf
275 2864 1590 2937 Akte — und eine einzige Idee! Wie staunenswert ist es, daß
278 2923 1551 2979 Schnitzler daraus ein unterhaltsames Werk machen konnte! —
275 2959 1583 3009 Gespielt wurde glänzend. Dank der prächtigen Regie des Direktors
270 3008 1594 3092 [Barnowsky wurde aus dem schwächlichen dritten Akt, der eine
284 3057 1579 3119 regelrechte Ausschlußsitzung der Professoren des Elisabethkranken¬
291 3103 1584 3170 hauses zeigt, ein kleines Wunder an szenischem Leben. Seine ge¬
300 3161 1584 3220 schickte Regie gab dem ganzen den raschen Gang, der dieser Komövie
291 3214 1588 3275 Lebensbedingung ist. Den Helden des Stückes verkörperte Bruno
274 3270 1585 3336 [Decarli (sonst in Leipzig!); er gab ihn würdevoll, aber mit
284 3306 1587 3369 zuviel Temperament. Gewiß kann ein noch so ruhiger Mensch über
278 3358 1584 3406 die Erlebnisse des Professors Bernhardi etwas nervös werden. —
273 3399 1583 3459 dennoch stelle ich mir den großen Arzt weit maßvoller vor. Die
281 3451 1567 3525 Maske, das langgezogene Gelehrten=Gesicht mit dem leicht er¬
276 3508 1580 3564 grauten Vollbart, war sehr echt. Den gekränkten Pfarrer spielte
282 3545 1585 3604 Alfred Abel, wie es seine Art ist, mit tiefer Hingabe und sehr
289 3606 1592 3664 realistisch. Eine prächtige, humoristische Figur machte Guido
284 3662 1587 3706 Herzfeld aus dem alten, gutmütigen Professor Cyprian; den
284 3690 1586 3739 Zionisten verkörperte Maximilian Wolff mit großer Echtheit, den
287 3735 1581 3805 Pechvogel Feuermann John Gottowt mit zappeliger Aengst¬
289 3793 1586 3845 lichkeit. Die einzige klimperkleine Frauengolle in diesem
289 3835 1595 3897 männerreichen Stück, die Krankenschwester Ludmilla, spielte Traute
283 3893 1593 3946 [Carlsen. Arthur Schnitzler, der der Vorstellung beiwohnte, wurde
279 3926 1613 4005 vom dritten Akt ab auf die Bühne gerufen und mit herzlicheme
1173 3980 1566 4065 „Karl Eicher.
278 3986 675 4064 Beifall empfangen.
638 4043 1254 4134 Die Siegesgöttin von Delphi.
2019 832 2393 904 Abrschaft dusz
2309 863 3080 972 Spzige Neueste Nachlichtar
2267 895 2339 973 50
2024 921 2160 980 Vom:
2016 968 2441 1026 armsWWVFALDN
1933 992 3148 1116 sie große Trauerfeier stattfinden, an der viele Persönlichteiten desn
1877 1028 3003 1133 Deutschen und auswärtigen Theaterlebens teilnehmen werden.
1956 1089 3145 1197 Schuitzlers „Professor Bernhardi.“ Unser Berliner Theater¬
1879 1118 3142 1215 Mitarbeitens Artur Schnitzlers neue Komödie „Pro=1
1883 1148 3134 1269 fessor Bernhardi“ setzt mit allen Zeichen dramatischer Spannungen
1890 1197 3133 1299 ein, die statt in ironischen Ausklängen ebenso gut im Tragischen
1885 1226 3112 1341 hätten enden können. Professor Bernhardi, der in seiner Klinik ein
1876 1279 3123 1382 armes, sterbendes Mädel liegen hat, verweigert dem katholischen
1881 1303 3101 1420 Priester den Eintritt in das Sterbezimmer, weil die Sterbende im
1865 1346 3116 1457 letzten Aufflackern ihrer Kräfte ihren wahren Zustand nicht ahnt,
1877 1390 3111 1492 weil sie seligster Hoffnung voll ist, in wenigen Stunden, da sie in
1863 1425 3112 1541 Wahrheit dem Tode verfallen sein wird, als Genesene heimkehren
1856 1470 3111 1570 zu dürfen, und weil erst das Erscheinen des Priesters ihr die ent¬
1854 1511 3104 1610 setzliche Erkenntnis des Sterbenmüssens brächte. Bernhardi will
1854 1538 3105 1650 ihr, die gar ihren Freund zum neuen Aufbruch ins Leben erwartet,
1856 1574 3103 1696 das letzte, vielleicht einzige Glück ihres Lebens nicht nehmen: der¬
1852 1611 3100 1719 Priester besteht darauf, die Sterbende nicht ohne das Sakrament heim¬
1845 1650 3102 1777 gehen zu lassen. Und die Kranke stirbt bei der bloßen Nachricht vom
1844 1697 3102 1809 Nahen des Priesters: der Fall als Episode ist abgetan, nur die Epi¬
1846 1737 3067 1851 sode als Anstoß zu öffentlichem Aergernis bleibt. Bernharbi hat sich
1840 1777 3094 1889 zwischen den Seelsorger und seinen Schützling gestellt, Bernhardi hat
1839 1818 3098 1940 sich gegen die alleinseligmachende Kirche aufgelehnt. Hier setzt die
1834 1854 3079 1960 Komödie ein. Der Fall wird aufgebauscht aus der bestimmten Wei¬
1822 1885 3086 2010 gerung des Arztes wird in der Oeffentlichkeit ein physischer Gewalt¬
1831 1937 3080 2047 akt. Rings um Bernhardi, im Kuratorium der Klinik, dessen be¬
1828 1961 3072 2099 rühmter und vorbildlicher Direktor er ist, wird alles frei, was
1817 2010 3084 2112 unter den Kollegen an Neid, Streberei, Ränkesucht gegen das miß¬
1817 2050 3077 2166 liebige Haupt der Anstalt hetzen darf. Da Bernhardi gelegentlich der
1814 2094 3064 2190 Neubesetzung einer Abteilung seines Instituts auch den nepotischen
1809 2132 3071 2240 Pakt mit einem Kollegen ablehnt, der gegen die unterstützte Wahl
1810 2171 3059 2282 seines Proteges die Verhinderung einer Parlamentsinterpellation
1809 2203 3063 2308 durch seinen mächtigen Vetter verspricht, ist Bernhardis Schicksal
1798 2235 2599 2330 umso gründlicher erfüllt, als er Jnde ist.
2673 2297 3058 2352 Die Interpellation
1791 2292 3062 2420 kommt, die öffentliche Anklage wegen Religionsstörung, die Ver¬
1814 2323 3099 2460 urteilung zu zwei Monaten Gefänguis. Da Vernhardi, der natür¬
1814 2386 3087 2481 lich auch seine Direktorstelle im Institut niederlegte, aus dem Ge¬
1820 2415 3080 2531 fängnis heimkehrt, ist aber auch schon die Wahrheit auf dem Wege.
1817 2472 3093 2567 Die Krankenschwester, deren falsche Aussage entscheidend war für die
1810 2498 3083 2609 Verurteilung, widerruft die Aussage in einer Eingabe an das Justiz¬
1815 2537 3083 2649 ministerium. Die ganze Affäre soll noch einmal aufgerollt werden.
1813 2590 3078 2693 Bernhardi, den man im Jubel schon aus dem Gesängnis holen wollte,
1814 2620 3076 2735 Verhardi der Märtyrer soll völlig rehabilitiert werden. Aber er
1816 2648 3074 2771 selbst will zum Erstaunen aller gar nicht. Er selbst, der damals dem
1807 2701 3073 2807 Priester gegenüber nur das Menschliche, nur das Selbstverständliche
1809 2730 3077 2830 tat, will weiter das Selbstverständliche tun, will arbeiten, nicht pro¬
1798 2770 2050 2841 Mitteren.
2065 2787 3074 2881 Die Menschen um ihn sind die Komödie. Der ganze
1801 2831 3076 2927 Plan ist von Figuren hell belebt, die seinste Schnitzlersche Gesichter
1801 2850 3069 2962 tragen. Nicht nur die Professoren um Bernhardi: auch ein brillanter
1794 2892 3070 2988 Minister österreichisch=geschmeidiger Politik und ein noch glänzen¬
1791 2923 2540 3004 derer Hofrat ist da, seine rechte Hand.
2600 2974 3060 3038 Stark ist die Objektivi¬
1788 2961 3058 3074 tät, die auch den Sendboten der Kirche seinen Standpunkt, seine
1790 3013 3057 3129 Ueberzeugungen wahren läßt, und die Auseinandersetzung, in der sich
1797 3049 3052 3143 der gefänqnisentlassene Professor und der ihn aufsuchende Priester
1791 3091 3051 3194 wenigstens für Setunden über Abgründe hinweg finden, mag die
1787 3132 3053 3230 Höhe des Schnitzlerschen Werkes überhaupt sein. Von allen Ecken
1788 3156 3043 3265 und Enden schimmert Wien, schimmert Oesterreich und seine inner¬
1780 3211 3051 3310 politischen Abhängigkeiten durch die Gestalten: die Ueberlegenheit des
1784 3239 3045 3342 Dichters, der seine Typen, seine Gruppen so wählt, daß sie zur Ge¬
1782 3280 3042 3378 samtheit der Gesellschaft endlich überleiten. Man hat denn auch
1785 3312 3040 3425 Schnitzler im „Kleinen Theater“ warm und aufrichtig gefeiert. Sowie
1782 3355 3036 3466 er sich einmal zeigte, mußte er immer wieder kommen. Mit der
1777 3399 3050 3513 Darstellung mußte er wohl zufrieden sein. Rings um Bruno
1773 3441 3037 3539 Decarli, der seiner Energie und Geradlinigkeit außer den menschlich
1773 3475 3042 3575 warmen Tönen auch von Zeit zu Zeit noch spitze Ironien einzufügen
1768 3510 3027 3608 wußte, rings um diesen Professor Bernhardi stand in Alfred Abel
1771 3554 3039 3655 (der Priester), Klein=Rhoden, Landa, Salfner und Guido Herzfeld
1770 3584 3029 3692 (einige der Professoren), eine Gruppe tüchtigster Schauspieler, denen
1761 3626 3046 3747 nichi die ust anmerkte, nicht allzu gestört von Handlung im üihtschen¬
1764 3670 2661 3767 Finn Ich ganz der Charaktermalerei hinzugeben.
