3392 4384
1653 147 2099 237 box 31/3
289 161 1493 253 25. PrafesBernand
856 364 1901 443 * Mittelschüler„streik“ in Wiener=Neustadt. Aus
744 428 1897 481 Wiener=Neustadt wird gemeldet: Heute früh sind die
746 478 1892 539 hiesigen Mittelschüler nicht aus der Schule gegangen. Sie
765 514 1887 564 wollten damit den Obmann des Theatercomités Vizebürger¬
769 545 1892 604 meister Püchler bestrafen. Der Theaterskandal war nämlich
753 593 1887 645 von Mittelschülern veranstaltet. Als der Darsteller des
756 622 1670 680 Professor Bernhardt, die ironischen Worte:
750 665 823 705 in
1049 652 1179 716 J.u b
1288 666 1892 727 ausrief, wurde der Ruf
760 698 1882 745 von den im Theater anwesenden Schülern wiederholt.
718 737 1883 802 Nun trat Vizebürgermeister Püchler und Soldatenrat
757 785 1884 835 Hübl zu den Stehparterre, wo die „Demonstranten“ waren,
745 820 1879 878 und nannte diese deutschnationale Politiker „Lausbuben“
752 857 1887 917 und „Rotzbuben“ Auch verlangte er von den Polizei¬
448 885 545 940 7
754 891 1874 941 organen die Durchsuchung der Burschen nach Pfeiserln.
740 934 1884 983 Heute um 9 Uhr vormittags wurde an sämtlichen fünf
587 943 663 978 —
438 924 546 1006 8
560 968 671 1038 225
749 974 1887 1016 Mittelschulen der Unterricht eingestellt und die Schüler
745 1013 894 1063 zogen
894 1008 1122 1064 in den
1355 1018 1489 1068 des
1792 1021 1881 1065 w0
1487 1011 1794 1070 Gymnasiums,
479 1018 534 1079 6
569 1019 666 1089 22
743 1053 1878 1096 sich auch der Lehrkörper sämtlicher Anstalten
449 1068 536 1114 725
757 1094 1885 1128 eingefunden hätte. Hier wurde nun eine Protestver¬
564 1112 612 1156 E
748 1116 1886 1181 sammlung abgehalten, bei der ein Universitätsstudent erklärte,
584 1149 684 1201 5
447 1138 522 1202 2
753 1174 1867 1213 daß sich durch das Vorgehen des Vizebürgermeisters die ge¬
446 1188 492 1239 *
753 1201 1880 1260 sarite „Studentenschaft“ betrofsen fühle und deshalb durch
753 1255 1879 1300 einen eintägigen Streik dagegen protestiere, um der Ueber¬
742 1297 1882 1341 zeugung Ausdruck zu geben, daß sie sich nicht terrorisieren
746 1327 1884 1363 lassen werde. Auch die Professoren hielten Ansprachen.
749 1367 1877 1409 Ob die Herren Professoren gesagt haben, daß es den Schülern
750 1410 1891 1456 nicht zukommt, dem Theaterausschuß vorzuschreiben, was er
740 1443 1886 1489 nicht spielen lassen dürfe, wird von der den zügendlichen
749 1478 1896 1550 „Demonstranten“ sehr freundlichen Korrespondeng Weiß nicht
740 1518 950 1586 gemeldet.
1732 1723 2715 1799 archisten, Reaktionäre, Lausbuben!“ Einem
1749 1772 2708 1838 18jährigen Studenten soll der Vizebürgermeister
1762 1813 2725 1885 nach Aussage der Studenten eine Ohrfeige ver¬
1745 1870 1982 1940 setzt heben.
1837 1893 2722 1961 Gestorn um 9 Uhr vormittags wurde an
1749 1952 2717 2018 samtlichen fünf Mittelschulen der Unterricht ein¬
1757 1997 2732 2055 gestellt, und die Studentenschaft zog demonstrativ
761 2017 1370 2118 Der Theaterstandal
1751 2043 2731 2095 in den Festsaal des Gymnasiums, wo sich
1754 2088 2709 2150 auch der Lehrkörper sämtlicher Anstalten ein¬
1125 2077 1736 2159 in Wiener=Neustadt.
1756 2137 2725 2186 gefunden hatte. Dort wurde nun eine Protest¬
863 2143 1732 2221 Die Vorsälle, die sich während der vor¬
1753 2160 2722 2231 versammlung abgehalten, bei der Stud. phil.
1676 2198 1735 2248 or
778 2196 1714 2258 gestrigen Aufführung von Schnitters iralen
1760 2215 2727 2272 Kukertz namens der Studenkenschaft erklärte,
771 2253 1741 2316 Vernhardi“ im hiesigen Stadttyeater abspelten;
1758 2251 2755 2325 daß sich durch das Vorgehen des Vigebünger- 4
782 2284 1738 2344 hatten gestern einen Streik der gesamten Stu¬
1743 2314 2730 2360 meisters Rüchler die gesamte Studentenschaft be¬
781 2341 1727 2412 dentenschaft der hiesigen Mittelschule zur Folge
1751 2353 2721 2408 troffen fühle und deshalb durch einen ein¬
781 2373 1739 2430 als Demonstration gegen die den Studenten
1764 2393 2715 2449 tägigen Streik dagegen protestiere, um der
780 2422 1734 2476 seitens des Vizebürgermeisters und Obmannes
1756 2440 2723 2498 Ueberzeugung Ausdruck zu geben, daß sie sich
782 2463 1746 2541 des Theaterkomitees Püchler zugefügten Be¬
1758 2476 2737 2543 nicht tervorisieren lassen werde. Auch die Pro¬
774 2516 1067 2576 leidigungen.
1759 2523 2737 2585 fessoren hielten Ansprachen, wirkten jedoch auf
872 2543 1748 2614 Die Skandalszene setzte ein, als der Dar¬
1762 2573 2369 2639 die Studenten beruhigend ein.
788 2595 1741 2648 steller des Prof. Vernhardi, Herr Paulmann,
1829 2598 2744 2679 Nach der Versammlung gingen die Stu¬
789 2637 1739 2690 die Worte „Nieder mit den Jnden!“ ausrief,
1746 2669 2294 2726 denten ruhig nach Hause.
782 2689 1746 2736 welcher Ruf von den im Stehparlerre und auf
790 2714 1756 2788 den Galerien anwesenden Studenten wiederholt
788 2774 1766 2832 wurde Nun trat Vizebürgermeister Püchler mit
789 2824 1751 2875 Soldatenrat Hilbl aus dem Parkelt zu der das
790 2861 1768 2913 Stehparterre abschließenden Barriere und apo¬
789 2902 1754 2970 strophierte die dort #wesenden Studenten mit
784 2945 1754 3007 den Worten „Lausbuhen“ und „Rotzbuben“
792 2991 1764 3043 Auch verlangte er an den Polizeiorganen die
791 3034 1765 3092 Arretierung sämtlicher Studenten und ihre
792 3076 1760 3134 Durchsuchung nach Pfeiferln. Es entspann sich
794 3127 1758 3183 eine erregte Auseinandersetzung, in die auch
798 3164 1748 3224 unter anderem Retakteur Dr. Thurner be¬
785 3206 1751 3271 schwichtigend eingriff. Vizebürgermeister Püchler
782 3258 1755 3328 bezeichnete Dr. Thurner als Anstifter, wogegen
784 3297 1421 3377 dieser entschieden protestierte.
879 3329 1760 3404 Als dann die Studenten zum Rathaus
798 3381 1757 3446 zogen, um sich nach dem Schical ihrer verhaf¬
789 3425 1759 3482 teten Kollegen zu erkundigen, folgte ihnen Vize¬
797 3470 1782 3525 bürgermeister Büchler mit einer Schar Sezial¬
780 3532 1804 3590 demokraten und rief den Studenten zu: „Mon- 1
983 3623 1494 3732 Der Morgen Wien
1369 3670 1568 3761 A1 147.
