3344 4352
404 85 1481 144 Wollte Schnitzler das Judentum verherrlichen, dürfte
396 146 1484 195 ##r die Juden unter Bernhardis Kollegen nicht als so
394 168 1495 237 fragwürdige Ehrenmänner hinstellen, wie er es tut.
389 226 1492 275 Mit ihnen hat Vernhardi, wenn sie nicht seinen: Men¬
391 269 1491 344 schentum nachstreben, ebensowenig zu tun, wie mit
386 334 1495 387 Angehörigen onderer Konfessionen. So bleiben nur
396 385 1487 436 noch Schnitzlers Streiflichter auf Oesterreichs Art, Po¬
399 425 1494 471 litik zu treiben, welche die Zensur zu ihrem Vervot
395 471 1487 514 veranlassen kynnte, womit sie nur Bernhardis=Schnitz¬
384 517 1489 576 lers Behauptung, daß in Oesterreich jede ideelie Frage
396 566 1502 617 auf das politische Gebiet abgedrängt werde, bestätigt
389 620 1493 679 hat. Der Autor identifiziert sich in seinem Drama
393 661 1491 715 ganz mil Bernhardi, der seine Vorläufer in Lessings
409 719 1502 769 „Nathan“ und G. Hauptmanns „Der Narr in Christo
400 765 1500 818 Emanuel Quint“ gefunden hat. Wie Vernhardi will
402 814 1499 850 Schnitzler nichts, als die Ahnung von Enem schöneren
394 874 1497 920 Zulunftsmenschentum vermitteln, das in dr Verschmel¬
389 911 1486 959 zung der Anschauungen dreier Welten, Griechenschön¬
389 956 1494 1004 heit, Christusgüte und intellektueller Freiheit, seine
389 1007 1486 1072 Erfüllung findet. Der Autor lehnt hiemit jede Ab¬
388 1058 1498 1102 sicht zu unkünstlerischer Tendenz ab. Man kann es
394 1106 1494 1172 ihm glauben. Er ist zu groß und innerlch zu reif.
401 1142 1495 1214 um das bei mittleren Autoren nicht unbeliebte Re¬
398 1205 1499 1255 klamemittei des Zensurverbotes notwendig zu haben,
394 1257 1496 1315 um gehört zu werden. Wenn er auch nie k. u. k.
389 1308 1488 1361 Festspieldichter war, das eine ist klar: Keine Ten¬
397 1353 1503 1394 denz für das Judentum, keine Tendenz gegen das
396 1400 1491 1452 Christentum, lediglich Prophezeiung freien Menschen¬
388 1448 1496 1512 tums. — Man darf sich also über die mächtige Wur¬
386 1508 1491 1562 kung dieses Dramas auf den Volksgeist heutiger Prä¬
394 1554 1496 1616 gung nicht wundern, trotzdem es keine dramatischen
388 1597 1494 1648 Effelle hat, trotzdem es — rein maskulin — keinen
385 1646 1499 1712 Liebeskonslilt gestaltet; es ist wieder ein Lesedrama,
388 1699 1495 1760 beginnt mit fertigen Charakteren, starren Vertretern
389 1746 1484 1799 eines Tupus. Aber wie der Autor diese Typen im
393 1794 1484 1852 Kreislauf um den einzigen Volimenschen im Drama,
392 1843 1492 1903 Bernhardi, in glänzenden, scheinbar paradaren, tiefgrün¬
388 1874 1496 1937 digen Dialogen durchleuchtet, macht das Drama so
388 1941 1491 2002 ungemein fesselnd. — Die merkwürdige Art der Ge¬
390 1978 1480 2055 staltung im Drama, fertige, nicht mehr entwicklungs¬
397 2039 1481 2100 fähige Typen, bringt es mit sich, daß nicht der Schau¬
392 2079 1495 2131 spieler seiner Rolle, sondern die Rolle, vor allem
400 2135 1479 2201 der Tert, dem Schauspieler individuelle Farbe ver¬
385 2176 1004 2233 leiht. Die Darsteller wirken
1002 2183 1493 2245 — mit Ausnahme der
390 2232 1490 2280 Hauptrollen — wie Marionetten in der Hand eines
391 2281 1489 2343 gewandten Puppenspielers. Das ist also kein per¬
393 2326 1503 2376 sönlicher Nachteil unseres Ensembles, das sich unter
396 2368 1499 2423 der lünstlerischen Führung des Direktor Weninger mit
396 2425 1497 2470 staunenswertem Mut, zäher Energie und rastlosem Fleiß
394 2480 1493 2519 als erste Provinzbühne an diese Niesenaufgabe heran¬
396 2527 1482 2580 wogte. Vor allem: In der Originalität, in der
386 2572 1491 2611 Nachempfindung des darzustellenden Typus durch die
388 2623 1486 2663 Maske leisten alle Darsteller Ueberraschendes, Hervor¬
385 2674 1493 2724 ragendes. In der Beherrschung der oft riesigen Satz¬
394 2720 1498 2769 perioden — ohne auffälliges Vordrängen des Souf¬
395 2768 1501 2815 leurs — bekunden sie hingebungsvolle Teilnahme, im
398 2819 1491 2863 Zusammenspiel mitreißendes Temverament und an der
398 2862 1486 2919 Idee des Dramas sich selbst entzündende Begeitierung.
398 2918 1495 2960 Da alle Gestalten im Drama fertige, unveränderliche
398 2960 1502 3013 Typen darstellen, erübrigt sich eine Detailbesprechung.
389 3011 1479 3066 der Mitwirkenden; denn diese wäre lediglich eine Cha¬
386 3070 1498 3120 rakterisierung der einzelnen Tyven, nicht des Schau¬
395 3113 1490 3157 spielers, der ja keine dramatische Entwicklung durch¬
392 3158 1489 3218 läuft, sondern von Anfang an nichts als sprechende,
393 3211 1489 3259 für seine Person unwirksame Marionette bleibt. Wu¬
391 3259 1487 3305 kung und Farbe ergibt sich erst aus dem Zusammen¬
390 3308 1489 3365 spiel. Die Kunst, nicht nur von der Rolle zu empfan¬
386 3366 1485 3412 gen, sondern ihr auch Klangfarbe zu geben, bleibt
393 3403 1492 3457 lediglich dem Darsteller Bernhardis, Herrn Direktor
392 3451 1487 3499 Weninger, vorbehalten. Dieser — in der Maske
401 3502 1493 3564 Schnitzlers — beherrscht das Hauptinteresse des Aends
393 3550 1487 3602 mit seiner glänzenden Sprechtechnik, seinem beweglichen,
387 3597 1487 3655 auch auf feinste Eindrücke reagierenden Mienenspiel
397 3649 1486 3709 und der Kunst seiner Gebärde. Sie ist sparsam, streng
395 3700 1481 3750 bemessen, scharf individualisierend und erläutert sein
396 3748 1484 3793 Verhältnis zur Rolle und sein tiefes Erfassen ver¬
397 3797 1472 3854 selben oft durch kleine, kaum beachtete Bewegungen,
395 3847 1487 3887 die den seitenen Menschen, den er darstellt, anschaulicher
381 3897 1489 3943 verwirklichen als lange Dialoge. Die zunehmende in¬
385 3938 1491 3996 nere Erkältung des in seiner besten Absicht verstörten
1037 3991 1071 4045 —
1165 3993 1477 4054 9. huite #en
1838 1076 2567 1222 #nn u., Initacho Boftuing
2045 1174 2633 1298 des Leitmeritzer Kreis
2031 1262 2558 1354 #cmeritz, Böhmen.
1811 1264 2024 1370 IL.FER. 19
2000 1423 2637 1523 Stadttheater Leitmesitz.
1826 1510 2868 1582 j'sProfessor Bernhardi“. Auf zahlreiche
1786 1539 2875 1628 Anftigen aus dem Publikum, ob die Aufführung
1787 1615 2886 1709 des Achnitzler'schen Werses auch für die Jugend
1810 1710 2902 1772 und namentlich für Mädchen geeignet ist, wird mit¬
1808 1782 2914 1842 geleilt, daß das seinerzeitige Aufführungsverbot
1800 1813 2895 1889 nicht etwa aus geger die Ethik verstoßenden Grün¬
1807 1865 2904 1940 den erfolgte, sondern nur, weil dem Stücke von
1807 1907 2894 1973 der Zensur eine andere Tendenz zugeschoben wur¬
1806 1953 2896 2021 de, welche Schnitzler aber nie und niemals ver¬
1792 2007 2888 2075 folgte. Arthur Schnitzler hat mit diesem köstlichen
1795 2065 2899 2128 Schattenspiel nur die Zustände öffentlicher Anstal¬
1798 2105 2880 2179 ten im „guten Alt=Oesterreich“ beleuchten wollen.
1797 2162 2894 2221 Professor Bernhardi ist die Tragikomödie des an¬
1795 2206 2891 2282 ständigen Mannes und wird ihm ein stramm organi¬
1794 2265 2885 2330 siertes „Hochwitzpointnertum“ gegenübergestellt, eine
1796 2313 2897 2379 fein zusammenhallende Gesellschaft von Bruderln
1799 2364 2892 2428 mit akademischen Grader. Die Gemeinheit in allen
1785 2409 2887 2478 Formen, die schlichte Gemeinheit, die begabte Ge¬
1789 2452 2878 2529 meinheit, die nackte, uninteressierte, nur in sich selbst
1782 2508 2884 2577 vergnügte, die unfähige und die prachtvoll geistig
1791 2555 2874 2623 mastierte ti#een Bernhardi gegenüber und veran¬
1787 2603 2879 2673 stallen das Kesseltreiben, von dem ein Kandidat
1781 2659 2887 2719 gemütvoll meint, es werde dem Direktor das Genick
1785 2699 2882 2772 brechen. Das Stück entspringt aus einer Spitals¬
1786 2737 2879 2818 episode, einer Situatiorh in der Bernhardi nur
1786 2791 2885 2870 einfach das tut, was inneres Gefühl und bestes
1780 2847 2885 2912 Wissen erkeischer. Und darum ist der Brennpunkt
1784 2882 2874 2965 des Stückes nicht die Polarität des einen ober an¬
1783 2928 2875 3011 deren Glaubers, die Anlaß des Konflittes bilden
1776 2983 2875 3064 soll, sondern die Polarität des anständigen Man¬
1780 3040 2882 3094 nes und der vielfältigen Gemeinheit, die sich gegen
1782 3088 2875 3184 ihn verbindet. Schnitzler ist in Bernhardi ein streu¬
1764 3136 2788 3213 gerer und betrübterer Moralist als bisher.
