<?xml version="1.0" encoding="UTF-8" standalone="yes"?>
<PcGts xmlns="http://schema.primaresearch.org/PAGE/gts/pagecontent/2013-07-15" xmlns:xsi="http://www.w3.org/2001/XMLSchema-instance" xsi:schemaLocation="http://schema.primaresearch.org/PAGE/gts/pagecontent/2013-07-15 http://schema.primaresearch.org/PAGE/gts/pagecontent/2013-07-15/pagecontent.xsd">
    <Metadata>
        <Creator>prov=University of Rostock/Institute of Mathematics/CITlab/Gundram Leifert/gundram.leifert@uni-rostock.de:name=ONB_Newseye_GT_M1+(htr_id=10810)::::v=2.4.2
prov=University of Rostock/Institute of Mathematics/CITlab/Tobias Gruening/tobias.gruening@uni-rostock.de:name=de.uros.citlab.module.baseline2polygon.B2PSeamMultiOriented:v=2.4.2
prov=University of Rostock/Institute of Mathematics/CITlab/Tobias Gruening/tobias.gruening@uni-rostock.de:name=/mnt/transkribus/LA/DEA/URO/LA_news_onb_att.pb:de.uros.citlab.segmentation.CITlab_LA_ML:v=2.4.2
Transkribus</Creator>
        <Created>2019-10-07T11:14:03.977+02:00</Created>
        <LastChange>2019-10-08T02:43:42.013+02:00</LastChange>
        <TranskribusMetadata docId="223963" pageId="9496917" pageNr="467" tsid="16498571" status="IN_PROGRESS" userId="40391" imgUrl="https://files.transkribus.eu/Get?id=HSXSPWPVMXSFHSLETEVUPVGO&amp;fileType=view" xmlUrl="https://files.transkribus.eu/Get?id=FLKZECGWYFSPNFKNTMOCQSVL" imageId="6187144"/>
    </Metadata>
    <Page imageFilename="223963_0467.jpeg" imageWidth="3344" imageHeight="4352">
        <ReadingOrder>
            <OrderedGroup id="ro_1711442622810" caption="Regions reading order">
                <RegionRefIndexed index="0" regionRef="r1"/>
            </OrderedGroup>
        </ReadingOrder>
        <TextRegion orientation="0.0" id="r1" custom="readingOrder {index:0;}">
            <Coords points="224,202 224,2943 3023,2943 3023,202"/>
            <TextLine id="r1l1" custom="readingOrder {index:0;}">
                <Coords points="625,234 796,234 796,163 766,168 749,163 692,190 664,173 626,173"/>
                <Baseline points="638,225 666,224 695,223 723,222 752,223 781,228"/>
                <TextEquiv>
                    <Unicode>2 S S</Unicode>
                </TextEquiv>
            </TextLine>
            <TextLine id="r1l2" custom="readingOrder {index:1;}">
                <Coords points="917,230 931,231 936,237 947,240 986,239 989,171 967,170 959,177 951,177 945,171 921,170"/>
                <Baseline points="932,227 972,229"/>
                <TextEquiv>
                    <Unicode>B</Unicode>
                </TextEquiv>
            </TextLine>
            <TextLine id="r1l3" custom="readingOrder {index:2;}">
                <Coords points="1559,255 1600,273 1617,259 1691,272 1757,242 1804,263 1859,250 1891,270 1933,254 1957,273 2004,272 2006,184 1937,174 1923,188 1893,173 1849,195 1813,178 1749,209 1709,187 1637,196 1605,171 1561,170"/>
                <Baseline points="1572,239 1598,238 1624,237 1650,237 1677,237 1703,238 1729,239 1755,240 1782,241 1808,241 1834,243 1860,243 1887,244 1913,244 1939,243 1965,242 1992,241"/>
                <TextEquiv>
                    <Unicode>box 31/2</Unicode>
                </TextEquiv>
            </TextLine>
            <TextLine id="r1l4" custom="readingOrder {index:3;}">
                <Coords points="211,250 1260,296 1499,266 1500,230 1328,167 1072,178 942,233 849,180 763,231 572,176 212,176"/>
                <Baseline points="224,226 287,232 350,237 413,240 476,244 539,247 602,249 665,251 728,252 791,253 854,254 917,254 980,254 1043,254 1106,253 1169,253 1232,252 1295,252 1358,252 1421,251 1485,251"/>
                <TextEquiv>
                    <Unicode>25 PrOrernhandi</Unicode>
                </TextEquiv>
            </TextLine>
            <TextLine id="r1l5" custom="readingOrder {index:4;}">
                <Coords points="752,1817 950,1837 1004,1809 1029,1834 1057,1822 1079,1839 1150,1813 1194,1818 1194,1785 1135,1745 1078,1753 1058,1737 1026,1754 1004,1740 927,1758 836,1739 784,1773 751,1773"/>
                <Baseline points="766,1816 791,1816 817,1815 843,1815 869,1815 895,1815 921,1814 947,1814 973,1814 999,1814 1025,1813 1051,1813 1077,1813 1103,1813 1129,1812 1155,1812 1181,1812"/>
                <TextEquiv>
                    <Unicode>Janbak 19t0</Unicode>
                </TextEquiv>
            </TextLine>
            <TextLine id="r1l6" custom="readingOrder {index:5;}">
                <Coords points="515,1888 615,1867 796,1895 961,1877 991,1903 1041,1889 1147,1919 1271,1905 1274,1844 1195,1824 801,1832 580,1789 519,1808"/>
                <Baseline points="530,1854 566,1855 602,1855 639,1856 675,1857 712,1858 748,1859 785,1861 821,1862 858,1864 894,1866 930,1868 967,1870 1003,1872 1040,1874 1076,1875 1113,1877 1149,1880 1186,1881 1222,1882 1259,1884"/>
                <TextEquiv>
                    <Unicode>Ost. Illustrier“ ##mdschau</Unicode>
                </TextEquiv>
            </TextLine>
            <TextLine id="r1l7" custom="readingOrder {index:6;}">
                <Coords points="817,1938 839,1937 863,1948 885,1947 915,1956 929,1949 945,1956 957,1951 967,1958 990,1954 993,1919 974,1917 966,1908 952,1910 942,1900 936,1905 893,1893 876,1877 847,1886 823,1883"/>
                <Baseline points="831,1936 860,1936 889,1937 918,1940 947,1944 977,1950"/>
                <TextEquiv>
                    <Unicode>Wien</Unicode>
                </TextEquiv>
            </TextLine>
            <TextLine id="r1l8" custom="readingOrder {index:7;}">
                <Coords points="559,2031 2782,2058 2783,1964 561,1930"/>
                <Baseline points="572,2004 681,2008 791,2011 901,2014 1011,2017 1121,2019 1231,2020 1340,2022 1450,2023 1560,2024 1670,2025 1780,2026 1890,2027 2000,2029 2109,2030 2219,2032 2329,2034 2439,2037 2549,2039 2659,2043 2769,2047"/>
                <TextEquiv>
                    <Unicode>Aus den Theatern, Konzert= und Vortragssalen.</Unicode>
                </TextEquiv>
            </TextLine>
            <TextLine id="r1l9" custom="readingOrder {index:8;}">
                <Coords points="414,2107 1653,2136 1653,2092 1472,2062 1038,2090 415,2036"/>
                <Baseline points="428,2106 488,2107 549,2108 609,2109 670,2110 731,2110 791,2111 852,2112 912,2113 973,2114 1034,2115 1094,2116 1155,2117 1215,2117 1276,2118 1337,2118 1397,2119 1458,2119 1518,2120 1579,2120 1640,2120"/>
                <TextEquiv>
                    <Unicode>Deutsches Volkstheater. Schuitlens— „Professor</Unicode>
                </TextEquiv>
            </TextLine>
            <TextLine id="r1l10" custom="readingOrder {index:9;}">
                <Coords points="1676,2122 2920,2161 3022,2157 3023,2116 2870,2075 1677,2064"/>
                <Baseline points="1690,2124 1759,2124 1828,2124 1898,2125 1967,2126 2037,2126 2106,2127 2175,2128 2245,2129 2314,2130 2384,2131 2453,2133 2523,2134 2592,2136 2661,2138 2731,2139 2800,2141 2870,2143 2939,2146 3009,2148"/>
                <TextEquiv>
                    <Unicode>Forest; als Darsteller lebendiger und markanter Typen</Unicode>
                </TextEquiv>
            </TextLine>
            <TextLine id="r1l11" custom="readingOrder {index:10;}">
                <Coords points="291,2153 1646,2174 1608,2127 1311,2106 292,2109"/>
                <Baseline points="304,2152 370,2154 436,2155 503,2156 569,2157 636,2159 702,2160 768,2161 835,2162 901,2162 968,2163 1034,2164 1100,2165 1167,2166 1233,2167 1300,2168 1366,2169 1432,2170 1499,2171 1565,2173 1632,2175"/>
                <TextEquiv>
                    <Unicode>Bernhardi“ ist eine Tendenzkomödte, deren Aufführung das</Unicode>
                </TextEquiv>
            </TextLine>
            <TextLine id="r1l12" custom="readingOrder {index:11;}">
                <Coords points="1687,2187 2989,2211 3033,2210 3034,2160 1688,2126"/>
                <Baseline points="1700,2169 1765,2171 1831,2174 1897,2176 1963,2177 2029,2179 2095,2180 2161,2181 2227,2182 2293,2183 2359,2184 2424,2184 2490,2185 2556,2186 2622,2188 2688,2189 2754,2190 2820,2192 2886,2194 2952,2197 3018,2200"/>
                <TextEquiv>
                    <Unicode>seien die Herren Goetz, Kutschera, Homma, Omno,</Unicode>
                </TextEquiv>
            </TextLine>
            <TextLine id="r1l13" custom="readingOrder {index:12;}">
                <Coords points="303,2208 1650,2217 1626,2172 304,2161"/>
                <Baseline points="317,2201 386,2203 455,2204 525,2206 594,2207 664,2208 733,2210 802,2211 872,2212 941,2213 1011,2214 1080,2215 1150,2216 1219,2216 1288,2217 1358,2218 1427,2219 1497,2219 1566,2220 1636,2221"/>
                <TextEquiv>
                    <Unicode>verstorbene, österreichische Regime verbieten zu müssen glaubte,</Unicode>
                </TextEquiv>
            </TextLine>
            <TextLine id="r1l14" custom="readingOrder {index:13;}">
                <Coords points="1695,2224 2997,2258 3031,2212 1696,2183"/>
                <Baseline points="1709,2218 1774,2219 1839,2220 1905,2221 1970,2222 2036,2223 2101,2224 2166,2225 2232,2226 2297,2228 2363,2229 2428,2230 2493,2232 2559,2233 2624,2235 2690,2236 2755,2238 2820,2239 2886,2241 2951,2242 3017,2244"/>
                <TextEquiv>
                    <Unicode>Edthofer und Teubler besonders genannl. Starker,</Unicode>
                </TextEquiv>
            </TextLine>
            <TextLine id="r1l15" custom="readingOrder {index:14;}">
                <Coords points="294,2257 1654,2260 1627,2224 294,2205"/>
                <Baseline points="308,2252 374,2254 441,2255 507,2256 574,2257 640,2258 707,2259 773,2259 840,2260 906,2261 973,2261 1040,2262 1106,2262 1173,2263 1239,2263 1306,2265 1372,2266 1439,2267 1505,2268 1572,2270 1639,2272"/>
                <TextEquiv>
                    <Unicode>ein Arztestück, in dem der Autor — im Gegensatze zu seiner</Unicode>
                </TextEquiv>
            </TextLine>
            <TextLine id="r1l16" custom="readingOrder {index:15;}">
                <Coords points="1693,2281 2626,2320 2731,2286 2975,2326 3037,2253 1694,2235"/>
                <Baseline points="1706,2267 1771,2269 1837,2270 1903,2272 1969,2273 2035,2274 2101,2275 2166,2276 2232,2278 2298,2279 2364,2280 2430,2281 2496,2282 2562,2283 2627,2284 2693,2286 2759,2287 2825,2288 2891,2289 2957,2291 3023,2292"/>
                <TextEquiv>
                    <Unicode>widerspruchsloser Beifall klatschte Autor und Mitwirkende</Unicode>
                </TextEquiv>
            </TextLine>
            <TextLine id="r1l17" custom="readingOrder {index:16;}">
                <Coords points="302,2310 1527,2340 1649,2290 303,2266"/>
                <Baseline points="316,2302 385,2303 454,2303 524,2304 593,2305 663,2306 732,2307 801,2308 871,2309 940,2310 1010,2311 1079,2312 1149,2313 1218,2315 1287,2316 1357,2317 1426,2318 1496,2320 1565,2321 1635,2322"/>
                <TextEquiv>
                    <Unicode>Titelfigur — bewußt, neben einer Reihe aktueller Fragen, heute</Unicode>
                </TextEquiv>
            </TextLine>
            <TextLine id="r1l18" custom="readingOrder {index:17;}">
                <Coords points="1684,2338 1917,2350 2009,2328 2346,2359 2347,2304 2255,2277 1686,2286"/>
                <Baseline points="1698,2317 1729,2317 1761,2318 1793,2319 1824,2320 1856,2320 1888,2321 1919,2322 1951,2323 1983,2324 2015,2325 2046,2325 2078,2326 2110,2327 2141,2328 2173,2329 2205,2330 2236,2331 2268,2332 2300,2333 2332,2334"/>
                <TextEquiv>
                    <Unicode>wiederholt vor den Vorhang.</Unicode>
                </TextEquiv>
            </TextLine>
            <TextLine id="r1l19" custom="readingOrder {index:18;}">
                <Coords points="2694,2332 2716,2327 2748,2355 2773,2347 2825,2368 2850,2358 2893,2370 2977,2334 2978,2298 2950,2308 2903,2296 2887,2309 2868,2295 2695,2288"/>
                <Baseline points="2706,2335 2731,2334 2757,2334 2782,2334 2808,2335 2834,2336 2859,2338 2885,2338 2910,2339 2936,2339 2962,2339"/>
                <TextEquiv>
                    <Unicode>Robert G.</Unicode>
                </TextEquiv>
            </TextLine>
            <TextLine id="r1l20" custom="readingOrder {index:19;}">
                <Coords points="296,2370 1590,2386 1646,2323 297,2310"/>
                <Baseline points="310,2351 376,2352 442,2352 508,2353 574,2354 640,2354 706,2355 772,2356 838,2356 904,2357 970,2358 1036,2359 1102,2360 1168,2361 1234,2362 1300,2363 1366,2365 1432,2366 1498,2367 1564,2369 1631,2370"/>
                <TextEquiv>
                    <Unicode>so zu sagen ante festum, ein Thema anschneidet, wichtig und</Unicode>
                </TextEquiv>
            </TextLine>
            <TextLine id="r1l21" custom="readingOrder {index:20;}">
                <Coords points="1750,2437 1851,2405 1983,2428 2010,2411 2057,2419 2112,2401 2167,2420 2166,2370 2111,2346 2067,2372 2034,2370 2007,2348 1974,2368 1933,2349 1897,2366 1842,2342 1798,2370 1749,2376"/>
                <Baseline points="1764,2408 1789,2407 1815,2407 1841,2407 1867,2406 1893,2406 1919,2405 1945,2405 1971,2404 1997,2404 2023,2404 2049,2403 2075,2403 2101,2403 2127,2403 2153,2402"/>
                <TextEquiv>
                    <Unicode>L</Unicode>
                </TextEquiv>
            </TextLine>
            <TextLine id="r1l22" custom="readingOrder {index:21;}">
                <Coords points="295,2399 1608,2411 1309,2366 295,2377"/>
                <Baseline points="308,2397 372,2399 436,2401 500,2403 565,2404 629,2405 693,2406 758,2407 822,2407 886,2408 951,2408 1015,2408 1079,2409 1143,2409 1208,2410 1272,2410 1336,2411 1401,2412 1465,2413 1529,2414 1594,2415"/>
                <TextEquiv>
                    <Unicode>heikel genug, um auch auf der Bühne beleuchtet zu werden. —</Unicode>
                </TextEquiv>
            </TextLine>
            <TextLine id="r1l23" custom="readingOrder {index:22;}">
                <Coords points="297,2466 1440,2484 1646,2478 1647,2429 298,2419"/>
                <Baseline points="311,2448 377,2449 443,2450 509,2451 575,2452 641,2452 707,2453 773,2454 839,2455 905,2456 972,2456 1038,2457 1104,2458 1170,2459 1236,2460 1302,2460 1368,2462 1434,2463 1500,2464 1566,2465 1633,2467"/>
                <TextEquiv>
                    <Unicode>Gebricht es der Komödie auch an lebendiger Kraft, so ersetzt diesen</Unicode>
                </TextEquiv>
            </TextLine>
            <TextLine id="r1l24" custom="readingOrder {index:23;}">
                <Coords points="295,2509 1650,2515 1650,2468 296,2468"/>
                <Baseline points="308,2502 374,2502 440,2502 507,2503 573,2503 640,2503 706,2504 773,2504 839,2505 906,2505 972,2505 1038,2506 1105,2507 1171,2508 1238,2508 1304,2509 1371,2511 1437,2512 1504,2514 1570,2515 1637,2517"/>
                <TextEquiv>
                    <Unicode>Mangel das hohe allgemein=persönliche Interesse des Fabel¬</Unicode>
                </TextEquiv>
            </TextLine>
            <TextLine id="r1l25" custom="readingOrder {index:24;}">
                <Coords points="300,2561 1647,2572 1603,2525 1469,2513 301,2514"/>
                <Baseline points="313,2551 382,2551 451,2552 521,2553 590,2553 660,2553 729,2554 798,2554 868,2554 937,2555 1007,2555 1076,2556 1146,2556 1215,2557 1284,2559 1354,2560 1423,2561 1493,2563 1562,2565 1632,2567"/>
                <TextEquiv>
                    <Unicode>kernes, die Spannung der Gedanken und eine Fülle heiterer,</Unicode>
                </TextEquiv>
            </TextLine>
            <TextLine id="r1l26" custom="readingOrder {index:25;}">
                <Coords points="294,2605 1654,2627 1655,2583 1449,2561 295,2570"/>
                <Baseline points="308,2598 374,2599 441,2599 507,2600 574,2600 641,2601 707,2602 774,2602 841,2603 907,2604 974,2605 1041,2606 1107,2606 1174,2607 1241,2608 1307,2609 1374,2610 1441,2611 1507,2611 1574,2612 1641,2613"/>
                <TextEquiv>
                    <Unicode>von treffender Ironie getragener Episoden reichlich. Die Auf¬</Unicode>
                </TextEquiv>
            </TextLine>
            <TextLine id="r1l27" custom="readingOrder {index:26;}">
                <Coords points="302,2658 1643,2662 1643,2624 1514,2606 302,2606"/>
                <Baseline points="315,2646 380,2647 446,2649 512,2650 578,2651 643,2652 709,2653 775,2654 841,2655 906,2656 972,2657 1038,2657 1104,2658 1169,2659 1235,2659 1301,2660 1367,2660 1432,2660 1498,2661 1564,2661 1630,2661"/>
                <TextEquiv>
                    <Unicode>führung stand durchwegs auf hohem Niveau; als Bernhardi</Unicode>
                </TextEquiv>
            </TextLine>
            <TextLine id="r1l28" custom="readingOrder {index:27;}">
                <Coords points="299,2703 1477,2727 1642,2713 1643,2677 300,2645"/>
                <Baseline points="314,2690 379,2692 445,2694 511,2696 576,2698 642,2699 708,2701 773,2702 839,2703 905,2705 971,2705 1036,2706 1102,2707 1168,2708 1233,2709 1299,2709 1365,2710 1430,2710 1496,2710 1562,2711 1628,2711"/>
                <TextEquiv>
                    <Unicode>Direklor Bernau überzeugend in seiner Weigerung, und</Unicode>
                </TextEquiv>
            </TextLine>
            <TextLine id="r1l29" custom="readingOrder {index:28;}">
                <Coords points="305,2762 1615,2778 1646,2707 305,2701"/>
                <Baseline points="318,2743 383,2745 449,2747 514,2749 580,2750 646,2751 711,2752 777,2753 843,2754 908,2755 974,2755 1040,2756 1105,2756 1171,2757 1237,2757 1302,2757 1368,2757 1434,2757 1499,2758 1565,2758 1631,2758"/>
                <TextEquiv>
                    <Unicode>fest, als die Folgen seines unbedachten Vorgehens ihn</Unicode>
                </TextEquiv>
            </TextLine>
            <TextLine id="r1l30" custom="readingOrder {index:29;}">
                <Coords points="290,2808 1639,2803 1519,2761 290,2762"/>
                <Baseline points="304,2797 370,2797 436,2797 502,2797 568,2798 634,2799 700,2800 766,2802 832,2803 898,2804 964,2806 1030,2807 1096,2808 1162,2809 1228,2809 1294,2809 1360,2809 1426,2808 1492,2807 1558,2806 1624,2803"/>
                <TextEquiv>
                    <Unicode>zu vernichten drohen; psychologisch sorgfältig erfaßt und</Unicode>
                </TextEquiv>
            </TextLine>
            <TextLine id="r1l31" custom="readingOrder {index:30;}">
                <Coords points="297,2882 833,2853 1646,2889 1646,2810 297,2816"/>
                <Baseline points="312,2847 378,2848 444,2849 510,2850 576,2850 642,2851 708,2852 774,2852 840,2853 906,2854 972,2854 1038,2855 1104,2855 1170,2856 1236,2856 1302,2856 1368,2856 1434,2857 1500,2857 1566,2857 1632,2857"/>
                <TextEquiv>
                    <Unicode>plastisch dargestelit der Doktor Löwenstein durch Herrn</Unicode>
                </TextEquiv>
            </TextLine>
            <TextLine id="r1l32" custom="readingOrder {index:31;}">
                <Coords points="302,2929 1648,2963 1649,2889 302,2877"/>
                <Baseline points="315,2917 381,2917 447,2918 513,2919 579,2919 645,2920 711,2920 777,2921 843,2922 909,2922 975,2923 1041,2924 1107,2924 1173,2925 1239,2926 1305,2927 1371,2927 1437,2928 1503,2929 1569,2930 1635,2931"/>
                <TextEquiv>
                    <Unicode>——</Unicode>
                </TextEquiv>
            </TextLine>
            <TextEquiv>
                <Unicode>2 S S
B
box 31/2
25 PrOrernhandi
Janbak 19t0
Ost. Illustrier“ ##mdschau
Wien
Aus den Theatern, Konzert= und Vortragssalen.
Deutsches Volkstheater. Schuitlens— „Professor
Forest; als Darsteller lebendiger und markanter Typen
Bernhardi“ ist eine Tendenzkomödte, deren Aufführung das
seien die Herren Goetz, Kutschera, Homma, Omno,
verstorbene, österreichische Regime verbieten zu müssen glaubte,
Edthofer und Teubler besonders genannl. Starker,
ein Arztestück, in dem der Autor — im Gegensatze zu seiner
widerspruchsloser Beifall klatschte Autor und Mitwirkende
Titelfigur — bewußt, neben einer Reihe aktueller Fragen, heute
wiederholt vor den Vorhang.
Robert G.
so zu sagen ante festum, ein Thema anschneidet, wichtig und
L
heikel genug, um auch auf der Bühne beleuchtet zu werden. —
Gebricht es der Komödie auch an lebendiger Kraft, so ersetzt diesen
Mangel das hohe allgemein=persönliche Interesse des Fabel¬
kernes, die Spannung der Gedanken und eine Fülle heiterer,
von treffender Ironie getragener Episoden reichlich. Die Auf¬
führung stand durchwegs auf hohem Niveau; als Bernhardi
Direklor Bernau überzeugend in seiner Weigerung, und
fest, als die Folgen seines unbedachten Vorgehens ihn
zu vernichten drohen; psychologisch sorgfältig erfaßt und
plastisch dargestelit der Doktor Löwenstein durch Herrn
——</Unicode>
            </TextEquiv>
        </TextRegion>
    </Page>
</PcGts>
