3392 4352
1593 154 2041 245 box 31/6
216 151 1443 266 25. ProfessonBernhandi
1140 1895 1479 1987 Fritz Kortner
1905 1897 2266 1992 Paul Hörbiger
1061 1999 2424 2087 Mancher dichterische Einfall, der im Laufe der Zeit in unser
972 2068 2423 2110 Unbewußtes sank, den wir also unserer Meinung und dem Sprach¬
965 2121 2427 2171 gebrauch nach vergessen haben, nimmt weiter an unseren Erleh¬
971 2162 2436 2215 nissen teil, zieht in geheimnisvoller Weise Nahrung aus ihnen und
969 2199 2422 2274 entwickelt sich so ohne unser Dazutun, ohne unser Wissen weiter
969 2235 2431 2303 fort. Und eines Tages mag es geschehen, daß er, wundersam
967 2289 2425 2344 verändert, aus den Tiefen unserer Seele wieder emporsteigt und
967 2342 2429 2391 uns zu mahnen scheint: Nun bin ich endlich zu dem herangereift.
968 2376 2417 2431 wozu ich von Anbeginn bestimmt war: jetzt erst hin ich deiner
973 2413 1396 2472 und meiner wert:
1460 2421 2346 2495 laß uns Beide unser Schicksal erfüllen,
977 2457 1402 2531 schaffe dein Werk.
1049 2561 2432 2630 Jeder Dichter ist Realist und Idealist, Impressionist und
972 2612 2419 2664 Expressonist. Naturalist und Symbolist zugleich. oder er ist über¬
965 2657 2422 2720 haupt keiner. Natürlich überwiegt eine dieser Kunst- und Welt¬
962 2695 2429 2751 anschauungen, je nach Temperament. Anlage, Epoche und Stim¬
967 2749 2418 2816 mung. Aber sobald eine von ihnen so sehr überwiegt, daß die
962 2792 2430 2857 anderen darunter erheblich leiden oder gar eine oder die andere
972 2837 2412 2895 völlig verkümmert, so ist damit schon ein Talent- und Wesens¬
967 2879 1488 2956 mangel ausgesprochen.
1056 2977 2416 3058 Nicht jeder Künstler von Genie hat Humor, aber jeder Künstler
971 3035 2416 3094 von Humor (nicht jeder Spaßmacher) hat Genie. Humor ist der
969 3065 2420 3129 weitere und höhere Begriff. Er ist das eigentliche Genie des
964 3124 2425 3202 Herzens, da Güte wohl ohne Humor, aber Humor niemals ohne
972 3176 1433 3238 Güte bestehen kann.
1046 3265 2421 3335 Wenn ein Stoff in der Seele eines Dichters zu reifen beginnt.
971 3324 2420 3388 so ist dieser Prozeß mit der Aufquellung einer Zelle vergleichbar.
962 3372 2429 3405 deren Wände sich allmählich verdünnen, porös werden und sozu¬
964 3410 2419 3470 sagen tausend. hunderttausend Mäuler bekommen. Alles was einer
970 3458 2421 3502 solchermaßen veränderten Zelle in die Nähe gerät, kann, ja muß
958 3499 2433 3576 ihre Nahrung werden. Ungemäßem verschlicßt sie sich oder
