3392 4256
1647 89 2079 184 box 31/6
280 97 1476 194 25. BrofesBernhand
1074 842 1275 930 .—
729 920 1924 986 ein „ktema es aei“. Nicht eine Momentwirkung, sondern ein
2011 909 3153 982 Kalser, schlagend: Herr Kinderarzt Löwenstein. Vernünftig¬
728 967 874 1035 Besitz.
180 947 297 1030 ER:
1957 982 3175 1063 aufgeregt. Kein Zuviel an Effekt; kein Zuwenig an Wirkung.
780 1011 1933 1094 Darum ist es ein (heut nachzuahmendes, heut erst wieder zu
2502 1034 2588 1096 X.
2747 1035 2794 1108 „
731 1051 1390 1109 eroberndes) deutsches Meisterwerk.
2003 1066 3158 1149 Gelungene Beigestalten sind Maximilian.,Woll, Bohal, Grün¬
171 1020 477 1174 nhardi.
774 1106 1324 1179 Zweckdramatiker — Halali!“
1411 1093 1888 1190 u . A
1954 1112 2631 1181 baum, Hardt, Mamelok, Hans Otto.
1505 1171 1861 1238 #rron1 K V
2006 1169 3166 1221 Der Geistliche bei Stahl-Nachbaur um einen Achtelton zu
176 1162 377 1254 trasse.
776 1204 1420 1271 Barnowskys Leitung bezwingt es.
1960 1212 3151 1299 zweckbewusst. Der Minister bei Paul Otto (sonst hier wohl¬
1950 1266 2854 1335 verwaltet) um einen Achtelton zu norddeutsch.
780 1258 1922 1333 Nur der Schlussakt, mit Halbverzicht und Skepsis, verträgt
724 1291 784 1372 im
790 1299 1575 1360 Ton unterirdisch etwas mehr Nachzittern.
167 1309 690 1366 enwart: jenes heut zu for¬
2494 1311 2606 1387 XI.
785 1350 1921 1416 Nicht ganz eine so helle Heiterkeit. Gestraffteres dafür. Noch
179 1361 618 1409 endenzstück mit Kunst.
1998 1355 2321 1425 Alles in allem:
720 1393 1926 1439 Spannung in der Entspannung.. Es bleibt mit den Finger¬
178 1407 697 1469 hen Zweckschlamperei; zur
2010 1417 3153 1462 Hier ist ein Vorbild für die Gegenwart. Nehmt euch Zeit:
734 1433 1569 1481 spitzen anzufassen. Es geht um Gradstriche.
179 1446 359 1515 umgeht.
1958 1442 3159 1537 Tendenzstücke wertvoller zu machen mit farbiger Fülle, nicht
199 1464 705 1555 aber ein Sachzlel nicht
1257 1490 1369 1553 VI.
1944 1498 2736 1563 mit frühstufig-kargem Zimmermannsblei.
180 1516 695 1597 ische zurückschraubt, aber
771 1529 1917 1601 Schnitzler will den Professor Bernbardi „liebenswürdig“. Er
2003 1551 3161 1630 Kein Rückfall in eure Rückfälle. Lieber in fremdes Dauer¬
188 1575 703 1648 ubt. Kurz: die jetzo die
1961 1576 2428 1651 gut — das ihr fortbildet.
720 1593 1925 1657 betonte das gesprächsweis vor kurzem, als er über die beste
195 1615 698 1699 vorwärtsbringt.. son¬
730 1625 1532 1692 Gestaltung durch Kortner im Zweifel war.
1999 1616 3156 1715 Stärkt euch an gekonnter Vergangenheit — für das Heut. Für
1958 1675 2308 1736 das Uebermorgen.
768 1682 1920 1740 Kortner wird jedoch liebenswürdig hier. Er vergisst keinen
726 1720 1924 1764 Augenblick, dass ja dieser Kämpfer-Arzt in Wien wohnt. Dass
2018 1718 3152 1786 Die Flamme kommt vom Himmel; die Arbeit kommt von euch.
720 1765 1921 1829 dieser Professor ein (zugleich verringerter, zugleich erhöhter)
2837 1774 3141 1855 Alfred Kerr.
726 1814 1925 1875 Dr. Stockmann an der: schönen; gar nicht blauen Donau ist. So
182 1803 689 1879 Tendenzwerk nicht schnee¬
726 1850 1064 1908 stellt er ihn hin.
167 1856 697 1914 arz; die Schafe nicht zur
1992 1840 3159 1941 * Goethe-Woche und -Ausstellung in Daasig. Im Oktober
779 1897 1912 1953 Bestimmt nicht weich. Aber niemals in Fechterpose. Nur
169 1911 697 1972 das Elend nicht schmalzfett.
1950 1919 3159 1983 werden die Stadt Danzig, die Goetbe-Gesellschaft und der
726 1947 1917 2001 von umstandsloser Menschlichkeit erfüllt; ohne Aufhebens; herr¬
176 1951 700 2018 ler einen Gewissenskampf
1939 1954 3162 2025 Deutscho Heimatbund in Danzig im dortigen Franziskaner¬
728 1979 976 2041 Lch einfach.
180 2001 693 2068 ngskampf mit dem Klerus,
1945 2003 3161 2070 Kloster (jetzigen städtischen Museum) eine Ausstellung über
789 2009 1218 2088 Und einfach herrlich.
1954 2044 3158 2110 Goethes Wirken und Wirkungen im gesamten Osten zeigen, so
183 2053 690 2109 mit Gummiwänden durch¬
1269 2058 1371 2129 VII.
179 2086 698 2143 zuletzt einen Halbverzicht
1941 2086 3163 2155 dass der enge geistige Zusammenhang der grössen deutschen
783 2099 1908 2177 Monologische Zufügungen wie, am zweiten Aktschluss, man
169 2134 698 2199 wität?): dieser Arzt, ob Jud
1940 2133 3173 2206 Sprach- und Kulturgebiete Danzigs, Ostpreussens, Polens und des
761 2155 1356 2220 werde sehen“, sind vom. Uebel.
1936 2181 3153 2235 Baltikums mit denen der anderen deutschen Länder ersichtlich
188 2174 706 2242 kein Ideengestell; sondern
782 2210 1912 2276 Selbst wenn Schnitzler die gebilligt; selbst wenn Schnitzler
1950 2220 3163 2289 wird. Es werden Bücher, Handschriften, Drucke, Medaillen und
193 2224 387 2285 l-und-um.
732 2248 1152 2314 sie geschrieben hätte.
1937 2264 3169 2327 Bilder in fünf Abteilungen gezeigt werden. Die Abteilung
779 2296 1050 2363 Hat er
1950 2317 3152 2374 „Gosthe und Danzig“ wird die Beziehungen Goethes zu Arthur
181 2316 695 2404 ein Tendenzgekritzel: son¬
1260 2311 1380 2396 VIII.
1947 2351 3164 2419 Schopenhauer und der Familie Schopenhauer, zu dem Danziger
773 2374 1909 2440 Bressart — der in kennbärer Entwicklung über Beigestalten
1934 2397 3153 2457 Maler Chodowiecky und sonstigen Danziger Persönlichkeiten
187 2401 701 2472 Zwischenglieder; irdische
724 2429 1906 2491 hinauswächst — gibt eine soche. (Den Fachmann für Nerven,
1938 2436 3153 2509 (Falk, Kabrun, Scheeler, Ciliax u. a.) illustrieren. Die zweite
202 2467 691 2528 Stufungen; Halbspuren;
724 2482 1906 2531 Professor Cyprian.) Kauzbafi. Phantastowirklich. Nicht um
1935 2488 3166 2565 Abteilung wird Goethes Beziehungen zu Polen, zum Beispiel zu
208 2512 511 2570 (Dast ist es.)
728 2510 1493 2556 Haaresbreite fern vom leiblichen Leben.
1930 2529 3158 2573 A. Miekiewicz, A. E. Odynice, Maria Szymanowska, Fürst Radzi¬
181 2540 692 2619 die politischen Anlässe zu
765 2548 1918 2620 Kostbar auch Salfner, Bernhardis Freund weissköpfig brau¬
1941 2567 3159 2637 will zeigen. Sein Verhältnis zu Ostpreussen, namentlich zu
187 2599 691 2666 ehn; heut nicht mehr so
725 2609 1920 2681 send. Salfner war ehedem selbst ein Bernhardi — der gut im
1933 2611 3167 2681 Kant, Nikolovius, Hamann, Herder, aber auch zur Marienburg ist
735 2650 1149 2709 Gedächtnis fortleht.
1943 2655 3148 2728 Gegenstand der dritten Abteilung. Die vierte Abteilung beisst
1942 2699 3144 2770 „Goethe und das Baltikum“ sie verdeutlicht die Rolle, die Lenz.
179 2721 692 2807 nstgefühl wie zum Bessern¬
777 2732 1912 2795 Rudolf Platte: völkischer Kandidat, Paul Hörbiger: Hofrat,
1936 2757 3152 2815 und andere Balten in Goethes Leben gespielt haben, und zeigt
729 2786 1918 2834 von lächelndem Schliff und schlampeter Ethik (in diesem öster¬
1945 2802 3168 2830 die Arbeiten der Universität Dorpat über Goethe (Morgenstern
178 2817 690 2879 bwissen und Baugliederung.
723 2832 1912 2884 reichischen Nationaldrama mit umgekehrten Vorzeichen) — beide
1940 2842 3149 2908 u. a.). Auch Goethes Stammbucheintragungen für Balten und
190 2867 691 2926 nur (thukydidelsch ausge¬
722 2869 1919 2930 prachtvoll; der eine durch das Aussenbild; Hörbiger durch
1944 2875 3159 2933 Baltinnen werden ausliegen. Eine fünfte Abteilung heisst „Goethe..
198 2914 696 2969 es to parautika“, sondern
719 2918 1346 2982 Genreton und Bewegungsumriss.
1919 2924 3159 2990 und Siebenbürgen“. Geplant sind ferner Vorlesungen bekannter
2695 3024 2820 3243 0
195 3149 874 3266 SAS
932 3181 1047 3264 A
