3344 4320
122 3406 193 3487 1t
1618 142 2063 238 box 31/1
248 108 1501 261 25. Professe Bernhand
874 539 979 624 991
2060 560 2136 630 9
240 510 3341 731 Schnitzlers' Professor Bernhardi’ pa Dramatiskateater
474 869 918 942 Persgerernmngegennnsghen¬
937 862 1167 939 grseheenen
1005 899 1201 972 R
1967 972 2027 1026 8
989 988 1178 1100 1
386 1005 518 1104 S
2642 1031 2876 1104 Meihenesche
2007 1038 2249 1124 S
923 1082 992 1142 00
1989 1107 2063 1170 8305
2623 1116 2822 1174 Mee etesele
2528 1152 2679 1226 Ge
1709 1167 1785 1242 8450
999 1049 1140 1214 945
3033 1028 3115 1240 à
1704 1209 1768 1275 805
3026 1212 3199 1275 Meeiehtestsher
3034 1251 3143 1299 Mie eeriteg
2528 1246 2707 1324 Msit rer
1546 1244 1721 1312 W
3046 1266 3204 1326 Mresesescheshe
1533 1257 1686 1350 1
3015 1285 3196 1368 Meeene
2648 1316 2717 1359 G
1265 1438 1367 1524 122
1501 1456 1689 1514 S
2889 1478 3020 1543 See
1393 1843 1476 1917 2
1539 1972 1704 2036 IVAN
1538 2019 1807 2101 HEDKVIST
1237 2175 1476 2242 AUGUST
1237 2233 1529 2317 ELINDBERG
2787 2309 3053 2386 ANDERS
2769 2367 3072 2454 DE WAHL
2464 2394 2583 2461 P
2427 2435 2596 2497 Se
217 2553 360 2639 E
993 2564 1331 2651 Sn
230 2721 3325 2826 Arthur Schnitzlers senaste arbete, Ihans karaktärsegendomligheter ut-Tnens representanter till dramats star-företrädare i herrar Personnes och Lan
189 2758 2894 2843 femaktskomedien Professor Bern-Tvecklar sig dramats handling. Ett för-Ihast verkande ögonblick. Hr Lindberg berts gestalter.
185 2804 1777 2891 hardi“, som 1 gär hade sin premiär pälslag en med det klerikala partiet för¬
1764 2840 2572 2912 hade av den gamle vetenskapsmannen
2575 2845 3326 2910 Appläderna vid femte aktens slut bi
187 2862 1779 2943 Dramatiska teatern, är närmast enlbunden kollega, professor Ebenwald,
1772 2891 2564 2963 Cyprians roll format en fast och stil¬
2552 2899 3325 2969 vo flyktigare än man kunde väntat, äv
186 2907 1782 2994 politisk satir, byggd pä den för Os-gör honom, att förbigä en judisk sö-
1767 2936 2560 3006 full figur. Hr Palme fick en appläd
2557 2940 3311 3010 dä man tar tidens snabba flykt m
194 2959 2554 3050 terrike karaktäristiska motsättningen kande till en assistentbefattning och i för öppen ridá för sitt temperament¬
2552 2979 3315 3048 stängningstimmen i betraktande. Mäntr
191 2994 987 3062 mellan det antisemitiskt katolska par¬
987 3017 1776 3078 stället föreslä en annan, mindre me¬
2546 3024 3324 3093 om inte det faktum att slutreplike
1758 3028 2558 3104 fulla försvar i tredje akten för pro¬
195 3037 992 3114 tiet och det liberala. Nägon egentlig
988 3063 1781 3129 riterad, varigenom rik: dagsinterpella¬
2552 3071 3322 3126 stämplar hjälten, professor Bernhard
1767 3083 2552 3157 fessor Bernhardi. Hr Personne hade
199 3099 1000 3155 aktualitet för svensk publik har icke
975 3103 1779 3175 tionen eventuellt skulle kunna inhibe¬
2549 3113 3315 3177 som ’ett stort nöt' hade sin andel?
1764 3134 2561 3199 frän början nägot chargerat sin roll
197 3135 994 3205 själva konflikten i pjäsen, dä värt
984 3158 1773 3215 ras, avvisar han med indignation. Kul¬
2549 3157 3315 3226 publiken, även premjärpubliken tyck
1755 3193 2559 3250 som professor Ebenwald, men höjde
182 3171 1779 3259 lands politik icke är betungad vare sigtusministern, professor Flint, en äre¬
2544 3198 3325 3265 bestämt illa vara attise den hjälte de
1760 3221 2552 3295 sin framställning i tredje akten.
181 3225 1766 3307 med nägon klerikalism eller nägon ju-girig och hal politiker, lovar att
2553 3238 3319 3310 givit sina sympatier och önskat allt go
1764 3275 2549 3349 Hr Ivan Nilsson hade av professor Lö¬
170 3259 1774 3351 defräga. Men stycket har eljest bäde bistä honom, börjar ocksä sitt tal i
2543 3283 3316 3350 ifem akter begyekiad till allra sist. 0
181 3317 981 3385 som konstverk och som österrikisk kul¬
1751 3318 2548 3391 wenstein pä fri hand gjort en pittoresk
2548 3336 3322 3409 den delar nog inte alls författarens up
977 3323 1778 3396 riksdagen med ett varmt försvar, men
178 3362 990 3428 turskildring ocksa
1771 3363 2549 3440 ##ch underhällande figur, som kanske
2550 3371 2999 3440 höft filosofiska blick.
974 3377 1771 3440 11 n sen diet mtdenten fartiebs styr¬
179 3405 986 3472 Det kan stundom — som 1 den senast
967 3422 1771 3478 ka och utsättes för dess hänfulla ar¬
2588 3407 3319 3479 Vid *Vildandens“ senaste repris 1
1756 3414 2568 3482 blott framträdde nägot utom rollens
185 3459 977 3505 pä Intima teatern givna pjäsen In¬
974 3458 1770 3537 brott, faller han av och utlovar en un¬
2548 3461 3314 3522 Dramaten hördes tvä damer uttala so
1766 3464 2548 3536 begränsade ram. Bland övriga upp¬
182 3493 986 3548 termezzo' — läda nägot artificiellt
978 3503 1258 3566 dersökning.
2553 3513 3315 3565 sin uppfattning att 'den pjäsen kom
1760 3512 2537 3587 trädande mä nämnas hrr Lambert, No¬
178 3543 986 3602 vid Schnitzlers rent erotiska dramer,
2543 3550 3317 3617 mer aldrig att gä“. Nägon liknand
1004 3533 1770 3619 Professor Bernhardis medicinska
1767 3565 2548 3647 rée, Johannison, Gösta Hillberg och
180 3586 976 3639 trots all fyndighet och erotisk virtuo¬
2544 3592 3318 3657 profetia kunde ätminstone underteckna
970 3588 1766 3664 krets avspeglar inom sin trüngre sfär
1754 3604 2051 3669 Browallius.
186 3637 979 3690 sitet, som här utvecklas är ämnet för
2550 3638 3300 3688 inte uppsnappa i gür bland publiken.
976 3641 1765 3708 de politiskn partiernas strid och ställ¬
1823 3647 2563 3739 Professor Bernhardi'' torde vara
173 3668 980 3737 honom icke outtömligt. IProfessor
2569 3668 3316 3744 Lätom oss därför hoppas att premiär
970 3687 1766 3755 ning. I tredje akten har direktionen
1760 3685 2542 3786 Schnitzlers hittills mest betydande dra¬
180 3725 973 3787 Bernhardi' finns icke ett spär av ero¬
2543 3714 3317 3780 publikens hälning var utslagsgivande
969 3732 1766 3795 för Bernhardis klinik ett stormigt sam¬
1756 3751 2351 3831 ma. Den förtjänar att ses.
2527 3753 3320 3833 utt vi sà smäningom fü frukten av det
176 3764 980 3833 tik och den enda kvinnliga uppträdan¬
960 3769 1776 3845 manträde. Professorerna Ebenwald
2361 3792 2512 3878 J. L.
2535 3800 3320 3878 ta läkardramas framgäng inom vär ege
178 3814 986 3873 de ür en sjukskôterska. Men i stäl¬
964 3823 1788 3886 och Filitz representera det klerikala
2534 3842 3319 3902 dramatik i ett svenskt original, t. e
183 3856 972 3929 let äger detta drama, som vör sig med
966 3865 1762 3935 partiet, Cyprian, Pflugfelder och Lö¬
2548 3884 3325 3972 Serafimerlasarettet“, drama i fem al
171 3898 979 3965 handgripliga maktfaktorer och sam¬
1985 3860 2312 3978 Mellanakt.
969 3893 1781 3982 wenstein det upplysta frisinnet pä
2535 3932 2991 4013 ter ar Nils Erdmann.
164 3937 976 4009 mansatta prohlem, en fast verklighets¬
964 3956 1768 4038 Bernhardis sida och slutligen d:r
1785 3959 2552 4047 Alla premiärer ha sin ofóränderliga
3075 3967 3298 4052 Devinez.
171 3993 968 4053 basis och utmärker sig för en logisk
964 4003 1753 4071 Schreimann, den omvände och ka¬
1751 4004 2546 4084 stamtrupp, men för övrigt växlar publi¬
177 4039 736 4100 och otvungen gestaltning.
949 4032 1757 4121 Traktärslose juden, som antagit na¬
1753 4053 2553 4132 kens karaktär ganska väsentligt alltef¬
204 4067 2546 4156 Schnitzler, som själv varit läkare. Itional-tyska maner vändler sig mot##ter teaterns rang och framter ablt del
