<?xml version="1.0" encoding="UTF-8" standalone="yes"?>
<PcGts xmlns="http://schema.primaresearch.org/PAGE/gts/pagecontent/2013-07-15" xmlns:xsi="http://www.w3.org/2001/XMLSchema-instance" xsi:schemaLocation="http://schema.primaresearch.org/PAGE/gts/pagecontent/2013-07-15 http://schema.primaresearch.org/PAGE/gts/pagecontent/2013-07-15/pagecontent.xsd">
    <Metadata>
        <Creator>prov=University of Rostock/Institute of Mathematics/CITlab/Gundram Leifert/gundram.leifert@uni-rostock.de:name=ONB_Newseye_GT_M1+(htr_id=10810)::::v=2.4.2
prov=University of Rostock/Institute of Mathematics/CITlab/Tobias Gruening/tobias.gruening@uni-rostock.de:name=de.uros.citlab.module.baseline2polygon.B2PSeamMultiOriented:v=2.4.2
prov=University of Rostock/Institute of Mathematics/CITlab/Tobias Gruening/tobias.gruening@uni-rostock.de:name=/mnt/transkribus/LA/DEA/URO/LA_news_onb_att.pb:de.uros.citlab.segmentation.CITlab_LA_ML:v=2.4.2
Transkribus</Creator>
        <Created>2019-10-07T11:13:33.576+02:00</Created>
        <LastChange>2019-10-08T01:38:55.556+02:00</LastChange>
        <TranskribusMetadata docId="223963" pageId="9496370" pageNr="370" tsid="16495509" status="IN_PROGRESS" userId="40391" imgUrl="https://files.transkribus.eu/Get?id=DHUYBZKRCUOMOREJWKOBHIQZ&amp;fileType=view" xmlUrl="https://files.transkribus.eu/Get?id=WXPNTIDDOJYKRMUNNRUUAUGR" imageId="6186597"/>
    </Metadata>
    <Page imageFilename="223963_0370.jpeg" imageWidth="3392" imageHeight="4320">
        <ReadingOrder>
            <OrderedGroup id="ro_1711442553057" caption="Regions reading order">
                <RegionRefIndexed index="0" regionRef="r1"/>
            </OrderedGroup>
        </ReadingOrder>
        <TextRegion orientation="0.0" id="r1" custom="readingOrder {index:0;}">
            <Coords points="510,109 510,4197 3367,4197 3367,109"/>
            <TextLine id="r1l1" custom="readingOrder {index:0;}">
                <Coords points="566,143 1364,169 1365,103 567,102"/>
                <Baseline points="578,133 616,135 655,137 694,138 733,139 772,140 810,141 849,142 888,142 927,143 966,144 1004,145 1043,145 1082,145 1121,146 1160,147 1198,147 1237,148 1276,149 1315,150 1354,151"/>
                <TextEquiv>
                    <Unicode></Unicode>
                </TextEquiv>
            </TextLine>
            <TextLine id="r1l2" custom="readingOrder {index:1;}">
                <Coords points="1369,169 1995,185 2033,163 2097,183 2178,151 2178,106 2118,91 2010,136 1883,142 1369,127"/>
                <Baseline points="1380,158 1419,158 1458,158 1497,158 1537,158 1576,158 1615,158 1655,158 1694,158 1733,158 1773,158 1812,159 1851,159 1890,159 1930,159 1969,159 2008,159 2048,159 2087,158 2126,158 2166,158"/>
                <TextEquiv>
                    <Unicode>der dl viagn scener, som anner </Unicode>
                </TextEquiv>
            </TextLine>
            <TextLine id="r1l3" custom="readingOrder {index:2;}">
                <Coords points="542,180 709,207 1363,215 1347,162 543,138"/>
                <Baseline points="552,188 592,188 632,189 672,190 712,190 752,191 792,192 832,193 872,193 912,194 952,195 992,196 1032,197 1072,197 1112,198 1152,199 1192,200 1232,200 1272,201 1312,202 1352,203"/>
                <TextEquiv>
                    <Unicode>Thet, om djupa reserver som finnas men</Unicode>
                </TextEquiv>
            </TextLine>
            <TextLine id="r1l4" custom="readingOrder {index:3;}">
                <Coords points="1372,224 2172,220 2172,181 2138,171 1372,173"/>
                <Baseline points="1383,209 1424,210 1465,211 1506,211 1547,212 1588,212 1629,212 1670,212 1711,212 1752,213 1793,212 1834,212 1875,212 1916,212 1957,211 1998,211 2039,210 2080,209 2121,208 2162,207"/>
                <TextEquiv>
                    <Unicode>bli Hite för allmänna i sin ton. Där är</Unicode>
                </TextEquiv>
            </TextLine>
            <TextLine id="r1l5" custom="readingOrder {index:4;}">
                <Coords points="542,232 1356,272 1357,221 611,207 543,181"/>
                <Baseline points="552,235 591,237 631,238 670,240 710,241 750,242 789,244 829,244 869,246 908,247 948,248 988,249 1027,250 1067,250 1107,251 1146,252 1186,253 1226,254 1265,254 1305,255 1345,256"/>
                <TextEquiv>
                    <Unicode>inte komma i dagen. Pä samma gäng</Unicode>
                </TextEquiv>
            </TextLine>
            <TextLine id="r1l6" custom="readingOrder {index:5;}">
                <Coords points="1370,271 2109,283 2172,264 2172,222 1370,227"/>
                <Baseline points="1381,258 1420,259 1459,260 1498,261 1537,262 1576,262 1615,263 1654,264 1693,264 1732,264 1771,265 1810,265 1849,265 1888,265 1927,265 1966,264 2005,264 2044,263 2083,263 2122,262 2162,261"/>
                <TextEquiv>
                    <Unicode>vidare den världsfrämmande och kuriöse</Unicode>
                </TextEquiv>
            </TextLine>
            <TextLine id="r1l7" custom="readingOrder {index:6;}">
                <Coords points="561,310 1081,302 1308,330 1363,310 1364,272 562,257"/>
                <Baseline points="572,284 611,286 650,288 689,290 728,292 767,293 806,295 845,295 884,297 923,297 962,298 1001,299 1040,299 1079,300 1118,301 1157,302 1196,303 1235,304 1274,305 1313,306 1352,308"/>
                <TextEquiv>
                    <Unicode>den allra riktigaste känsla hos skädespe¬</Unicode>
                </TextEquiv>
            </TextLine>
            <TextLine id="r1l8" custom="readingOrder {index:7;}">
                <Coords points="1358,339 1492,316 2135,334 2175,306 2175,264 1935,289 1358,280"/>
                <Baseline points="1369,315 1408,315 1448,315 1488,315 1528,315 1568,315 1607,315 1647,315 1687,315 1727,315 1767,315 1806,316 1846,316 1886,316 1926,316 1966,316 2005,316 2045,316 2085,316 2125,315 2165,315"/>
                <TextEquiv>
                    <Unicode>professor Pflugfelden (August Palme)</Unicode>
                </TextEquiv>
            </TextLine>
            <TextLine id="r1l9" custom="readingOrder {index:8;}">
                <Coords points="555,337 822,370 1069,350 1361,375 1362,331 1261,313 556,318"/>
                <Baseline points="566,339 605,341 644,342 683,344 722,345 762,346 801,347 840,347 879,348 918,349 958,349 997,350 1036,350 1075,351 1114,352 1154,353 1193,354 1232,355 1271,356 1310,357 1350,359"/>
                <TextEquiv>
                    <Unicode>ren för personens plats i dramat. Bern¬</Unicode>
                </TextEquiv>
            </TextLine>
            <TextLine id="r1l10" custom="readingOrder {index:9;}">
                <Coords points="1366,371 1832,396 2181,380 2181,329 1366,324"/>
                <Baseline points="1376,362 1415,364 1455,365 1495,366 1534,367 1574,367 1614,368 1653,368 1693,369 1733,369 1773,369 1812,369 1852,369 1892,369 1931,369 1971,369 2011,370 2050,370 2090,371 2130,372 2170,373"/>
                <TextEquiv>
                    <Unicode>med en nägot fantastisk härrikedom men</Unicode>
                </TextEquiv>
            </TextLine>
            <TextLine id="r1l11" custom="readingOrder {index:10;}">
                <Coords points="552,394 1332,429 1353,374 856,355 801,375 553,344"/>
                <Baseline points="562,391 603,393 644,394 685,396 726,397 767,398 808,399 849,400 890,400 931,401 972,402 1013,402 1054,403 1095,404 1136,405 1177,406 1218,407 1259,408 1300,410 1341,411"/>
                <TextEquiv>
                    <Unicode>hardi är visserligen centrum men ingen</Unicode>
                </TextEquiv>
            </TextLine>
            <TextLine id="r1l12" custom="readingOrder {index:11;}">
                <Coords points="1369,436 2178,443 2179,382 1370,374"/>
                <Baseline points="1381,414 1420,414 1459,414 1499,415 1538,415 1577,416 1617,416 1656,417 1695,418 1735,418 1774,419 1813,419 1853,420 1892,420 1931,421 1971,421 2010,422 2049,423 2089,424 2128,424 2168,425"/>
                <TextEquiv>
                    <Unicode>i sin naiva hjärtlighet och frispräkighet</Unicode>
                </TextEquiv>
            </TextLine>
            <TextLine id="r1l13" custom="readingOrder {index:12;}">
                <Coords points="562,464 1351,480 1352,429 1317,419 563,413"/>
                <Baseline points="572,443 610,444 648,445 687,447 725,448 764,449 802,450 840,451 879,452 917,453 956,453 994,454 1032,455 1071,456 1109,457 1148,458 1186,459 1224,460 1263,461 1301,462 1340,463"/>
                <TextEquiv>
                    <Unicode>märkvärdighet i sig; han har inte Stock¬</Unicode>
                </TextEquiv>
            </TextLine>
            <TextLine id="r1l14" custom="readingOrder {index:13;}">
                <Coords points="1360,480 1611,471 1664,493 1740,468 1808,495 2052,494 2143,487 2172,443 1361,429"/>
                <Baseline points="1370,467 1409,467 1449,467 1488,467 1528,467 1567,468 1607,468 1646,469 1686,470 1725,471 1765,471 1804,472 1844,473 1883,473 1923,474 1962,475 2002,475 2041,475 2081,476 2120,476 2160,475"/>
                <TextEquiv>
                    <Unicode>en lefvande figur. Slutligen som bjärt</Unicode>
                </TextEquiv>
            </TextLine>
            <TextLine id="r1l15" custom="readingOrder {index:14;}">
                <Coords points="543,492 589,516 1124,515 1309,540 1354,520 1355,480 544,449"/>
                <Baseline points="554,497 593,499 633,500 672,501 712,502 751,503 791,504 830,505 870,506 909,506 949,507 988,507 1028,508 1067,509 1107,509 1146,510 1186,512 1225,513 1265,514 1304,516 1344,517"/>
                <TextEquiv>
                    <Unicode>manns vitalitet, barnahumor och rörlig¬</Unicode>
                </TextEquiv>
            </TextLine>
            <TextLine id="r1l16" custom="readingOrder {index:15;}">
                <Coords points="1361,540 2094,533 2178,554 2180,467 2113,502 1362,480"/>
                <Baseline points="1373,519 1412,519 1452,519 1492,520 1532,520 1571,520 1611,521 1651,522 1691,522 1730,523 1770,524 1810,524 1850,525 1889,526 1929,527 1969,527 2009,528 2048,528 2088,528 2128,528 2168,529"/>
                <TextEquiv>
                    <Unicode>kontrast professor Ebenwald (Nils Per¬</Unicode>
                </TextEquiv>
            </TextLine>
            <TextLine id="r1l17" custom="readingOrder {index:16;}">
                <Coords points="540,574 2164,605 2165,535 632,531 542,491"/>
                <Baseline points="552,553 632,554 712,555 792,557 872,559 952,560 1032,562 1112,564 1192,566 1272,568 1353,570 1433,572 1513,574 1593,575 1673,577 1753,578 1833,580 1913,581 1993,581 2073,582 2154,583"/>
                <TextEquiv>
                    <Unicode>het, inga agitatoriska afsikter; men isonne) falsk och fräck, lysten pä infly¬</Unicode>
                </TextEquiv>
            </TextLine>
            <TextLine id="r1l18" custom="readingOrder {index:17;}">
                <Coords points="545,606 2171,646 2157,594 546,576"/>
                <Baseline points="557,608 637,609 717,611 797,612 877,613 957,615 1037,616 1118,618 1198,620 1278,621 1358,623 1438,624 1518,626 1598,627 1679,629 1759,630 1839,631 1919,632 1999,633 2079,634 2160,635"/>
                <TextEquiv>
                    <Unicode>stället pä djupet en viss tro pä en ab-tande och pä hämnd, en af dessa figurer</Unicode>
                </TextEquiv>
            </TextLine>
            <TextLine id="r1l19" custom="readingOrder {index:18;}">
                <Coords points="547,677 1224,680 1349,702 1350,641 1317,631 548,626"/>
                <Baseline points="559,659 598,661 637,662 676,662 715,663 754,665 793,665 832,666 871,667 910,668 949,668 988,669 1027,670 1066,671 1105,672 1144,673 1183,674 1222,675 1261,676 1300,677 1339,679"/>
                <TextEquiv>
                    <Unicode>strakt sannings segerkraft, egendomligt</Unicode>
                </TextEquiv>
            </TextLine>
            <TextLine id="r1l20" custom="readingOrder {index:19;}">
                <Coords points="1367,700 1821,681 2169,714 2170,646 1367,647"/>
                <Baseline points="1377,679 1416,679 1455,680 1494,680 1533,680 1572,680 1611,681 1650,681 1689,681 1728,682 1767,682 1806,682 1845,683 1884,683 1923,683 1962,684 2001,684 2040,685 2079,685 2118,686 2158,687"/>
                <TextEquiv>
                    <Unicode>som man inte riktigt tror pä — när</Unicode>
                </TextEquiv>
            </TextLine>
            <TextLine id="r1l21" custom="readingOrder {index:20;}">
                <Coords points="547,730 1345,739 1345,703 1225,681 548,677"/>
                <Baseline points="557,712 595,713 634,714 673,715 712,716 751,717 790,718 829,719 868,720 907,720 946,721 984,722 1023,723 1062,723 1101,724 1140,725 1179,726 1218,727 1257,728 1296,729 1335,730"/>
                <TextEquiv>
                    <Unicode>förmäld med förakt för människohopens</Unicode>
                </TextEquiv>
            </TextLine>
            <TextLine id="r1l22" custom="readingOrder {index:21;}">
                <Coords points="1356,749 1865,735 1901,759 2120,750 2171,773 2171,714 2139,703 1356,692"/>
                <Baseline points="1367,733 1406,734 1446,735 1486,735 1525,735 1565,736 1605,736 1644,736 1684,736 1724,736 1764,736 1803,736 1843,736 1883,736 1922,736 1962,736 2002,737 2041,738 2081,739 2121,740 2161,742"/>
                <TextEquiv>
                    <Unicode>man ser dem pä scenen! Hr Personnes</Unicode>
                </TextEquiv>
            </TextLine>
            <TextLine id="r1l23" custom="readingOrder {index:22;}">
                <Coords points="545,781 1343,796 1344,739 546,726"/>
                <Baseline points="557,768 595,769 634,770 673,771 712,772 751,772 789,773 828,773 867,774 906,774 945,775 983,775 1022,776 1061,776 1100,777 1139,778 1177,780 1216,781 1255,782 1294,784 1333,786"/>
                <TextEquiv>
                    <Unicode>feghet och lumpenhet. Han är männi¬</Unicode>
                </TextEquiv>
            </TextLine>
            <TextLine id="r1l24" custom="readingOrder {index:23;}">
                <Coords points="1350,791 2152,819 2138,759 1351,751"/>
                <Baseline points="1361,788 1400,788 1439,788 1478,788 1517,788 1556,788 1595,788 1634,788 1673,788 1712,788 1751,788 1790,788 1829,788 1868,789 1907,789 1946,790 1985,791 2024,792 2063,793 2102,794 2142,796"/>
                <TextEquiv>
                    <Unicode>spel verkade i början för starkt färg¬</Unicode>
                </TextEquiv>
            </TextLine>
            <TextLine id="r1l25" custom="readingOrder {index:24;}">
                <Coords points="533,843 979,831 1303,857 1350,841 1351,796 665,791 534,767"/>
                <Baseline points="544,822 583,823 623,823 663,824 703,825 742,825 782,826 822,827 862,827 901,828 941,829 981,830 1021,831 1060,832 1100,833 1140,833 1180,835 1219,835 1259,836 1299,837 1339,838"/>
                <TextEquiv>
                    <Unicode>skokännare, men, som författarens spräk¬</Unicode>
                </TextEquiv>
            </TextLine>
            <TextLine id="r1l26" custom="readingOrder {index:25;}">
                <Coords points="1360,849 2054,868 2153,856 2154,818 1982,795 1897,818 1360,796"/>
                <Baseline points="1371,840 1409,841 1448,842 1486,843 1525,843 1564,844 1602,844 1641,844 1679,844 1718,844 1757,843 1795,843 1834,843 1872,843 1911,844 1950,844 1988,844 2027,845 2065,846 2104,848 2143,850"/>
                <TextEquiv>
                    <Unicode>lagdt, men ju mera mannens hänsyns¬</Unicode>
                </TextEquiv>
            </TextLine>
            <TextLine id="r1l27" custom="readingOrder {index:26;}">
                <Coords points="542,879 746,903 922,879 979,908 1075,891 1134,912 1347,897 1347,861 1295,847 1169,842 1139,865 1076,838 543,845"/>
                <Baseline points="553,873 592,874 631,876 670,877 709,878 748,879 787,880 826,881 865,881 904,882 944,883 983,884 1022,885 1061,885 1100,886 1139,887 1178,888 1217,889 1256,890 1295,892 1335,893"/>
                <TextEquiv>
                    <Unicode>rör i sista akten framhäller, han kan</Unicode>
                </TextEquiv>
            </TextLine>
            <TextLine id="r1l28" custom="readingOrder {index:27;}">
                <Coords points="1362,900 2162,918 2163,833 2091,875 1363,849"/>
                <Baseline points="1373,892 1411,893 1450,893 1489,893 1528,893 1567,894 1606,894 1645,894 1684,894 1723,894 1762,895 1800,895 1839,895 1878,896 1917,897 1956,898 1995,898 2034,899 2073,901 2112,902 2151,904"/>
                <TextEquiv>
                    <Unicode>lösa fräckhet uppenbaras under styckets</Unicode>
                </TextEquiv>
            </TextLine>
            <TextLine id="r1l29" custom="readingOrder {index:28;}">
                <Coords points="535,940 1348,956 1348,905 1325,900 712,903 536,866"/>
                <Baseline points="546,932 585,933 625,933 664,934 704,934 744,935 783,935 823,936 862,936 902,937 942,937 981,937 1021,938 1060,939 1100,939 1140,940 1179,941 1219,943 1258,943 1298,945 1338,947"/>
                <TextEquiv>
                    <Unicode>egentligen inte handtera dem och är för</Unicode>
                </TextEquiv>
            </TextLine>
            <TextLine id="r1l30" custom="readingOrder {index:29;}">
                <Coords points="1351,958 2093,979 2164,941 2164,918 2064,906 1983,925 1351,902"/>
                <Baseline points="1362,946 1401,946 1441,947 1480,947 1520,947 1559,947 1599,948 1638,948 1678,948 1717,948 1757,948 1796,949 1836,949 1875,949 1915,949 1954,950 1994,951 2033,951 2073,952 2112,953 2152,953"/>
                <TextEquiv>
                    <Unicode>gäng, desto bättre sammanfalla förfat¬</Unicode>
                </TextEquiv>
            </TextLine>
            <TextLine id="r1l31" custom="readingOrder {index:30;}">
                <Coords points="552,995 1345,1018 1346,961 1315,954 553,942"/>
                <Baseline points="562,981 600,982 639,983 678,984 716,985 755,986 794,987 832,988 871,989 910,990 949,991 987,992 1026,992 1065,993 1103,994 1142,995 1181,995 1219,996 1258,996 1297,997 1336,997"/>
                <TextEquiv>
                    <Unicode>normal praktisk uppfattning ’ett stort</Unicode>
                </TextEquiv>
            </TextLine>
            <TextLine id="r1l32" custom="readingOrder {index:31;}">
                <Coords points="1351,1002 1605,1027 1631,1006 1686,1026 1964,1013 2017,1035 2127,1022 2128,973 1351,964"/>
                <Baseline points="1362,995 1399,996 1437,996 1475,997 1512,998 1550,998 1588,999 1625,999 1663,1000 1701,1000 1739,1001 1776,1001 1814,1002 1852,1002 1889,1002 1927,1003 1965,1004 2002,1004 2040,1005 2078,1006 2116,1007"/>
                <TextEquiv>
                    <Unicode>tarens och skädespelarens intentioner.</Unicode>
                </TextEquiv>
            </TextLine>
            <TextLine id="r1l33" custom="readingOrder {index:32;}">
                <Coords points="538,1041 962,1068 1075,1051 1159,1074 1350,1066 1351,1019 780,1011 539,978"/>
                <Baseline points="548,1035 587,1036 627,1037 666,1038 706,1039 746,1040 785,1041 825,1042 864,1043 904,1044 944,1045 983,1046 1023,1047 1062,1048 1102,1049 1142,1049 1181,1050 1221,1050 1260,1051 1300,1051 1340,1051"/>
                <TextEquiv>
                    <Unicode>nöt'. Han skulle nog vilja dirigera hän¬</Unicode>
                </TextEquiv>
            </TextLine>
            <TextLine id="r1l34" custom="readingOrder {index:33;}">
                <Coords points="1375,1060 1432,1083 2054,1071 2166,1097 2167,1041 2115,1019 1940,1038 1743,1013 1632,1041 1599,1019 1516,1037 1376,1016"/>
                <Baseline points="1385,1058 1423,1059 1462,1059 1500,1060 1539,1061 1577,1062 1616,1063 1654,1063 1693,1064 1731,1064 1770,1065 1809,1065 1847,1066 1886,1067 1924,1067 1963,1068 2001,1068 2040,1069 2078,1070 2117,1070 2156,1071"/>
                <TextEquiv>
                    <Unicode>Hela detta galleri skänker färg och</Unicode>
                </TextEquiv>
            </TextLine>
            <TextLine id="r1l35" custom="readingOrder {index:34;}">
                <Coords points="544,1100 1344,1123 1339,1063 545,1049"/>
                <Baseline points="555,1089 596,1089 637,1091 678,1091 719,1092 760,1094 801,1095 842,1096 883,1098 924,1099 965,1100 1006,1102 1047,1102 1088,1104 1129,1105 1170,1105 1211,1106 1252,1107 1293,1107 1334,1107"/>
                <TextEquiv>
                    <Unicode>delserna men är för mycket aristokrat</Unicode>
                </TextEquiv>
            </TextLine>
            <TextLine id="r1l36" custom="readingOrder {index:35;}">
                <Coords points="1357,1120 2150,1140 2151,1077 1431,1083 1357,1056"/>
                <Baseline points="1367,1115 1405,1115 1444,1115 1482,1115 1521,1116 1560,1116 1598,1117 1637,1117 1676,1118 1714,1119 1753,1120 1792,1120 1830,1121 1869,1122 1908,1123 1946,1123 1985,1124 2024,1124 2062,1124 2101,1124 2140,1124"/>
                <TextEquiv>
                    <Unicode>omväxling ät de väsentliga uppträdena</Unicode>
                </TextEquiv>
            </TextLine>
            <TextLine id="r1l37" custom="readingOrder {index:36;}">
                <Coords points="533,1150 588,1172 635,1148 832,1173 1072,1155 1318,1186 1341,1184 1343,1125 583,1110 535,1080"/>
                <Baseline points="544,1143 583,1145 622,1147 662,1148 701,1149 740,1151 780,1152 819,1153 858,1154 898,1155 937,1155 976,1156 1016,1157 1055,1157 1094,1158 1134,1159 1173,1159 1212,1160 1252,1161 1291,1161 1331,1162"/>
                <TextEquiv>
                    <Unicode>och för mycket skeptiker till att gripa</Unicode>
                </TextEquiv>
            </TextLine>
            <TextLine id="r1l38" custom="readingOrder {index:37;}">
                <Coords points="1347,1179 2128,1191 2156,1183 2157,1119 1987,1144 1348,1141"/>
                <Baseline points="1359,1168 1398,1168 1437,1169 1477,1169 1516,1169 1555,1170 1595,1170 1634,1170 1673,1171 1713,1172 1752,1172 1791,1173 1831,1174 1870,1174 1909,1175 1949,1176 1988,1176 2027,1177 2067,1178 2106,1179 2146,1179"/>
                <TextEquiv>
                    <Unicode>som finnas i de samtal Bernhardi för</Unicode>
                </TextEquiv>
            </TextLine>
            <TextLine id="r1l39" custom="readingOrder {index:38;}">
                <Coords points="545,1217 609,1202 652,1214 694,1204 766,1219 787,1211 798,1221 838,1210 893,1224 921,1214 922,1161 835,1174 778,1161 742,1169 721,1154 697,1168 678,1157 595,1172 547,1158"/>
                <Baseline points="556,1197 581,1197 606,1197 631,1197 657,1198 682,1198 707,1199 733,1200 758,1201 783,1202 808,1202 834,1203 859,1204 884,1204 910,1203"/>
                <TextEquiv>
                    <Unicode>in med fast hand.</Unicode>
                </TextEquiv>
            </TextLine>
            <TextLine id="r1l40" custom="readingOrder {index:39;}">
                <Coords points="1346,1240 1745,1246 1796,1223 2141,1250 2163,1246 2164,1180 1909,1204 1691,1171 1654,1198 1584,1173 1346,1184"/>
                <Baseline points="1356,1221 1395,1222 1435,1223 1475,1223 1515,1223 1555,1224 1594,1224 1634,1224 1674,1224 1714,1225 1754,1225 1793,1225 1833,1226 1873,1226 1913,1227 1953,1228 1992,1229 2032,1231 2072,1233 2112,1235 2152,1238"/>
                <TextEquiv>
                    <Unicode>med ministern Flint (Ivan Hedqvist),</Unicode>
                </TextEquiv>
            </TextLine>
            <TextLine id="r1l41" custom="readingOrder {index:40;}">
                <Coords points="569,1255 664,1279 930,1256 963,1278 1051,1260 1331,1276 1332,1216 1286,1209 1207,1230 987,1195 884,1225 570,1213"/>
                <Baseline points="579,1248 616,1251 653,1253 690,1255 727,1257 764,1258 801,1259 838,1260 875,1260 912,1261 950,1261 987,1262 1024,1262 1061,1263 1098,1263 1135,1264 1172,1265 1209,1266 1246,1268 1283,1269 1321,1272"/>
                <TextEquiv>
                    <Unicode>Hillberg betonar detta litet längsam¬</Unicode>
                </TextEquiv>
            </TextLine>
            <TextLine id="r1l42" custom="readingOrder {index:41;}">
                <Coords points="1346,1291 1803,1297 1837,1276 2002,1309 2155,1281 2136,1236 1347,1235"/>
                <Baseline points="1357,1276 1396,1276 1435,1277 1475,1277 1514,1277 1553,1277 1593,1278 1632,1278 1671,1278 1711,1278 1750,1278 1789,1278 1829,1279 1868,1279 1907,1279 1947,1280 1986,1281 2025,1282 2065,1283 2104,1284 2144,1285"/>
                <TextEquiv>
                    <Unicode>med prästen (Anders de Wahl) och med</Unicode>
                </TextEquiv>
            </TextLine>
            <TextLine id="r1l43" custom="readingOrder {index:42;}">
                <Coords points="530,1311 1336,1335 1322,1275 1197,1289 1049,1261 921,1290 860,1265 664,1280 593,1255 531,1277"/>
                <Baseline points="540,1308 579,1308 618,1308 657,1309 697,1309 736,1310 775,1310 815,1311 854,1312 893,1313 933,1313 972,1314 1011,1315 1050,1316 1090,1317 1129,1318 1168,1320 1208,1321 1247,1322 1286,1323 1326,1325"/>
                <TextEquiv>
                    <Unicode>ma, reflekterande i Bernhardis väsen;</Unicode>
                </TextEquiv>
            </TextLine>
            <TextLine id="r1l44" custom="readingOrder {index:43;}">
                <Coords points="1351,1341 2098,1353 2151,1344 2152,1284 2001,1309 1352,1288"/>
                <Baseline points="1361,1328 1402,1328 1443,1328 1484,1329 1525,1329 1566,1330 1607,1331 1648,1331 1689,1332 1730,1333 1771,1334 1812,1335 1853,1335 1894,1336 1935,1337 1976,1338 2017,1338 2058,1338 2099,1339 2140,1339"/>
                <TextEquiv>
                    <Unicode>hofrädet (Gösta Hillberg). Hans lug¬</Unicode>
                </TextEquiv>
            </TextLine>
            <TextLine id="r1l45" custom="readingOrder {index:44;}">
                <Coords points="532,1380 687,1361 799,1395 946,1370 1289,1398 1330,1382 1331,1342 930,1321 859,1343 783,1316 713,1336 533,1309"/>
                <Baseline points="542,1364 580,1364 619,1364 658,1364 697,1365 736,1365 775,1366 814,1366 853,1367 892,1368 931,1368 969,1370 1008,1370 1047,1371 1086,1372 1125,1373 1164,1374 1203,1375 1242,1376 1281,1377 1320,1378"/>
                <TextEquiv>
                    <Unicode>det är en man som kan säga en kvick¬</Unicode>
                </TextEquiv>
            </TextLine>
            <TextLine id="r1l46" custom="readingOrder {index:45;}">
                <Coords points="1335,1404 2053,1408 2159,1379 2159,1345 2049,1363 1402,1339 1336,1366"/>
                <Baseline points="1347,1384 1387,1383 1427,1383 1467,1383 1507,1382 1547,1382 1587,1383 1627,1383 1667,1384 1707,1384 1748,1385 1788,1385 1828,1386 1868,1387 1908,1387 1948,1388 1988,1388 2028,1389 2068,1389 2108,1390 2149,1390"/>
                <TextEquiv>
                    <Unicode>na öfverlägsenhet och fullständigt opo¬</Unicode>
                </TextEquiv>
            </TextLine>
            <TextLine id="r1l47" custom="readingOrder {index:46;}">
                <Coords points="536,1424 1336,1448 1336,1401 1273,1387 537,1371"/>
                <Baseline points="546,1417 585,1418 624,1419 663,1420 702,1421 741,1422 780,1423 819,1423 858,1424 897,1424 936,1424 975,1425 1014,1425 1053,1426 1092,1426 1131,1427 1170,1428 1209,1429 1248,1429 1287,1430 1326,1431"/>
                <TextEquiv>
                    <Unicode>het, fälla en skarp replik men mera un¬</Unicode>
                </TextEquiv>
            </TextLine>
            <TextLine id="r1l48" custom="readingOrder {index:47;}">
                <Coords points="1341,1439 1776,1466 1922,1444 1975,1470 2156,1438 2156,1379 2075,1406 1797,1414 1702,1389 1341,1392"/>
                <Baseline points="1351,1436 1390,1436 1430,1436 1470,1436 1509,1437 1549,1437 1589,1437 1628,1438 1668,1438 1708,1439 1748,1439 1787,1440 1827,1440 1867,1441 1906,1441 1946,1441 1986,1442 2025,1442 2065,1442 2105,1442 2145,1441"/>
                <TextEquiv>
                    <Unicode>litiska jämvikt bringar demur jämvik¬</Unicode>
                </TextEquiv>
            </TextLine>
            <TextLine id="r1l49" custom="readingOrder {index:48;}">
                <Coords points="528,1463 604,1486 1341,1507 1342,1452 1318,1441 529,1425"/>
                <Baseline points="538,1470 577,1471 617,1472 656,1473 696,1474 736,1475 775,1475 815,1476 854,1477 894,1478 934,1479 973,1479 1013,1480 1052,1481 1092,1481 1132,1482 1171,1482 1211,1483 1250,1483 1290,1483 1330,1484"/>
                <TextEquiv>
                    <Unicode>dantagsvis; i regeln smäler han, lyssnar</Unicode>
                </TextEquiv>
            </TextLine>
            <TextLine id="r1l50" custom="readingOrder {index:49;}">
                <Coords points="1347,1500 2143,1515 2144,1464 1348,1442"/>
                <Baseline points="1359,1490 1397,1490 1436,1490 1474,1490 1513,1490 1552,1490 1590,1491 1629,1491 1668,1492 1706,1493 1745,1493 1784,1494 1822,1495 1861,1496 1900,1496 1938,1497 1977,1497 2016,1497 2054,1497 2093,1496 2132,1495"/>
                <TextEquiv>
                    <Unicode>ten eller förmär dem att blotta sina in¬</Unicode>
                </TextEquiv>
            </TextLine>
            <TextLine id="r1l51" custom="readingOrder {index:50;}">
                <Coords points="532,1519 2157,1587 2159,1517 533,1464"/>
                <Baseline points="542,1523 622,1525 702,1526 782,1528 863,1529 943,1531 1023,1533 1103,1535 1184,1536 1264,1538 1344,1540 1424,1541 1505,1543 1585,1545 1665,1546 1745,1547 1826,1548 1906,1549 1986,1550 2066,1550 2147,1550"/>
                <TextEquiv>
                    <Unicode>och stryker öfver det passerade med en Inersta tankar. Den opportunistiske po¬</Unicode>
                </TextEquiv>
            </TextLine>
            <TextLine id="r1l52" custom="readingOrder {index:51;}">
                <Coords points="539,1592 2163,1603 2098,1559 540,1534"/>
                <Baseline points="551,1577 631,1578 711,1580 791,1581 871,1583 951,1585 1031,1586 1111,1588 1191,1590 1271,1592 1351,1594 1431,1595 1511,1597 1591,1598 1671,1600 1751,1601 1831,1602 1911,1603 1991,1603 2071,1604 2152,1604"/>
                <TextEquiv>
                    <Unicode>halft road, halft trött gest. Betecknan-litikern förräder sin mani att använda</Unicode>
                </TextEquiv>
            </TextLine>
            <TextLine id="r1l53" custom="readingOrder {index:52;}">
                <Coords points="525,1657 761,1638 1068,1668 1240,1648 1289,1670 1329,1658 1330,1603 526,1602"/>
                <Baseline points="536,1631 575,1632 614,1632 653,1633 692,1633 732,1634 771,1635 810,1636 849,1637 888,1637 928,1638 967,1639 1006,1640 1045,1640 1084,1641 1124,1642 1163,1643 1202,1643 1241,1644 1280,1645 1320,1645"/>
                <TextEquiv>
                    <Unicode>de för detta är sammanstötningen med</Unicode>
                </TextEquiv>
            </TextLine>
            <TextLine id="r1l54" custom="readingOrder {index:53;}">
                <Coords points="1343,1669 1553,1651 1585,1672 2120,1672 2145,1668 2146,1621 1344,1612"/>
                <Baseline points="1355,1648 1394,1648 1433,1649 1472,1649 1511,1650 1550,1650 1589,1651 1628,1651 1667,1652 1706,1652 1745,1653 1784,1653 1823,1654 1862,1654 1901,1655 1940,1655 1979,1655 2018,1656 2057,1656 2096,1656 2136,1657"/>
                <TextEquiv>
                    <Unicode>människor och händelser för sina syften</Unicode>
                </TextEquiv>
            </TextLine>
            <TextLine id="r1l55" custom="readingOrder {index:54;}">
                <Coords points="525,1703 608,1687 758,1716 877,1688 1331,1713 1332,1660 1239,1649 1043,1667 609,1637 526,1656"/>
                <Baseline points="536,1687 575,1687 614,1687 653,1687 693,1687 732,1688 771,1688 810,1689 850,1689 889,1690 928,1691 967,1692 1007,1693 1046,1694 1085,1695 1124,1696 1164,1696 1203,1697 1242,1697 1281,1698 1321,1698"/>
                <TextEquiv>
                    <Unicode>prästen som hos en annan skulle blifvit</Unicode>
                </TextEquiv>
            </TextLine>
            <TextLine id="r1l56" custom="readingOrder {index:55;}">
                <Coords points="1335,1708 1982,1715 2042,1737 2141,1723 2142,1677 1336,1655"/>
                <Baseline points="1345,1701 1384,1701 1423,1702 1463,1703 1502,1703 1541,1704 1581,1705 1620,1705 1659,1706 1699,1707 1738,1708 1777,1709 1817,1709 1856,1710 1895,1710 1935,1710 1974,1711 2013,1711 2053,1710 2092,1710 2132,1709"/>
                <TextEquiv>
                    <Unicode>men vinner ett ögonblick nägot af Bern¬</Unicode>
                </TextEquiv>
            </TextLine>
            <TextLine id="r1l57" custom="readingOrder {index:56;}">
                <Coords points="525,1734 2152,1803 2154,1716 526,1702"/>
                <Baseline points="536,1736 616,1738 696,1739 776,1741 857,1743 937,1744 1017,1746 1098,1748 1178,1750 1258,1752 1339,1753 1419,1755 1499,1757 1579,1759 1660,1760 1740,1761 1820,1762 1901,1763 1981,1764 2061,1764 2142,1764"/>
                <TextEquiv>
                    <Unicode>skarpare och mera definitiv. Men här hardis osjälfviskhet. Och prästen blir</Unicode>
                </TextEquiv>
            </TextLine>
            <TextLine id="r1l58" custom="readingOrder {index:57;}">
                <Coords points="525,1809 2112,1834 2126,1773 526,1734"/>
                <Baseline points="536,1791 619,1793 702,1794 785,1796 868,1797 951,1798 1034,1800 1117,1801 1200,1802 1283,1804 1367,1805 1450,1806 1533,1808 1616,1809 1699,1810 1782,1812 1865,1813 1948,1814 2031,1816 2115,1817"/>
                <TextEquiv>
                    <Unicode>märks det icke pä annat än de obetyd-fullt fattbar i sin ensidigt inriktade syn</Unicode>
                </TextEquiv>
            </TextLine>
            <TextLine id="r1l59" custom="readingOrder {index:58;}">
                <Coords points="2143,1821 2160,1820 2166,1815 2180,1824 2184,1820 2190,1821 2198,1812 2211,1811 2206,1756 2195,1757 2191,1753 2180,1752 2174,1759 2168,1759 2155,1754 2137,1754"/>
                <Baseline points="2154,1813 2200,1809"/>
                <TextEquiv>
                    <Unicode>p</Unicode>
                </TextEquiv>
            </TextLine>
            <TextLine id="r1l60" custom="readingOrder {index:59;}">
                <Coords points="2139,1861 2154,1861 2161,1857 2176,1859 2188,1851 2197,1853 2201,1849 2218,1851 2218,1813 2207,1813 2203,1817 2197,1813 2184,1825 2171,1817 2139,1819"/>
                <Baseline points="2151,1851 2179,1849 2207,1851"/>
                <TextEquiv>
                    <Unicode>àl</Unicode>
                </TextEquiv>
            </TextLine>
            <TextLine id="r1l61" custom="readingOrder {index:60;}">
                <Coords points="523,1847 1978,1895 2122,1891 2123,1834 523,1806"/>
                <Baseline points="534,1845 612,1847 691,1848 770,1849 849,1851 928,1852 1007,1853 1086,1854 1165,1856 1244,1857 1323,1858 1401,1859 1480,1860 1559,1862 1638,1863 1717,1864 1796,1865 1875,1867 1954,1868 2033,1870 2112,1871"/>
                <TextEquiv>
                    <Unicode>ligaste smädrag, en svag förändring i to-]varmt kännande pä sätt och vis ärlig</Unicode>
                </TextEquiv>
            </TextLine>
            <TextLine id="r1l62" custom="readingOrder {index:61;}">
                <Coords points="2137,1911 2148,1911 2152,1914 2160,1907 2169,1907 2175,1911 2187,1899 2196,1905 2213,1901 2210,1859 2195,1858 2191,1863 2184,1857 2174,1860 2161,1858 2151,1866 2144,1862 2133,1863"/>
                <Baseline points="2147,1895 2174,1893 2201,1891"/>
                <TextEquiv>
                    <Unicode>de</Unicode>
                </TextEquiv>
            </TextLine>
            <TextLine id="r1l63" custom="readingOrder {index:62;}">
                <Coords points="513,1900 1336,1938 1329,1857 1122,1884 673,1851 611,1874 514,1847"/>
                <Baseline points="524,1900 564,1900 604,1901 644,1901 684,1902 724,1903 764,1904 804,1905 844,1906 884,1907 924,1908 964,1909 1004,1909 1044,1910 1084,1911 1124,1911 1164,1911 1204,1911 1244,1911 1284,1910 1325,1909"/>
                <TextEquiv>
                    <Unicode>nen, en höfning pä täspetsarna, en flyk¬</Unicode>
                </TextEquiv>
            </TextLine>
            <TextLine id="r1l64" custom="readingOrder {index:63;}">
                <Coords points="1338,1920 2072,1940 2127,1936 2128,1892 1339,1867"/>
                <Baseline points="1349,1912 1387,1913 1425,1914 1464,1915 1502,1915 1541,1917 1579,1918 1618,1918 1656,1919 1695,1920 1733,1921 1771,1921 1810,1922 1848,1922 1887,1923 1925,1923 1964,1923 2002,1923 2041,1923 2079,1923 2118,1923"/>
                <TextEquiv>
                    <Unicode>men med den älskvärdaste anstrykning</Unicode>
                </TextEquiv>
            </TextLine>
            <TextLine id="r1l65" custom="readingOrder {index:64;}">
                <Coords points="2136,1949 2147,1948 2151,1952 2160,1953 2175,1950 2193,1932 2199,1934 2201,1931 2212,1931 2210,1903 2197,1904 2186,1898 2168,1915 2155,1913 2145,1923 2134,1923"/>
                <Baseline points="2146,1944 2174,1940 2202,1940"/>
                <TextEquiv>
                    <Unicode>84</Unicode>
                </TextEquiv>
            </TextLine>
            <TextLine id="r1l66" custom="readingOrder {index:65;}">
                <Coords points="508,1972 622,1956 851,1982 956,1956 1000,1979 1038,1961 1320,1985 1338,1928 986,1930 924,1904 710,1927 509,1895"/>
                <Baseline points="518,1955 558,1955 598,1955 639,1955 679,1956 720,1956 760,1957 800,1957 841,1958 881,1958 922,1959 962,1959 1002,1960 1043,1960 1083,1961 1124,1961 1164,1962 1204,1962 1245,1963 1285,1963 1326,1963"/>
                <TextEquiv>
                    <Unicode>tig sammandragning af ansiktet. Det</Unicode>
                </TextEquiv>
            </TextLine>
            <TextLine id="r1l67" custom="readingOrder {index:66;}">
                <Coords points="1329,1973 2110,1988 2128,1942 1787,1926 1733,1945 1551,1918 1330,1934"/>
                <Baseline points="1340,1964 1378,1965 1417,1966 1456,1967 1495,1968 1534,1968 1572,1968 1611,1969 1650,1969 1689,1969 1728,1970 1766,1970 1805,1970 1844,1971 1883,1971 1922,1972 1960,1973 1999,1974 2038,1976 2077,1977 2116,1979"/>
                <TextEquiv>
                    <Unicode>af jesuitism, dä han privat urskuldar sig</Unicode>
                </TextEquiv>
            </TextLine>
            <TextLine id="r1l68" custom="readingOrder {index:67;}">
                <Coords points="2137,1989 2150,1989 2156,1995 2171,1993 2193,2002 2197,1997 2203,1999 2212,1991 2222,1991 2222,1940 2203,1940 2193,1934 2165,1957 2152,1953 2148,1948 2137,1948"/>
                <Baseline points="2149,1982 2180,1983 2211,1982"/>
                <TextEquiv>
                    <Unicode>re</Unicode>
                </TextEquiv>
            </TextLine>
            <TextLine id="r1l69" custom="readingOrder {index:68;}">
                <Coords points="498,2045 2131,2054 2219,1996 499,1975"/>
                <Baseline points="510,2009 594,2009 679,2010 764,2011 849,2012 934,2013 1019,2014 1103,2016 1188,2017 1273,2019 1358,2020 1443,2022 1528,2023 1613,2024 1697,2026 1782,2027 1867,2027 1952,2028 2037,2028 2122,2028 2207,2028"/>
                <TextEquiv>
                    <Unicode>hör till dramats ironi att just en sädan för sin förtegenhet i det offentliga. Hrine</Unicode>
                </TextEquiv>
            </TextLine>
            <TextLine id="r1l70" custom="readingOrder {index:69;}">
                <Coords points="2137,2079 2158,2076 2160,2078 2168,2075 2177,2079 2183,2072 2193,2069 2197,2064 2214,2062 2211,2035 2194,2039 2190,2037 2186,2042 2182,2040 2180,2042 2171,2037 2165,2042 2148,2046 2133,2045"/>
                <Baseline points="2146,2072 2175,2068 2204,2066"/>
                <TextEquiv>
                    <Unicode>at</Unicode>
                </TextEquiv>
            </TextLine>
            <TextLine id="r1l71" custom="readingOrder {index:70;}">
                <Coords points="526,2077 2035,2105 2140,2062 527,2019"/>
                <Baseline points="538,2061 617,2063 697,2064 776,2065 856,2066 935,2068 1015,2069 1094,2070 1174,2071 1253,2072 1333,2073 1413,2074 1492,2075 1572,2076 1651,2077 1731,2078 1810,2079 1890,2080 1969,2081 2049,2082 2129,2083"/>
                <TextEquiv>
                    <Unicode>man, den minst aggressive, skall bli fö-de Wahl har ett ovanligt fast grepp om</Unicode>
                </TextEquiv>
            </TextLine>
            <TextLine id="r1l72" custom="readingOrder {index:71;}">
                <Coords points="532,2120 1153,2142 1223,2128 1224,2092 533,2073"/>
                <Baseline points="542,2110 575,2111 609,2111 642,2112 676,2114 709,2115 743,2115 776,2117 810,2118 843,2119 877,2120 910,2121 944,2121 977,2122 1011,2122 1044,2123 1078,2123 1111,2123 1145,2123 1178,2123 1212,2122"/>
                <TextEquiv>
                    <Unicode>remäl för smädelse och pöbelhat.</Unicode>
                </TextEquiv>
            </TextLine>
            <TextLine id="r1l73" custom="readingOrder {index:72;}">
                <Coords points="1320,2173 1377,2130 2037,2156 2220,2115 2220,2060 1931,2107 1717,2081 1320,2092"/>
                <Baseline points="1330,2126 1376,2124 1422,2124 1468,2124 1515,2126 1561,2127 1607,2129 1653,2131 1700,2133 1746,2135 1792,2136 1838,2138 1885,2138 1931,2138 1977,2137 2023,2135 2070,2131 2116,2126 2162,2120 2209,2112"/>
                <TextEquiv>
                    <Unicode>det värdigt, prästerliga och hr Hedqvist K#</Unicode>
                </TextEquiv>
            </TextLine>
            <TextLine id="r1l74" custom="readingOrder {index:73;}">
                <Coords points="2131,2166 2154,2167 2160,2164 2169,2172 2183,2160 2190,2160 2198,2153 2213,2154 2211,2120 2198,2119 2194,2124 2172,2123 2166,2130 2153,2120 2147,2120 2143,2125 2141,2123 2128,2126"/>
                <Baseline points="2140,2158 2171,2154 2202,2154"/>
                <TextEquiv>
                    <Unicode>ta¬</Unicode>
                </TextEquiv>
            </TextLine>
            <TextLine id="r1l75" custom="readingOrder {index:74;}">
                <Coords points="554,2166 783,2197 817,2176 1327,2188 1328,2139 1254,2127 1160,2144 929,2121 763,2145 555,2121"/>
                <Baseline points="565,2161 602,2162 640,2163 677,2164 715,2165 753,2167 790,2168 828,2169 865,2170 903,2171 941,2172 978,2173 1016,2174 1053,2175 1091,2176 1129,2176 1166,2177 1204,2177 1241,2177 1279,2177 1317,2176"/>
                <TextEquiv>
                    <Unicode>För den som utgär frän dessa synpunk¬</Unicode>
                </TextEquiv>
            </TextLine>
            <TextLine id="r1l76" custom="readingOrder {index:75;}">
                <Coords points="1328,2206 2063,2195 2172,2238 2230,2225 2232,2161 2117,2149 2070,2180 1984,2139 1330,2130"/>
                <Baseline points="1340,2177 1384,2178 1428,2179 1472,2179 1516,2180 1560,2180 1604,2181 1648,2181 1692,2182 1736,2183 1780,2184 1824,2184 1868,2185 1912,2187 1956,2188 2000,2190 2044,2193 2088,2195 2132,2198 2176,2202 2221,2206"/>
                <TextEquiv>
                    <Unicode>ger i raska drag realpolitikerns typ. nu</Unicode>
                </TextEquiv>
            </TextLine>
            <TextLine id="r1l77" custom="readingOrder {index:76;}">
                <Coords points="510,2208 559,2236 1331,2258 1332,2179 1220,2199 844,2177 795,2202 740,2176 708,2201 649,2168 600,2190 511,2163"/>
                <Baseline points="520,2217 560,2219 600,2220 640,2221 680,2222 720,2223 760,2224 800,2224 840,2225 880,2226 920,2226 960,2227 1000,2227 1040,2228 1080,2228 1120,2229 1160,2229 1200,2230 1240,2231 1280,2232 1321,2233"/>
                <TextEquiv>
                    <Unicode>ter blir det värdefullaste i Schnitzlers</Unicode>
                </TextEquiv>
            </TextLine>
            <TextLine id="r1l78" custom="readingOrder {index:77;}">
                <Coords points="1361,2254 2129,2269 2111,2211 1362,2205"/>
                <Baseline points="1372,2237 1409,2238 1446,2239 1484,2240 1521,2241 1558,2242 1596,2243 1633,2244 1670,2245 1708,2246 1745,2247 1782,2248 1820,2248 1857,2249 1894,2250 1932,2250 1969,2250 2006,2251 2044,2251 2081,2250 2119,2250"/>
                <TextEquiv>
                    <Unicode>Skädespelet rör sig sälunda i grun¬</Unicode>
                </TextEquiv>
            </TextLine>
            <TextLine id="r1l79" custom="readingOrder {index:78;}">
                <Coords points="517,2264 636,2293 1313,2303 1313,2252 1288,2241 596,2246 518,2207"/>
                <Baseline points="528,2273 566,2273 605,2274 644,2274 682,2274 721,2274 760,2275 798,2275 837,2275 876,2276 915,2276 953,2277 992,2277 1031,2278 1069,2279 1108,2279 1147,2280 1185,2281 1224,2283 1263,2284 1302,2285"/>
                <TextEquiv>
                    <Unicode>komedi eller drama — hvad man vill kal¬</Unicode>
                </TextEquiv>
            </TextLine>
            <TextLine id="r1l80" custom="readingOrder {index:79;}">
                <Coords points="2133,2299 2152,2301 2176,2297 2180,2301 2188,2294 2195,2299 2205,2288 2224,2290 2224,2250 2212,2248 2207,2252 2199,2252 2193,2258 2165,2246 2154,2252 2148,2248 2133,2250"/>
                <Baseline points="2143,2290 2178,2288 2213,2290"/>
                <TextEquiv>
                    <Unicode>nir</Unicode>
                </TextEquiv>
            </TextLine>
            <TextLine id="r1l81" custom="readingOrder {index:80;}">
                <Coords points="1329,2309 2014,2323 2129,2305 2130,2269 1588,2251 1412,2270 1330,2237"/>
                <Baseline points="1339,2294 1378,2295 1417,2296 1456,2296 1495,2297 1534,2298 1573,2298 1612,2299 1651,2300 1690,2300 1729,2301 1768,2302 1807,2302 1846,2303 1885,2303 1924,2304 1963,2304 2002,2304 2041,2304 2080,2304 2119,2304"/>
                <TextEquiv>
                    <Unicode>den icke om antisemitism och fördoms¬</Unicode>
                </TextEquiv>
            </TextLine>
            <TextLine id="r1l82" custom="readingOrder {index:81;}">
                <Coords points="500,2336 1224,2367 1319,2357 1320,2308 900,2280 579,2301 501,2253"/>
                <Baseline points="511,2332 550,2332 590,2331 630,2331 670,2331 710,2331 750,2332 789,2332 829,2332 869,2333 909,2333 949,2334 989,2335 1029,2335 1068,2336 1108,2336 1148,2337 1188,2337 1228,2338 1268,2338 1308,2338"/>
                <TextEquiv>
                    <Unicode>la det — de rent intellektuella samman¬</Unicode>
                </TextEquiv>
            </TextLine>
            <TextLine id="r1l83" custom="readingOrder {index:82;}">
                <Coords points="2134,2350 2149,2348 2159,2352 2163,2347 2168,2351 2174,2347 2204,2359 2219,2348 2229,2348 2228,2284 2211,2282 2194,2298 2190,2294 2177,2305 2169,2305 2162,2299 2132,2299"/>
                <Baseline points="2145,2337 2182,2335 2219,2335"/>
                <TextEquiv>
                    <Unicode>get.</Unicode>
                </TextEquiv>
            </TextLine>
            <TextLine id="r1l84" custom="readingOrder {index:83;}">
                <Coords points="1326,2372 1823,2358 2115,2383 2116,2322 1327,2309"/>
                <Baseline points="1337,2348 1375,2349 1413,2350 1452,2350 1490,2351 1529,2351 1567,2352 1605,2352 1644,2353 1682,2353 1721,2353 1759,2354 1797,2354 1836,2354 1874,2355 1913,2356 1951,2356 1989,2357 2028,2358 2066,2360 2105,2361"/>
                <TextEquiv>
                    <Unicode>frihet, om religion och vetenskaplighet;</Unicode>
                </TextEquiv>
            </TextLine>
            <TextLine id="r1l85" custom="readingOrder {index:84;}">
                <Coords points="2131,2384 2148,2384 2161,2396 2167,2392 2186,2392 2195,2396 2201,2390 2220,2388 2220,2343 2205,2343 2195,2354 2180,2347 2176,2350 2173,2347 2169,2352 2165,2347 2159,2352 2148,2347 2144,2350 2142,2347 2131,2347"/>
                <Baseline points="2142,2376 2176,2376 2210,2376"/>
                <TextEquiv>
                    <Unicode>rar</Unicode>
                </TextEquiv>
            </TextLine>
            <TextLine id="r1l86" custom="readingOrder {index:85;}">
                <Coords points="512,2376 1307,2416 1325,2365 512,2338"/>
                <Baseline points="522,2383 561,2383 601,2383 640,2383 680,2383 720,2383 759,2384 799,2384 838,2384 878,2385 918,2386 957,2386 997,2387 1036,2387 1076,2388 1116,2389 1155,2390 1195,2391 1234,2391 1274,2392 1314,2393"/>
                <TextEquiv>
                    <Unicode>drabbningarna mellan hufvudpersonen</Unicode>
                </TextEquiv>
            </TextLine>
            <TextLine id="r1l87" custom="readingOrder {index:86;}">
                <Coords points="1332,2409 1732,2434 2119,2418 2214,2443 2230,2393 1825,2359 1332,2368"/>
                <Baseline points="1342,2399 1385,2401 1429,2402 1473,2404 1517,2405 1561,2406 1605,2406 1648,2406 1692,2407 1736,2407 1780,2408 1824,2408 1868,2409 1912,2410 1955,2411 1999,2412 2043,2413 2087,2415 2131,2417 2175,2419 2219,2422"/>
                <TextEquiv>
                    <Unicode>det är fräga om den isolering hvari en#ky#</Unicode>
                </TextEquiv>
            </TextLine>
            <TextLine id="r1l88" custom="readingOrder {index:87;}">
                <Coords points="510,2450 791,2439 975,2478 1015,2451 1319,2465 1319,2414 1296,2406 592,2402 511,2376"/>
                <Baseline points="522,2437 561,2437 600,2437 639,2437 679,2437 718,2437 757,2438 797,2438 836,2439 875,2439 915,2440 954,2441 993,2441 1032,2442 1072,2443 1111,2443 1150,2444 1190,2445 1229,2445 1268,2446 1308,2446"/>
                <TextEquiv>
                    <Unicode>och de olika typer af handlings- och re¬</Unicode>
                </TextEquiv>
            </TextLine>
            <TextLine id="r1l89" custom="readingOrder {index:88;}">
                <Coords points="1324,2469 1815,2469 1853,2491 2027,2470 2080,2494 2120,2481 2121,2430 1635,2430 1590,2409 1395,2430 1325,2409"/>
                <Baseline points="1335,2455 1373,2455 1412,2456 1451,2456 1489,2457 1528,2458 1567,2458 1605,2459 1644,2460 1683,2460 1722,2460 1760,2461 1799,2462 1838,2462 1876,2462 1915,2463 1954,2463 1992,2464 2031,2464 2070,2464 2109,2464"/>
                <TextEquiv>
                    <Unicode>fin och själfständig personlighet i vära</Unicode>
                </TextEquiv>
            </TextLine>
            <TextLine id="r1l90" custom="readingOrder {index:89;}">
                <Coords points="2128,2477 2148,2474 2162,2480 2173,2474 2191,2495 2198,2491 2204,2494 2213,2488 2232,2488 2236,2439 2221,2438 2214,2442 2196,2429 2185,2435 2179,2428 2171,2427 2158,2433 2133,2426"/>
                <Baseline points="2141,2466 2168,2466 2195,2469 2223,2472"/>
                <TextEquiv>
                    <Unicode>hög</Unicode>
                </TextEquiv>
            </TextLine>
            <TextLine id="r1l91" custom="readingOrder {index:90;}">
                <Coords points="512,2501 1318,2517 1319,2466 1247,2446 1075,2474 782,2438 513,2452"/>
                <Baseline points="522,2490 561,2491 600,2491 639,2491 679,2492 718,2492 757,2492 797,2493 836,2493 875,2493 915,2494 954,2494 993,2495 1032,2495 1072,2496 1111,2497 1150,2497 1190,2498 1229,2499 1268,2500 1308,2501"/>
                <TextEquiv>
                    <Unicode>flexionsmänniskor som omge honom. För</Unicode>
                </TextEquiv>
            </TextLine>
            <TextLine id="r1l92" custom="readingOrder {index:91;}">
                <Coords points="2130,2520 2141,2520 2145,2523 2149,2519 2158,2519 2166,2528 2172,2529 2181,2521 2192,2522 2203,2514 2218,2515 2219,2491 2204,2493 2198,2490 2191,2494 2181,2483 2171,2482 2167,2477 2160,2481 2150,2474 2133,2475"/>
                <Baseline points="2141,2510 2174,2512 2207,2514"/>
                <TextEquiv>
                    <Unicode>na</Unicode>
                </TextEquiv>
            </TextLine>
            <TextLine id="r1l93" custom="readingOrder {index:92;}">
                <Coords points="1325,2510 2106,2534 2107,2483 2049,2478 1326,2478"/>
                <Baseline points="1335,2507 1373,2508 1411,2509 1449,2510 1487,2510 1525,2511 1563,2512 1601,2512 1639,2513 1677,2514 1715,2514 1753,2514 1791,2515 1829,2516 1867,2516 1905,2517 1943,2517 1981,2518 2019,2518 2057,2518 2095,2519"/>
                <TextEquiv>
                    <Unicode>dar och i de mest kultiverade kretsar</Unicode>
                </TextEquiv>
            </TextLine>
            <TextLine id="r1l94" custom="readingOrder {index:93;}">
                <Coords points="519,2553 1265,2578 1308,2566 1309,2517 814,2520 734,2495 697,2518 672,2498 519,2513"/>
                <Baseline points="530,2543 568,2544 606,2545 645,2545 683,2546 722,2547 760,2548 798,2548 837,2549 875,2550 914,2551 952,2551 990,2552 1029,2553 1067,2553 1106,2553 1144,2554 1182,2554 1221,2554 1259,2554 1298,2554"/>
                <TextEquiv>
                    <Unicode>andra skall kanske den främsta lockelsen</Unicode>
                </TextEquiv>
            </TextLine>
            <TextLine id="r1l95" custom="readingOrder {index:94;}">
                <Coords points="2128,2563 2716,2573 2717,2512 2669,2506 2585,2544 2524,2517 2409,2544 2269,2529 2223,2502 2173,2528 2129,2521"/>
                <Baseline points="2138,2552 2166,2554 2194,2555 2223,2557 2251,2558 2279,2559 2308,2561 2336,2561 2364,2562 2393,2563 2421,2563 2449,2564 2478,2565 2506,2565 2534,2566 2563,2566 2591,2567 2619,2568 2648,2568 2676,2569 2705,2570"/>
                <TextEquiv>
                    <Unicode>rane</Unicode>
                </TextEquiv>
            </TextLine>
            <TextLine id="r1l96" custom="readingOrder {index:95;}">
                <Coords points="1321,2563 2106,2596 2107,2535 2028,2527 1322,2525"/>
                <Baseline points="1332,2558 1370,2560 1408,2561 1446,2562 1484,2563 1522,2564 1560,2565 1599,2566 1637,2567 1675,2568 1713,2569 1751,2569 1789,2570 1827,2570 1866,2571 1904,2571 1942,2571 1980,2572 2018,2572 2056,2572 2095,2572"/>
                <TextEquiv>
                    <Unicode>sà lätt försättes, det gäller oförmägan</Unicode>
                </TextEquiv>
            </TextLine>
            <TextLine id="r1l97" custom="readingOrder {index:96;}">
                <Coords points="2901,2608 3020,2599 3096,2611 3177,2598 3294,2616 3294,2565 3177,2572 3109,2541 3041,2552 2992,2535 2956,2559 2901,2535"/>
                <Baseline points="2911,2590 2937,2593 2964,2595 2990,2597 3017,2598 3043,2599 3070,2599 3097,2599 3123,2599 3150,2598 3176,2597 3203,2595 3229,2594 3256,2592 3283,2589"/>
                <TextEquiv>
                    <Unicode>Porbattrate!</Unicode>
                </TextEquiv>
            </TextLine>
            <TextLine id="r1l98" custom="readingOrder {index:97;}">
                <Coords points="520,2607 1307,2629 1294,2563 521,2556"/>
                <Baseline points="531,2597 569,2598 607,2598 646,2599 684,2600 722,2601 761,2601 799,2602 837,2603 876,2604 914,2605 952,2605 991,2606 1029,2607 1067,2607 1106,2608 1144,2608 1182,2608 1221,2609 1259,2609 1298,2609"/>
                <TextEquiv>
                    <Unicode>ligga i konflikten mellan religion och mo¬</Unicode>
                </TextEquiv>
            </TextLine>
            <TextLine id="r1l99" custom="readingOrder {index:98;}">
                <Coords points="2123,2610 2906,2635 2942,2627 2943,2596 2124,2563"/>
                <Baseline points="2133,2600 2175,2600 2217,2601 2259,2602 2301,2602 2343,2604 2385,2605 2427,2606 2469,2607 2511,2609 2553,2610 2595,2612 2637,2613 2679,2614 2721,2615 2763,2616 2805,2617 2847,2618 2889,2618 2932,2619"/>
                <TextEquiv>
                    <Unicode>tyvärr fullkomligt meningslöst arbete,</Unicode>
                </TextEquiv>
            </TextLine>
            <TextLine id="r1l100" custom="readingOrder {index:99;}">
                <Coords points="1327,2629 1406,2615 1586,2648 1648,2625 1720,2648 1856,2622 1894,2648 1956,2630 2113,2647 2113,2607 2035,2584 1328,2569"/>
                <Baseline points="1338,2612 1376,2614 1414,2616 1452,2617 1491,2619 1529,2620 1567,2620 1605,2621 1644,2622 1682,2623 1720,2623 1758,2624 1797,2624 1835,2624 1873,2625 1911,2625 1950,2625 1988,2625 2026,2625 2064,2625 2103,2625"/>
                <TextEquiv>
                    <Unicode>hos de flesta människor att döma lidelse¬</Unicode>
                </TextEquiv>
            </TextLine>
            <TextLine id="r1l101" custom="readingOrder {index:100;}">
                <Coords points="510,2657 1086,2663 1130,2685 1215,2664 1272,2684 1317,2672 1318,2634 1059,2610 511,2619"/>
                <Baseline points="522,2647 561,2648 600,2649 639,2650 679,2651 718,2652 757,2653 796,2653 836,2654 875,2655 914,2655 953,2656 993,2657 1032,2657 1071,2658 1110,2659 1150,2659 1189,2660 1228,2661 1267,2662 1307,2663"/>
                <TextEquiv>
                    <Unicode>dern humanism, mellen jude och kris¬</Unicode>
                </TextEquiv>
            </TextLine>
            <TextLine id="r1l102" custom="readingOrder {index:101;}">
                <Coords points="1323,2679 2117,2693 2117,2646 2052,2635 1324,2628"/>
                <Baseline points="1334,2665 1372,2667 1411,2670 1449,2672 1488,2673 1527,2674 1565,2676 1604,2676 1643,2677 1681,2677 1720,2677 1759,2677 1797,2677 1836,2677 1875,2677 1913,2677 1952,2677 1991,2677 2029,2677 2068,2678 2107,2678"/>
                <TextEquiv>
                    <Unicode>fritt och det gäller den bildade pöbelns</Unicode>
                </TextEquiv>
            </TextLine>
            <TextLine id="r1l103" custom="readingOrder {index:102;}">
                <Coords points="501,2698 2101,2746 2100,2688 502,2659"/>
                <Baseline points="512,2703 595,2703 678,2704 761,2705 844,2707 927,2709 1010,2712 1093,2714 1176,2717 1259,2720 1343,2723 1426,2725 1509,2727 1592,2730 1675,2732 1758,2732 1841,2733 1924,2733 2007,2732 2091,2730"/>
                <TextEquiv>
                    <Unicode>ten; för äter andra bli de första akternas hotfulla öfvermakt. Bernhardi har al¬</Unicode>
                </TextEquiv>
            </TextLine>
            <TextLine id="r1l104" custom="readingOrder {index:103;}">
                <Coords points="2118,2719 3368,2757 3369,2708 3207,2671 2423,2691 2120,2655"/>
                <Baseline points="2128,2716 2189,2717 2250,2718 2312,2719 2373,2720 2435,2721 2496,2722 2558,2723 2619,2724 2681,2725 2742,2726 2803,2728 2865,2730 2926,2732 2988,2734 3049,2736 3111,2739 3172,2743 3234,2746 3295,2751 3357,2755"/>
                <TextEquiv>
                    <Unicode>drig visat nägon fimtlighet mot religio-därför att den är ett d</Unicode>
                </TextEquiv>
            </TextLine>
            <TextLine id="r1l105" custom="readingOrder {index:104;}">
                <Coords points="2120,2777 3376,2811 3377,2755 2121,2739"/>
                <Baseline points="2131,2769 2192,2770 2254,2771 2316,2772 2377,2774 2439,2775 2501,2776 2562,2778 2624,2779 2686,2781 2748,2782 2809,2784 2871,2786 2933,2788 2994,2790 3056,2792 3118,2794 3179,2797 3241,2799 3303,2801 3365,2804"/>
                <TextEquiv>
                    <Unicode>nen eller dess utöfvare, han har icke verk men därför att d</Unicode>
                </TextEquiv>
            </TextLine>
            <TextLine id="r1l106" custom="readingOrder {index:105;}">
                <Coords points="2097,2851 2624,2827 3377,2870 3378,2811 3011,2818 2917,2777 2099,2791"/>
                <Baseline points="2109,2817 2171,2819 2234,2821 2297,2822 2360,2824 2423,2826 2486,2827 2549,2829 2612,2831 2675,2832 2738,2834 2800,2836 2863,2838 2926,2840 2989,2842 3052,2845 3115,2847 3178,2850 3241,2853 3304,2856 3367,2859"/>
                <TextEquiv>
                    <Unicode>förgätt sig eller ens lätit förleda sig afliga förhällanden som</Unicode>
                </TextEquiv>
            </TextLine>
            <TextLine id="r1l107" custom="readingOrder {index:106;}">
                <Coords points="2111,2877 2849,2910 2902,2904 2903,2866 2621,2828 2478,2855 2112,2830"/>
                <Baseline points="2122,2871 2160,2873 2198,2875 2237,2877 2275,2878 2314,2879 2352,2880 2391,2882 2429,2882 2468,2883 2506,2884 2544,2884 2583,2885 2621,2885 2660,2886 2698,2886 2737,2887 2775,2888 2814,2888 2852,2889 2891,2890"/>
                <TextEquiv>
                    <Unicode>en hastig impuls. Han är en i högsta</Unicode>
                </TextEquiv>
            </TextLine>
            <TextLine id="r1l108" custom="readingOrder {index:107;}">
                <Coords points="2913,2907 3007,2895 3237,2927 3327,2914 3369,2936 3372,2868 3321,2878 3286,2857 3185,2871 3120,2854 3072,2869 3056,2853 2998,2871 2974,2851 2916,2858"/>
                <Baseline points="2925,2890 2950,2891 2976,2891 3001,2892 3027,2893 3052,2895 3078,2896 3103,2898 3129,2900 3154,2901 3180,2903 3205,2905 3231,2906 3256,2907 3282,2908 3307,2909 3333,2910 3359,2910"/>
                <TextEquiv>
                    <Unicode>och öfverallt ingripan</Unicode>
                </TextEquiv>
            </TextLine>
            <TextLine id="r1l109" custom="readingOrder {index:108;}">
                <Coords points="2105,2947 2295,2929 2617,2962 2655,2941 2748,2971 2810,2942 2908,2945 2909,2904 2800,2913 2767,2888 2681,2908 2480,2885 2397,2912 2365,2888 2142,2894 2107,2874"/>
                <Baseline points="2116,2925 2155,2926 2194,2928 2233,2929 2272,2930 2311,2930 2350,2931 2389,2932 2428,2933 2467,2933 2507,2934 2546,2935 2585,2936 2624,2936 2663,2937 2702,2938 2741,2939 2780,2940 2819,2941 2858,2942 2898,2943"/>
                <TextEquiv>
                    <Unicode>grad allvarlig, lugnt öfvervägande, hu¬</Unicode>
                </TextEquiv>
            </TextLine>
            <TextLine id="r1l110" custom="readingOrder {index:109;}">
                <Coords points="2106,2985 2439,3007 2580,2989 2636,3016 2747,2989 2876,3018 2910,3009 2912,2949 2107,2947"/>
                <Baseline points="2118,2974 2157,2976 2196,2977 2235,2979 2274,2980 2313,2982 2352,2983 2391,2985 2430,2986 2469,2987 2509,2988 2548,2989 2587,2990 2626,2990 2665,2991 2704,2992 2743,2993 2782,2994 2821,2994 2860,2995 2900,2996"/>
                <TextEquiv>
                    <Unicode>man, tolerant man som endast — i min</Unicode>
                </TextEquiv>
            </TextLine>
            <TextLine id="r1l111" custom="readingOrder {index:110;}">
                <Coords points="2107,3036 2570,3047 2644,3072 2833,3053 2909,3087 2891,3004 2108,2990"/>
                <Baseline points="2117,3030 2156,3031 2195,3032 2234,3033 2273,3033 2312,3034 2351,3035 2390,3036 2429,3037 2468,3038 2508,3039 2547,3040 2586,3041 2625,3041 2664,3042 2703,3044 2742,3044 2781,3045 2820,3047 2859,3047 2899,3049"/>
                <TextEquiv>
                    <Unicode>tanke — läter sin egen föreställning om</Unicode>
                </TextEquiv>
            </TextLine>
            <TextLine id="r1l112" custom="readingOrder {index:111;}">
                <Coords points="2099,3089 2200,3111 2687,3095 2758,3128 2900,3124 2902,3069 2384,3061 2283,3028 2100,3040"/>
                <Baseline points="2110,3080 2149,3082 2188,3083 2227,3084 2266,3085 2305,3087 2344,3088 2383,3089 2422,3090 2461,3091 2500,3092 2539,3093 2578,3094 2617,3095 2656,3096 2695,3097 2734,3098 2773,3099 2812,3100 2851,3101 2891,3102"/>
                <TextEquiv>
                    <Unicode>läkareplikt antaga väl stora dimensio¬</Unicode>
                </TextEquiv>
            </TextLine>
            <TextLine id="r1l113" custom="readingOrder {index:112;}">
                <Coords points="2104,3146 2310,3140 2538,3174 2760,3156 2850,3180 2910,3158 2912,3105 2741,3126 2689,3097 2658,3122 2621,3099 2531,3121 2457,3097 2105,3099"/>
                <Baseline points="2114,3133 2153,3136 2192,3137 2231,3139 2271,3140 2310,3141 2349,3142 2389,3144 2428,3144 2467,3145 2507,3146 2546,3147 2585,3147 2624,3148 2664,3149 2703,3150 2742,3151 2782,3152 2821,3153 2860,3156 2900,3157"/>
                <TextEquiv>
                    <Unicode>ner. Att just han skall räka ut för</Unicode>
                </TextEquiv>
            </TextLine>
            <TextLine id="r1l114" custom="readingOrder {index:113;}">
                <Coords points="2101,3206 2795,3230 2902,3207 2902,3182 2803,3162 2103,3147"/>
                <Baseline points="2112,3186 2151,3187 2190,3189 2229,3189 2268,3190 2307,3192 2346,3193 2385,3194 2424,3195 2463,3196 2502,3197 2541,3198 2580,3199 2619,3200 2658,3201 2697,3202 2736,3204 2775,3204 2814,3206 2853,3206 2892,3208"/>
                <TextEquiv>
                    <Unicode>dessa förföljelser är groteskt och me¬</Unicode>
                </TextEquiv>
            </TextLine>
            <TextLine id="r1l115" custom="readingOrder {index:114;}">
                <Coords points="2095,3262 2537,3255 2680,3280 2902,3259 2865,3220 2737,3210 2096,3205"/>
                <Baseline points="2106,3239 2145,3240 2184,3241 2223,3241 2263,3243 2302,3244 2341,3245 2380,3246 2420,3247 2459,3248 2498,3249 2537,3250 2577,3252 2616,3253 2655,3254 2694,3255 2734,3256 2773,3257 2812,3258 2851,3259 2891,3260"/>
                <TextEquiv>
                    <Unicode>ningslöst men sprider ett intressant ljus</Unicode>
                </TextEquiv>
            </TextLine>
            <TextLine id="r1l116" custom="readingOrder {index:115;}">
                <Coords points="2096,3300 2887,3335 2888,3277 2804,3269 2097,3260"/>
                <Baseline points="2106,3291 2144,3291 2183,3292 2221,3293 2260,3294 2298,3296 2337,3297 2375,3298 2414,3300 2452,3301 2491,3302 2530,3303 2568,3304 2607,3306 2645,3307 2684,3307 2722,3308 2761,3309 2799,3309 2838,3309 2877,3309"/>
                <TextEquiv>
                    <Unicode>öfver svagheter 1 det moderna lifvet —</Unicode>
                </TextEquiv>
            </TextLine>
            <TextLine id="r1l117" custom="readingOrder {index:116;}">
                <Coords points="2090,3355 2894,3382 2896,3329 2092,3306"/>
                <Baseline points="2101,3343 2140,3344 2179,3345 2218,3346 2257,3348 2297,3349 2336,3350 2375,3352 2414,3354 2453,3355 2493,3357 2532,3359 2571,3360 2610,3361 2649,3362 2689,3364 2728,3364 2767,3365 2806,3366 2845,3366 2885,3366"/>
                <TextEquiv>
                    <Unicode>i detta som engelsmännen kalla human</Unicode>
                </TextEquiv>
            </TextLine>
            <TextLine id="r1l118" custom="readingOrder {index:117;}">
                <Coords points="2895,3415 2921,3418 2932,3410 2936,3414 2942,3410 2953,3419 2972,3411 2983,3411 2985,3345 2959,3345 2949,3338 2936,3340 2930,3335 2912,3341 2898,3338"/>
                <Baseline points="2907,3404 2939,3403 2971,3406"/>
                <TextEquiv>
                    <Unicode>ol</Unicode>
                </TextEquiv>
            </TextLine>
            <TextLine id="r1l119" custom="readingOrder {index:118;}">
                <Coords points="2084,3386 2202,3420 2525,3417 2567,3444 2638,3418 2799,3438 2895,3409 2875,3376 2658,3389 2086,3342"/>
                <Baseline points="2094,3397 2133,3398 2172,3399 2212,3400 2251,3401 2291,3402 2330,3403 2370,3404 2409,3406 2449,3407 2488,3408 2527,3410 2567,3411 2606,3412 2646,3413 2685,3415 2725,3415 2764,3417 2804,3418 2843,3419 2883,3420"/>
                <TextEquiv>
                    <Unicode>intercourse, den mänskliga sammanief¬</Unicode>
                </TextEquiv>
            </TextLine>
            <TextLine id="r1l120" custom="readingOrder {index:119;}">
                <Coords points="2891,3453 2910,3451 2929,3455 2940,3447 2946,3447 2955,3438 2961,3443 2974,3441 2974,3409 2948,3409 2935,3415 2931,3411 2918,3419 2906,3415 2891,3417"/>
                <Baseline points="2902,3446 2933,3446 2964,3446"/>
                <TextEquiv>
                    <Unicode>m</Unicode>
                </TextEquiv>
            </TextLine>
            <TextLine id="r1l121" custom="readingOrder {index:120;}">
                <Coords points="2084,3485 2122,3475 2139,3477 2161,3460 2175,3471 2184,3467 2188,3471 2197,3462 2209,3467 2227,3454 2241,3454 2242,3408 2227,3408 2212,3420 2189,3411 2178,3416 2163,3405 2153,3413 2146,3407 2131,3417 2085,3417"/>
                <Baseline points="2096,3449 2122,3448 2149,3447 2176,3447 2203,3448 2230,3451"/>
                <TextEquiv>
                    <Unicode>naden.</Unicode>
                </TextEquiv>
            </TextLine>
            <TextLine id="r1l122" custom="readingOrder {index:121;}">
                <Coords points="2880,3522 2891,3521 2916,3499 2935,3497 2954,3511 2973,3512 2971,3442 2954,3439 2933,3454 2904,3451 2897,3457 2891,3453 2878,3454"/>
                <Baseline points="2889,3489 2925,3487 2961,3487"/>
                <TextEquiv>
                    <Unicode>R</Unicode>
                </TextEquiv>
            </TextLine>
            <TextLine id="r1l123" custom="readingOrder {index:122;}">
                <Coords points="2123,3520 2318,3513 2347,3533 2390,3509 2472,3539 2630,3520 2812,3545 2883,3524 2885,3460 2665,3477 2562,3440 2458,3467 2297,3440 2188,3471 2124,3457"/>
                <Baseline points="2134,3499 2170,3501 2207,3504 2244,3506 2281,3507 2318,3509 2355,3511 2392,3512 2429,3514 2466,3515 2503,3516 2539,3517 2576,3518 2613,3518 2650,3519 2687,3520 2724,3520 2761,3521 2798,3521 2835,3522 2872,3522"/>
                <TextEquiv>
                    <Unicode>Schnitzlere drama har sälunda sitt</Unicode>
                </TextEquiv>
            </TextLine>
            <TextLine id="r1l124" custom="readingOrder {index:123;}">
                <Coords points="2886,3534 2899,3534 2922,3543 2935,3541 2941,3535 2946,3535 2952,3542 2969,3540 2970,3513 2955,3512 2945,3501 2940,3501 2936,3497 2923,3501 2915,3500 2913,3503 2908,3500 2887,3500"/>
                <Baseline points="2896,3531 2927,3531 2958,3533"/>
                <TextEquiv>
                    <Unicode>un</Unicode>
                </TextEquiv>
            </TextLine>
            <TextLine id="r1l125" custom="readingOrder {index:124;}">
                <Coords points="2082,3566 2963,3581 2964,3540 2881,3517 2817,3550 2754,3525 2083,3528"/>
                <Baseline points="2093,3552 2136,3554 2179,3555 2222,3557 2265,3558 2308,3560 2351,3561 2394,3562 2437,3563 2480,3564 2523,3565 2566,3566 2609,3567 2652,3568 2695,3569 2738,3569 2781,3570 2824,3571 2867,3572 2910,3573 2953,3574"/>
                <TextEquiv>
                    <Unicode>största värde i de rent mänskliga och so-M</Unicode>
                </TextEquiv>
            </TextLine>
            <TextLine id="r1l126" custom="readingOrder {index:125;}">
                <Coords points="2084,3619 2846,3650 2961,3631 2962,3581 2085,3566"/>
                <Baseline points="2095,3606 2137,3607 2180,3608 2223,3609 2266,3611 2309,3612 2351,3613 2394,3615 2437,3617 2480,3618 2523,3619 2565,3621 2608,3621 2651,3622 2694,3623 2737,3623 2779,3624 2822,3623 2865,3623 2908,3622 2951,3620"/>
                <TextEquiv>
                    <Unicode>ciala sidorna, medan den dramatiska för-g#</Unicode>
                </TextEquiv>
            </TextLine>
            <TextLine id="r1l127" custom="readingOrder {index:126;}">
                <Coords points="2083,3679 2962,3682 2962,3629 2926,3624 2824,3652 2084,3620"/>
                <Baseline points="2094,3663 2136,3663 2179,3663 2222,3664 2265,3665 2308,3666 2351,3668 2394,3669 2437,3670 2480,3672 2523,3673 2565,3674 2608,3675 2651,3676 2694,3676 2737,3676 2780,3675 2823,3674 2866,3671 2909,3668 2952,3664"/>
                <TextEquiv>
                    <Unicode>tjänsten är mindre tydlig. Den koncen-P</Unicode>
                </TextEquiv>
            </TextLine>
            <TextLine id="r1l128" custom="readingOrder {index:127;}">
                <Coords points="2080,3727 2488,3726 2587,3754 2704,3736 2888,3768 2890,3683 2730,3707 2535,3680 2486,3707 2353,3674 2321,3694 2081,3682"/>
                <Baseline points="2090,3711 2129,3714 2168,3715 2208,3717 2247,3719 2287,3720 2326,3722 2366,3723 2405,3723 2445,3724 2484,3725 2523,3726 2563,3726 2602,3727 2642,3727 2681,3728 2721,3729 2760,3730 2800,3732 2839,3733 2879,3734"/>
                <TextEquiv>
                    <Unicode>tration som tidigare utmärkt honom har</Unicode>
                </TextEquiv>
            </TextLine>
            <TextLine id="r1l129" custom="readingOrder {index:128;}">
                <Coords points="2066,3796 2147,3775 2875,3811 2876,3766 2758,3740 2068,3728"/>
                <Baseline points="2078,3766 2117,3768 2156,3769 2195,3770 2235,3771 2274,3772 2313,3773 2353,3774 2392,3775 2431,3776 2471,3777 2510,3778 2549,3779 2588,3780 2628,3781 2667,3782 2706,3783 2746,3784 2785,3785 2824,3786 2864,3787"/>
                <TextEquiv>
                    <Unicode>gifvit vika för en alltför stor fullstän¬</Unicode>
                </TextEquiv>
            </TextLine>
            <TextLine id="r1l130" custom="readingOrder {index:129;}">
                <Coords points="2074,3813 2124,3836 2450,3851 2562,3827 2588,3851 2718,3858 2843,3851 2885,3818 2075,3768"/>
                <Baseline points="2085,3814 2124,3816 2163,3817 2203,3819 2242,3821 2282,3823 2321,3824 2361,3826 2400,3827 2440,3829 2479,3830 2518,3832 2558,3833 2597,3834 2637,3835 2676,3836 2716,3837 2755,3838 2795,3838 2834,3839 2874,3839"/>
                <TextEquiv>
                    <Unicode>dighet och vidlyftighet i apparat och</Unicode>
                </TextEquiv>
            </TextLine>
            <TextLine id="r1l131" custom="readingOrder {index:130;}">
                <Coords points="2073,3869 2514,3906 2947,3902 2948,3857 2877,3840 2774,3867 2745,3845 2606,3864 2543,3838 2074,3839"/>
                <Baseline points="2084,3866 2126,3869 2169,3871 2211,3874 2254,3875 2297,3877 2339,3878 2382,3880 2424,3881 2467,3882 2510,3883 2552,3884 2595,3885 2637,3886 2680,3887 2723,3888 2765,3889 2808,3891 2850,3893 2893,3894 2936,3896"/>
                <TextEquiv>
                    <Unicode>dialog. Likväl gör det den starkaste ver-o</Unicode>
                </TextEquiv>
            </TextLine>
            <TextLine id="r1l132" custom="readingOrder {index:131;}">
                <Coords points="2061,3946 2166,3926 2339,3954 2412,3937 2437,3961 2758,3940 2838,3966 2861,3961 2863,3897 2644,3915 2549,3889 2125,3878 2063,3900"/>
                <Baseline points="2072,3920 2111,3921 2150,3922 2189,3924 2228,3925 2267,3927 2306,3928 2345,3930 2384,3931 2423,3933 2462,3935 2501,3936 2540,3938 2579,3939 2618,3940 2657,3941 2696,3942 2735,3943 2774,3943 2813,3944 2852,3944"/>
                <TextEquiv>
                    <Unicode>kan och härtill har regien, ledd af Gus¬</Unicode>
                </TextEquiv>
            </TextLine>
            <TextLine id="r1l133" custom="readingOrder {index:132;}">
                <Coords points="2879,3956 2892,3955 2896,3960 2903,3961 2913,3957 2924,3963 2937,3958 2941,3960 2945,3956 2960,3955 2958,3902 2945,3903 2926,3897 2920,3904 2901,3911 2895,3906 2878,3907"/>
                <Baseline points="2890,3950 2920,3946 2950,3948"/>
                <TextEquiv>
                    <Unicode>#</Unicode>
                </TextEquiv>
            </TextLine>
            <TextLine id="r1l134" custom="readingOrder {index:133;}">
                <Coords points="2061,3981 2731,4024 2950,4010 2952,3961 2872,3933 2739,3967 2568,3941 2336,3959 2170,3925 2063,3947"/>
                <Baseline points="2072,3971 2115,3973 2158,3974 2202,3975 2245,3977 2289,3979 2332,3980 2376,3983 2419,3984 2463,3986 2506,3989 2549,3990 2593,3992 2636,3994 2680,3995 2723,3996 2767,3997 2810,3998 2854,3998 2897,3998 2941,3998"/>
                <TextEquiv>
                    <Unicode>taf Linden, och de enskilda skädespelar-in</Unicode>
                </TextEquiv>
            </TextLine>
            <TextLine id="r1l135" custom="readingOrder {index:134;}">
                <Coords points="2061,4026 2795,4072 2949,4040 2937,4000 2486,4020 2303,3984 2179,4004 2063,3983"/>
                <Baseline points="2073,4027 2116,4027 2159,4027 2202,4029 2246,4031 2289,4032 2332,4034 2376,4037 2419,4040 2462,4042 2506,4044 2549,4047 2592,4049 2635,4050 2679,4051 2722,4051 2765,4051 2809,4050 2852,4048 2895,4045 2939,4041"/>
                <TextEquiv>
                    <Unicode>na kraftigt bidragit. Det är en nyhet ire</Unicode>
                </TextEquiv>
            </TextLine>
            <TextLine id="r1l136" custom="readingOrder {index:135;}">
                <Coords points="2874,4095 2889,4095 2893,4090 2914,4092 2918,4087 2920,4089 2931,4087 2937,4080 2950,4080 2949,4050 2927,4049 2923,4045 2910,4047 2896,4061 2894,4058 2887,4059 2883,4055 2872,4055"/>
                <Baseline points="2884,4086 2912,4085 2940,4084"/>
                <TextEquiv>
                    <Unicode>af</Unicode>
                </TextEquiv>
            </TextLine>
            <TextLine id="r1l137" custom="readingOrder {index:136;}">
                <Coords points="2057,4085 2855,4116 2857,4056 2638,4068 2577,4046 2497,4069 2394,4042 2139,4052 2059,4024"/>
                <Baseline points="2068,4076 2106,4078 2145,4080 2184,4081 2223,4083 2262,4085 2301,4086 2339,4088 2378,4089 2417,4091 2456,4093 2495,4094 2534,4095 2573,4096 2611,4098 2650,4099 2689,4100 2728,4101 2767,4102 2806,4102 2845,4103"/>
                <TextEquiv>
                    <Unicode>som kanske icke alla böra se men väl</Unicode>
                </TextEquiv>
            </TextLine>
            <TextLine id="r1l138" custom="readingOrder {index:137;}">
                <Coords points="2867,4141 2884,4139 2901,4145 2914,4135 2921,4135 2925,4139 2931,4135 2946,4135 2946,4082 2935,4082 2929,4088 2918,4088 2914,4092 2899,4090 2891,4094 2878,4088 2867,4088"/>
                <Baseline points="2878,4128 2907,4128 2936,4128"/>
                <TextEquiv>
                    <Unicode>H</Unicode>
                </TextEquiv>
            </TextLine>
            <TextLine id="r1l139" custom="readingOrder {index:138;}">
                <Coords points="2058,4161 2142,4137 2854,4172 2856,4119 2804,4108 2198,4110 2061,4085"/>
                <Baseline points="2070,4127 2108,4129 2147,4131 2186,4133 2225,4135 2263,4137 2302,4138 2341,4140 2380,4143 2418,4144 2457,4146 2496,4147 2535,4149 2573,4150 2612,4152 2651,4153 2690,4154 2728,4154 2767,4155 2806,4156 2845,4156"/>
                <TextEquiv>
                    <Unicode>hvarje intellektuellt verksam människa</Unicode>
                </TextEquiv>
            </TextLine>
            <TextLine id="r1l140" custom="readingOrder {index:139;}">
                <Coords points="2858,4188 2881,4180 2951,4182 2949,4133 2932,4134 2928,4138 2915,4134 2907,4141 2889,4135 2875,4147 2856,4143"/>
                <Baseline points="2867,4176 2903,4173 2940,4173"/>
                <TextEquiv>
                    <Unicode>ke</Unicode>
                </TextEquiv>
            </TextLine>
            <TextLine id="r1l141" custom="readingOrder {index:140;}">
                <Coords points="2052,4182 2398,4184 2399,4147 2343,4155 2309,4146 2282,4158 2152,4139 2118,4160 2082,4136 2053,4144"/>
                <Baseline points="2062,4174 2087,4179 2112,4182 2137,4185 2162,4187 2187,4187 2212,4187 2237,4187 2262,4186 2287,4186 2312,4185 2337,4185 2362,4185 2388,4186"/>
                <TextEquiv>
                    <Unicode>1— inte därför „</Unicode>
                </TextEquiv>
            </TextLine>
            <TextEquiv>
                <Unicode>
der dl viagn scener, som anner 
Thet, om djupa reserver som finnas men
bli Hite för allmänna i sin ton. Där är
inte komma i dagen. Pä samma gäng
vidare den världsfrämmande och kuriöse
den allra riktigaste känsla hos skädespe¬
professor Pflugfelden (August Palme)
ren för personens plats i dramat. Bern¬
med en nägot fantastisk härrikedom men
hardi är visserligen centrum men ingen
i sin naiva hjärtlighet och frispräkighet
märkvärdighet i sig; han har inte Stock¬
en lefvande figur. Slutligen som bjärt
manns vitalitet, barnahumor och rörlig¬
kontrast professor Ebenwald (Nils Per¬
het, inga agitatoriska afsikter; men isonne) falsk och fräck, lysten pä infly¬
stället pä djupet en viss tro pä en ab-tande och pä hämnd, en af dessa figurer
strakt sannings segerkraft, egendomligt
som man inte riktigt tror pä — när
förmäld med förakt för människohopens
man ser dem pä scenen! Hr Personnes
feghet och lumpenhet. Han är männi¬
spel verkade i början för starkt färg¬
skokännare, men, som författarens spräk¬
lagdt, men ju mera mannens hänsyns¬
rör i sista akten framhäller, han kan
lösa fräckhet uppenbaras under styckets
egentligen inte handtera dem och är för
gäng, desto bättre sammanfalla förfat¬
normal praktisk uppfattning ’ett stort
tarens och skädespelarens intentioner.
nöt'. Han skulle nog vilja dirigera hän¬
Hela detta galleri skänker färg och
delserna men är för mycket aristokrat
omväxling ät de väsentliga uppträdena
och för mycket skeptiker till att gripa
som finnas i de samtal Bernhardi för
in med fast hand.
med ministern Flint (Ivan Hedqvist),
Hillberg betonar detta litet längsam¬
med prästen (Anders de Wahl) och med
ma, reflekterande i Bernhardis väsen;
hofrädet (Gösta Hillberg). Hans lug¬
det är en man som kan säga en kvick¬
na öfverlägsenhet och fullständigt opo¬
het, fälla en skarp replik men mera un¬
litiska jämvikt bringar demur jämvik¬
dantagsvis; i regeln smäler han, lyssnar
ten eller förmär dem att blotta sina in¬
och stryker öfver det passerade med en Inersta tankar. Den opportunistiske po¬
halft road, halft trött gest. Betecknan-litikern förräder sin mani att använda
de för detta är sammanstötningen med
människor och händelser för sina syften
prästen som hos en annan skulle blifvit
men vinner ett ögonblick nägot af Bern¬
skarpare och mera definitiv. Men här hardis osjälfviskhet. Och prästen blir
märks det icke pä annat än de obetyd-fullt fattbar i sin ensidigt inriktade syn
p
àl
ligaste smädrag, en svag förändring i to-]varmt kännande pä sätt och vis ärlig
de
nen, en höfning pä täspetsarna, en flyk¬
men med den älskvärdaste anstrykning
84
tig sammandragning af ansiktet. Det
af jesuitism, dä han privat urskuldar sig
re
hör till dramats ironi att just en sädan för sin förtegenhet i det offentliga. Hrine
at
man, den minst aggressive, skall bli fö-de Wahl har ett ovanligt fast grepp om
remäl för smädelse och pöbelhat.
det värdigt, prästerliga och hr Hedqvist K#
ta¬
För den som utgär frän dessa synpunk¬
ger i raska drag realpolitikerns typ. nu
ter blir det värdefullaste i Schnitzlers
Skädespelet rör sig sälunda i grun¬
komedi eller drama — hvad man vill kal¬
nir
den icke om antisemitism och fördoms¬
la det — de rent intellektuella samman¬
get.
frihet, om religion och vetenskaplighet;
rar
drabbningarna mellan hufvudpersonen
det är fräga om den isolering hvari en#ky#
och de olika typer af handlings- och re¬
fin och själfständig personlighet i vära
hög
flexionsmänniskor som omge honom. För
na
dar och i de mest kultiverade kretsar
andra skall kanske den främsta lockelsen
rane
sà lätt försättes, det gäller oförmägan
Porbattrate!
ligga i konflikten mellan religion och mo¬
tyvärr fullkomligt meningslöst arbete,
hos de flesta människor att döma lidelse¬
dern humanism, mellen jude och kris¬
fritt och det gäller den bildade pöbelns
ten; för äter andra bli de första akternas hotfulla öfvermakt. Bernhardi har al¬
drig visat nägon fimtlighet mot religio-därför att den är ett d
nen eller dess utöfvare, han har icke verk men därför att d
förgätt sig eller ens lätit förleda sig afliga förhällanden som
en hastig impuls. Han är en i högsta
och öfverallt ingripan
grad allvarlig, lugnt öfvervägande, hu¬
man, tolerant man som endast — i min
tanke — läter sin egen föreställning om
läkareplikt antaga väl stora dimensio¬
ner. Att just han skall räka ut för
dessa förföljelser är groteskt och me¬
ningslöst men sprider ett intressant ljus
öfver svagheter 1 det moderna lifvet —
i detta som engelsmännen kalla human
ol
intercourse, den mänskliga sammanief¬
m
naden.
R
Schnitzlere drama har sälunda sitt
un
största värde i de rent mänskliga och so-M
ciala sidorna, medan den dramatiska för-g#
tjänsten är mindre tydlig. Den koncen-P
tration som tidigare utmärkt honom har
gifvit vika för en alltför stor fullstän¬
dighet och vidlyftighet i apparat och
dialog. Likväl gör det den starkaste ver-o
kan och härtill har regien, ledd af Gus¬
#
taf Linden, och de enskilda skädespelar-in
na kraftigt bidragit. Det är en nyhet ire
af
som kanske icke alla böra se men väl
H
hvarje intellektuellt verksam människa
ke
1— inte därför „</Unicode>
            </TextEquiv>
        </TextRegion>
    </Page>
</PcGts>
