3392 4352
2916 290 3056 364 613
1200 280 2240 359 DEUTSCHE MEDIZINISCHE WOCHENSCHRIFT.
413 313 796 402 27. März. 1913.
1737 371 3040 443 des kingen Kultministers, der sein Mantelchen nach dem Winde hangt.
631 391 1727 462 dlie bisweilen doch recht abscheuliche Welt des Seins mit
1726 417 3055 492 seines noch klügeren Hofrats und seines widerspenstigen. allzuehrlichen
632 431 1722 500 einem goldenen Schein verklärt, nur ein spöttisches Achsel¬
1728 473 3050 531 Freundes Bernhardi: als Bernbardi dem Hofrat Winkler vorhält: „End
642 476 1731 534 zucken ernten: darob werden sich seine hellen Augen nicht
1736 515 3061 575 soll ich Ihnen etwas sagen. Herr- Hofrat: Sie in meinem Fall hätten genan
634 508 1726 565 trüben, seine fröhliche Stirn nicht umwölken. seine lachenden
638 555 1721 611 Lippen nicht kräuseln; und wir werden uns die Lust an
1731 547 3056 635 so gehandelt.:“ da entgegnet der zrnisch: Möglich. da wär ich halt
637 595 1729 646 seinen Werken in Poesie und Prosa nicht vergällen lassen.
1788 600 3064 676 Tentschneligen schon. Herr P’rofessor — grad so ein Viech gewesen
635 619 1734 691 Wenn wir von ermüdender Verstandesarbeit ausruhen und
1738 650 1952 717 wie Sie!“
631 670 1731 731 einen Gang in das Wunderland klingender und singender
1827 668 3054 746 Das Schwergewicht der Komödie, das im Anfang ins Aerztlich¬
636 709 1732 757 Gefühle unternehmen wollen, dann werden wir auch wieder
1731 722 3050 795 Meuschliche fällt, verlegt sich allmählich ins Politische, und schließlich
639 753 1728 807 Ludwig FinekhsRosendoktor“. „Rosen“, „Biskra“,
1737 778 3059 831 findet Bernbardi wieder den Weg zu sich selber, als er aus dem Gefängnis
641 785 1737 835 und namentlich die „Reise nach Trippstrill“ zu Führern
1732 814 3061 879 heraus die Abrechnung, die er zu halten gesonnen war, vergißt und sich
646 819 1729 876 erwählen. Und wer von den Kollegen die Geniisse dieser
1747 864 3059 923 bewußt wird, daß einem Mann wie ihm niemand Gesetze diktieren kann
643 846 1739 925 Lektüre bisher verabsäumt hat, der hole sie ballligst nach:
822 891 1705 951 — falls ihnen das Glück hold gewesen ist —
636 905 843 963 sie und
1748 909 2512 976 als nur der Gott in der eigenen Brust.
644 933 1737 994 ihre Bräute und Frauen werden uns für die Empfehlung
1823 942 3054 1009 Ich denke, das Stück, das ich für ein schönes Kunstwerk halte,
1627 973 1692 1026 S.
1549 980 1604 1027 .
640 987 933 1053 dankbar sein.
1751 993 3066 1059 wird auf der Bühne, mit ausgiebigen Strichen, eine tiefe Wirkung haben:
1743 1034 3062 1110 es liest sichaberauch als Buch vortrefflich. Es ist ja immereine Lust. einen
860 1057 1303 1138 Professor Bernhardi.
1743 1077 3059 1136 so auf richtigen und hellen Künstlergeist an der Arbeit zu sehen. nament¬
613 1107 1532 1197 Komödlie in 5 Akten von Arthur Schnitzler.
1745 1130 2664 1193 lich wenn wir selber unter seinem Messer liegen.
778 1165 1398 1218 S. Fischer, Verlag, Berlin, 1912.
509 1181 1733 1264 Da hat uns aber einmal einer gründlich unter die Nase geleuchtet.
1831 1176 3061 1258 Das letzte Novellenbuch von Altmeister Paul Heyse „Plande¬
423 1242 1742 1314 unser Kollege und Bruder in Aeskulap und Apoll Arthur Schnitzler.
1740 1239 3069 1314 reien eines alten Freundespaares“ (Stuttgart, bei J. G. Cotta, zweite
414 1283 1736 1356 Alle, wie wir da leben und arzten. kommen drin vor. in der Komödie
1748 1285 3076 1346 bis vierte Auflage. 1912) berührt uns Aerzte insofern, als der eine
422 1338 1734 1392 Professor Bernhardi“, wir können uns geschmeichelt und getroffen
1742 1329 3065 1394 Partner, der Freund, in das Gewand eines Medizinalrats gesteckt ist,
1754 1367 3067 1449 seine Gespräche des öfteren eine medizinische Färbung tragen und
418 1371 1741 1435 fühlen, wo wir wollen, und uns freuen, wenn der andere getroffen ist.
423 1416 1743 1481 Ich sitze ein wenig neben draußen und beobachte mit heimlicher Liebe die
1747 1405 3062 1490 an Dinge rühren, die außerhalb der Laienpsvehologie besonderes Ver¬
422 1454 1741 1535 mannigfaltigen Typen in unserem geistig so überaus regsamen Stande:
1744 1457 3076 1526 ständnis gerade beim Arzt finden werden. Der Medizinalrat raucht
1755 1503 3074 1568 seine Zigarre und trinkt sein Täßehen Tee bei der alten Dame, und da
418 1504 1740 1571 und ich kann sagen, ich habe wundervolle Kollegen angetroffen, die
430 1539 1742 1620 mir den manchmal schon wankenden Glauben an die Menschheit wieder¬
1749 1545 3071 1607 kommen sie auf allerhand zu sprechen, was ihre Herzen bewegt hat.
426 1587 1745 1661 gegeben haben. Lebenswahrheit hat das Stück. und der fein ironisierende
1747 1589 3086 1655 Der anspruchslose Titel fordert keinen allzustrengen Maßstab heraus;
428 1632 1741 1699 Geist Schnitzlers hält uns den boshaft liebenswürdigsten Spiegel vor.
1751 1629 3073 1698 aber es ist doch interessant, den flüssigen, eleganten Unterhaltungston.
429 1677 1738 1745 Jeder von uns hat gewiß schon Achnliches erlebt, oder er wird es noch
1745 1661 3083 1735 #dler kein schweres Gold und Silber zu führen braucht, mit der Sprache
419 1726 1738 1788 #erleben, auch wenn die Komödie in Oesterreich spielt ums Jahr 1900.
1751 1718 3083 1792 moderner Novellisten zu vergleichen, die jedes Wort sorgsam abwägen,
521 1761 1748 1822 Professor Bernhardi, der Gründer und Direktor des Privatkranken¬
1749 1761 3082 1827 ehe sie es ansprägen, ohne daß eine Unnatürlichkeit entsteht. Die große
422 1813 1744 1864 hauses Elisabethinum in Wien, hat einen Kranz erlesener Kollegen als
1754 1815 3076 1878 Leichtigkeit der Rede bringt ihre Bedenklichkeiten mit sich. So heißt
427 1854 1733 1913 Mitarbeiter um sich: Rassejuden, wie den tapferen Dr. Löwenstein —
1763 1841 3082 1920 es einmal: „Ich hatte ihn im stillen beobachtet und gesehen, daß er in
425 1887 1753 1958 und sie sind nicht die schlechtesten —. getaufte Juden. die ihr Blut
1758 1884 3080 1962 verdrossener Stimmung hastiger. als gut war. getrunken hatte, sodaß
430 1932 1756 1998 stramm verleugnen durch Betonung antisemitischer Gesinnung, und
1754 1928 3070 1999 sein bleiches Gesicht glühte und seine Augen mit Blut unterlaufen waren.“
430 1978 1753 2037 Christen, katholische Christen, die sehr leicht in ihren religiösen Ge¬
1759 1980 3084 2044 Das ist eine Floskel, die sich in älteren Romanen häufig findet; in Wirk¬
436 2020 1749 2083 fühlen verletzt sind und politisch werden: darüber der prächtig modellierte
1765 2012 3081 2084 lichkeit habe ich die blutunterlaufenen Augen im Verlauf einiger Gläser
436 2063 1752 2125 Kopf Bernhardis, des Nurmenschen, der von Geblüt Jude und von
1757 2081 2141 2144 Wein nie gesehen.
1857 2085 3087 2179 Anders stcht es mit dem sittlichen Gehalt der Novellen; sie sind
432 2115 967 2181 Denkungsart — Mann ist.
533 2124 1753 2206 Die Fabel ist die: Ein junges Mädehen liegt rettungs los an Sepsis.
1752 2153 3085 2221 damit wohl angefüllt und nehmen manche uns bewegende Frage recht
430 2194 1752 2248 in schönster Euphorie; sie glaubt, im nächsten Augenblick werde die
1757 2196 3085 2254 Pernst aufs Korn. Gleich in der ersten Novelle. „Faustrecht“, geht es
431 2223 1759 2297 Tür aufgehen und ihr Schatz hereinkommen. Vor ihrer Tür aber stcht
1754 2238 3089 2304 ums Duell, und der Medizinalrat verficht es unter Umständen; zwei
433 2278 1745 2346 der Pfarrer, um ihr die letzte Oelung zu spenden. Bernhardi, erkennend,
1767 2279 3089 2349 Fälle aus seinem Leben. Grenzfälle zwischen Notwehr und Selbsthilfe,
439 2320 1761 2387 daß einer Glücklichen im Anblick des P’farrers die erschreckende Wahrheit
1769 2316 3082 2391 beweisen, daß es Verhältnisse geben kann, die einem Menschen die Waffe
446 2361 1762 2427 aufblitze, verbietet Hochwürden den Eintritt; aber schon hat eine
1757 2377 3089 2440 in die Hand drücken, und sie bringen die alte Wahrheit vor Augen, daß
438 2406 1760 2484 Schwester die Kranke vorbereitet, und sie ist jäh erfassend gestorben.
1759 2413 3081 2484 das Leben reicher und vielgestaltiger ist, als daß man es durchaus in
540 2443 1760 2511 Bernhardi glaubt seine Pflicht als Arzt und Meusch getan zu haben:
1776 2463 3088 2527 menschliche Gesetze zwängen könnte; es wird immer darüber hinaus¬
439 2493 1755 2562 Zu meinen Pflichten gehört es, wenn nichts anderes mehr in meinen
1762 2517 1943 2578 quellen.
448 2534 1760 2604 Kräften steht, meinen Kranken, wenigstens soweit als möglich, ein
1851 2525 3082 2605 Mit Geist und lebhafter Grazie vertritt die alte Professorin in einer
448 2578 1766 2653 glückliches Sterben zu verschaffen.“ Aber er hat auch ein Kapital¬
1760 2587 3082 2646 der Novellen die Meinung, die Fran sei nur physisch das schwächere Ge¬
447 2615 1756 2686 verbrechen begangen, das verspürt er bald. Ein glückliches Sterben?
1774 2619 3093 2694 schlecht; an seelischer Kraft. an innerer Widerstandsfähigkeit gegen
473 2665 1759 2725 = Es ist wahrscheinlich, Herr Professor, daß wir darunter verschiedene
1775 2680 2628 2740 Verführungen sei sie dem Manne überlegen.
442 2701 1771 2767 Dinge verstehen.“ — Die Fürstin Stixenstein legt das Protektorat über
1852 2705 3089 2783 In diese Doktorfragen, die das Leben verschieden zu beantworten
448 2749 1764 2825 das Elisabethinum nieder, das Kuratorium demissioniert, im Parlament
1761 2754 3080 2821 liebt, ist eine Fülle von Erfahrungen der beiden alten Heißsporne aus¬
452 2790 1764 2862 kommt eine Interpellation, Bernhardi verzichtet auf sein Direktorat.
1769 2789 3091 2878 geschüttet, und es will mir nach allem vorkommen, daß auch die Theorien
445 2833 1761 2899 das ihm ehrgeizige Neider verleiden, und im Sturm der Meinungen ereilt
1778 2842 3090 2908 moderner Frauenbünde noch so grau sind, wie sie es schon zu Goethes
450 2883 1765 2947 ihn, trotz der Gunst des Prinzen Konstantin, trotz der Gewogenheit des
1776 2903 2072 2969 Zeiten waren.
450 2929 1667 2987 Ministers Flint, die Strafe: Gefängnis wegen Religionsstörung.
1871 2907 3082 2996 Hübsch wird im „Altruismus“ unser Zeitalter der Humanität ge¬
544 2952 1772 3034 Kollegen rechts. Kollegen links. Wie der treffliche Professor P'flug¬
1774 2964 3096 3041 streift mit seinen Krüppelheimen und Idiotenasvlen und das Für und
446 3007 1766 3076 felder sagt:  Es gibt Streber. Schurken. Tröpfe.“ Aber es gibt auch
1779 3016 3098 3083 Wider gegen die Verzärtelung abgeblitzt. Ich meine, in der Aufpäppelung
448 3053 1767 3115 famose Kerle, und Bernhardi selber ist ein Prachtmensch. Gewiß auch
1779 3079 3095 3128 lebensuntüchtiger Geschöpfe kann unsere Kultur zu weit gehen; es ist
453 3090 1772 3174 der Pfarrer in seiner Fakultät: das stellt sich in dem starken Dialog
1776 3096 3095 3170 nicht notwendig, die natürliche Auslese gewaltsam zu hindern und die
453 3134 1766 3213 zwischen den beiden nach der Verurteilung heraus. Und dann schma¬
1786 3143 3091 3211 vorhandene Uebervölkerung nach allen Regeln der Kunst zu steigern.
455 3179 1768 3252 rotzt noch ein Bursche da herum, der Kandidat Hochroitzpointner.
1778 3181 3097 3253 Wir wollen buchen, daß auch Paul Hevse, den wir hier wohl mit dem
456 3225 1768 3285 der auf allen Abteilungen hospitiert und die ganze böse Geschichte auf
1776 3222 3105 3302 Medizinalrat identifizieren dürfen. mit uns einig ist, es sei „ein wahrer
455 3262 1762 3341 dem Gewissen hat. ein Lump. wie er auch im Leben anzutreffen ist.
1778 3268 3103 3339 Hohn auf das Gebot der Nächstenliebe. daß uns Aerzten nicht gestattet
462 3305 1768 3383 und nicht nur bei uns: es sind Edelmenschen und Bösewichter, aber
1776 3310 3095 3385 ist. einem in unerträglichen Qualen Ringenden, der unrettbar verloren
453 3356 1661 3432 nicht übertrieben und karikiert, sondern echt und wohlgetroffen.
1776 3361 3095 3436 ist. durch ein mildes Schlafmittel für immer Ruhe zu verschaffen:
554 3403 1768 3467 Viele mit dem Herzen geprägte Worte fallen in der Komoclie:
1776 3400 3101 3466 und daß es töricht ist, sich verpflichtet zu glauben, einen Selbstmörder
456 3441 1782 3515 so das Wort des jungen Dr. P'flugfelder, ale Dr. Adler ihn anhaut: Sie
1779 3448 3108 3521 an seinem Entschluß zu hindern, wenn auch diese Torheit oft durch das
456 3481 1775 3557 waren ja deutschnationaler Couleurstudent.“— Antisemit. Ja¬
1791 3502 2415 3568 Leben selbst gerechtfertigt wird.
462 3520 1784 3583 wohl. Herr Dozent. Bin’s sogar noch immer, im allgemeinen. Nur bin
1869 3519 3096 3606 Im Don Juan“ wünscht sich die Fran Professorin eine ebenbürtige
460 3553 1786 3636 ich seither auch Antiarier geworden, ich finde. die Menschen sind im
1782 3583 3095 3649 Gegenspielerin des Weiberjägers, eine Frau von so starker innerer Rein¬
456 3607 1778 3682 allgemeinen eine recht mangelhafte Gesellschaft, und ich halte mich
1785 3615 3098 3689 heit, daß der Dämon an ihr zuschanden würde; und sie erzählt die Ge¬
462 3645 1783 3717 an die wenigen Ausnahmen da und dort.“ Aber es stcht auch manch
1789 3662 3105 3741 schichte einer solehen Fran, die warmblütig wie nur eine doch der Werbung
461 3695 1784 3756 überflüssiges Wort darin, überflüssig für die dramatische Wirkung:
1786 3721 2928 3784 eines Gewohnheitsverführers widerstand, freilich nur im Tod.
462 3737 1787 3812 im ersten Akt, da der Knoten sich schürzt, trifft alles noch knapp und
1872 3754 3099 3819 Was sonst noch in dem Buche steht, die Herzenswirrnis eines jungen
464 3782 1787 3862 blutvoll anfeinander: und auch später sprüht es wohl noch öfter da¬
1783 3790 3105 3859 Mediziners und die schöne Liebesgeschichte eines Fräuleins von Planta
460 3814 1786 3879 zwischen von Geist und Tat. aber in fünf Akten kann auch recht viel
1785 3840 3104 3920 mit einem Tischlergesellen, das gibt den besten Begriff von der alt¬
463 3866 1779 3947 geredet werden, wenn der #ag lang ist und ein Dutzend Kollegen bei¬
462 3930 3119 3997 sammen sind. Dazu verstriekt sich die Sache in Auseinandersetzungen 1 gereiften und abgeklärten I’syehologie Herses. Wie s## zuletzt die beiden
