3392 4352
283 186 1487 289 25. Prefessen Bernhandi
779 1579 1649 1650 36 PRCFESSOR BERNHARDI: A PLAY
784 1640 1724 1692 the members of the Advisory Board, etc., etc.,
789 1698 1728 1740 have decided to resign from their honorary
793 1724 1726 1781 positions. In communicating this decision to
794 1766 1721 1809 you, Mr. President, I request that you notify
796 1806 1562 1852 the Board of Directors and the Staff.
882 1831 1712 1887 Signed: Counselor Winkler, Secretary.“
833 1881 1730 1919 Ebenwald: I would ask our President if the
791 1924 1525 1966 cause of this action is known to him?
836 1947 1714 1992 Bernhardi: I shall answer the question of
789 1988 1716 2033 the Vice-President in all brevity. Yes, I know
799 2034 1718 2086 the cause; and it lies in the same incident of
788 2067 1716 2119 which you have just now read with more or
787 2101 1720 2155 less pleasure, in the form of a so-called indict¬
798 2142 1720 2184 ment in the evening paper. As a certain par¬
791 2181 1364 2230 ty misrepresents this case—
835 2221 1296 2270 Filitz: Which party?
823 2253 1726 2316 Pflugfelder: The anti-Semitic — clerical
792 2297 941 2352 party.
831 2322 1719 2366 Bernhardi: I, as President of this institu¬
788 2364 1723 2408 tion, desire to ask you how we should deal with
1180 2406 1720 2461 (Cyprian rises.) Profes¬
785 2407 1161 2461 this resignation?
791 2444 1334 2501 sor Cyprian has the floor.
845 2477 1722 2522 Cyprian: We all know the cause, or rather
787 2514 1726 2570 the pretext for this resignation. We all know
798 2557 1722 2610 that Bernhardi fulfilled his duty as a physi¬
803 2598 1719 2643 cian, when he refused admission to the priest.
803 2632 1734 2687 We all know that we would have acted as he
790 2671 836 2720 d
835 2705 1162 2756 Filitz: O-ho!
836 2739 1237 2796 Schreimann: No!
832 2782 1719 2828 Cyprian (continuing): There is only one
796 2827 1724 2867 answer to this attack, and that is, to express
802 2864 1727 2914 our implicit confidence in our President, Pro¬
787 2897 1166 2945 fessor Bernhardi.
828 2928 1277 2992 Pflugfelder: Bravo!
1578 190 2109 277 box 31/8
1983 1545 2839 1618 PROFESSOR BERNHARDI: A PLAY 37
1946 1610 2324 1669 (Ebenwald rises.)
1954 1641 2838 1704 Bernhardi: Vice-President Ebenwald has
1901 1698 2130 1751 the floor!
1946 1715 2830 1775 Ebenwald: Gentlemen! Do not be deceiv¬
1905 1753 2834 1813 ed. This resignation of the Committee would
1917 1796 2826 1859 mean disaster for our institution. I am sor¬
1917 1833 2830 1892 ry, but Professor Bernhardi alone should have
1906 1869 2830 1933 the responsibility of his action, of which we do
1912 1906 2833 1968 not approve. I move that we request the re¬
1913 1945 2839 2001 consideration of this resignation on that
1914 2000 2104 2053 ground.
1968 2002 2751 2074 (Enter Loewenstein, looking very pale.)
2499 2057 2839 2111 I come from
1952 2072 2498 2115 Loewenstein. Gentlemen!
1913 2107 2831 2145 Parliament. The indictment has been an¬
1928 2125 2853 2190 swered, and you, Bernhardi, will be prosecuted
1914 2180 2442 2239 for religious disturbance.
1970 2224 2382 2268 (Great commotion.)
1952 2231 2855 2321 Pflugfelder: Impossible! Tell us all about
1909 2300 1998 2352 it.
1971 2319 2840 2374 (Amidst the great excitement Bernhardi
1919 2371 2285 2431 stands unmoved.)
1950 2383 2838 2455 Loewenstein: What is there ta tell? It’s
1929 2433 2854 2492 a disgrace! (Looking at Ebenwald.) Yon
1920 2476 2848 2531 have succeeded. You'll read it in the papers
1923 2519 2317 2574 tomorrow morning.
1980 2542 2758 2609 (Great commotion. All are shouting.)
1971 2571 2831 2640 All in unison: Tell us! What happened?
1959 2623 2845 2678 Loewenstein: Well, at first, Flint took
1929 2662 2838 2719 Bernhardi’s part, and spoke of his great mer¬
1928 2692 2847 2756 its, and von felt sure that his accusers would
1922 2741 2846 2802 be completely routed. Then there were cries
2319 2782 2351 2807 „
1927 2780 2840 2826 of" Too much Jew.“ Somehow, the Minister
1923 2810 2843 2864 lost his theme; got angry, confused, and then,
1930 2850 2855 2897 to his own surprise, I am sure, he wound up
1930 2891 2858 2949 that the law should take its course. That that
