3344 4224
412 52 555 144 E
1205 60 1518 157 Sen
417 227 3358 323 Arthur Schnitzlers senaste arbete, hans karaktärsegendomligheter ut-nens representanter till dramats star-företrädare i herrar Personne
372 274 1194 348 femaktskomedien Proiessor Bern¬
1177 285 3089 332 vecklar sig dramats handling. Ett för-kast verkande ógenblick. Hr Lindberglberts gestalter.
368 319 2771 395 hardi“, som i gär hade sin premiär pälslag en med det klerikala partiet för-Thade av den gamle vetenskapsmannen
2772 312 3358 389 Appläderna vid femte akte
385 363 1984 447 Dramatiska teatern, är närmast enbunden kollega, professor Ebenwald,
2750 383 3329 435 vo flyktigare än man kunde v
1963 383 2762 448 Cyprians roll format en fast och stil¬
391 412 1195 470 politisk satir, byggd pä den för Os¬
2750 421 3361 490 dä man tar tidens snabba
1176 417 2762 489 gör honom, att förbigä en judisk s6 full figur. Hr Palme fick en appläd
387 458 1187 516 terrike karaktäristiska motsättningen
2755 455 3359 528 stängningstimmen i betraktan
1178 463 2756 535 kande till en assistentbefattning och i för öppen ridá för sitt temperament¬
389 504 1182 561 mellan det antisemitiskt katolska par¬
2749 504 3338 567 om inte det faktum att
1182 509 2760 585 stället föreslá en annan, mindre me-ffulla försvar i tredje akten för pro¬
392 554 1188 606 tiet och det liberala. Nägon egentlig
2745 542 3360 617 stämplar hjälten, professor
1186 550 2754 625 riterad, varigenom riksdagsinterpella-fessor Bernhardi. Hr Personne hade
383 595 1190 658 aktualitet för svensk publik har icke
2750 591 3358 650 som ’ett stort nöt'’ hade sin
1186 599 2773 695 tionen eventuellt skulle kunna inhibe-frán början nägot chargerat sin roll
2752 628 3345 700 publiken, även premiärpubli
391 643 2761 730 själva konflikten i pjäsen, dä värtjras, avvisar han med indignation. Kul-zom professor Ebenwald, men höjde
2749 677 3352 735 bestämt illa varn attise den
395 689 1973 737 lands politik icke är betungad vare sigtusministern, professor Flint, en äre¬
1963 717 3359 771 sin framställning i tredje akten. givit sina sympatier och önsk
390 725 1197 794 med nägon klerikalism eller nägon ju¬
1173 739 1977 806 girig och hal politiker, lovar att
1176 771 3350 835 bistä honom, börjar ocksä sitt tal 1 Hr Ivan Nilsson hade av professor Lö-i fem akter begyeklad till all
387 773 1194 843 defräga. Men stycket har eljest bäde
1955 805 2752 870 wenstein pä fri hand gjort en pittoresk
2748 799 3359 883 den delar nog inte alls förfat
379 819 1190 886 Isom konstverk och som österrikisk kul¬
1185 822 1974 877 riksdagen meckett varmt försvar, men
2754 835 3213 913 häft filosofiska blick.
1970 855 2755 909 ##ch underhällande figur, som kanske
384 853 1191 923 turskildring ocksd fürross sitt ihtresse.
1176 867 1980 918 nar han ser det motsanen partiets styr¬
2796 877 3350 948 VidVildandens“ senaste
1961 898 2772 970 blott framträdde nägot utom rollens
384 900 1973 962 Det kan stundom — som i den senastlka och utsättes för dess hänfulla av¬
312 903 387 994 tt
2760 924 3328 988 Dramaten hördes tvä damer
1974 948 2756 1012 begränsade ram. Bland övriga upp¬
377 954 1192 1016 pä Intima teatern givna pfäsen''In¬
1175 954 1975 1019 brott, faller han av och utlövur en un¬
2761 982 3336 1049 sin uppfattning att ’den p
1963 996 2745 1048 trädande mä nämnas hrr Lambert, No¬
383 984 1183 1065 termezzo' — läda nägot artificiellt
1184 1005 1454 1066 dersökning.
302 986 397 1072 r
2757 1022 3339 1080 mer aldrig att gä’. Nägo
1972 1046 2754 1122 rée, Johannison, Gösta Hillberg och
1202 1026 1969 1110 Professor Bernhardis medicinska
305 1064 396 1116 „V
2753 1067 3338 1121 profetia kunde ätminstone un
1970 1089 2273 1155 Browallius.
319 1088 1174 1166 „trots all fyndighet och erotisk virtuo¬
1185 1091 1974 1162 krets avspeglar inom sin trüngre sfür
2752 1097 3345 1172 inte uppsnappa i gär bland
383 1136 1179 1191 sitet som här utvecklas är ämnet för
2018 1114 2768 1210 ' Professor Bernhardi'' torde vara
1176 1148 1976 1199 de politiska partiernas strid och ställ¬
321 1147 390 1200 n
2786 1148 3346 1212 Lätom oss därför hoppas
375 1179 1189 1245 honom icke outtömligt. I Professor
1970 1174 2755 1263 Schnitzlers hittills mest betydande dra¬
1184 1186 1965 1249 ning. I tredje akten har direktionen
2749 1170 3342 1255 publikens hälning var utslags
389 1221 1188 1297 Bernhardi'' finns icke ett spär av ere¬
1169 1237 1968 1302 för Bernhardis klinik ett stormigt sam¬
1967 1240 2564 1310 ma. Den förtjänar att ses.
2747 1236 3340 1298 att vi sà smäningom fá fruk
390 1275 1193 1333 tik och den enda kvinnliga uppträdan¬
1174 1283 1985 1352 manträde. Professorerna Ebenwald
2565 1275 2729 1358 J. L.
2721 1290 3336 1340 Ita läkardramas framgäng ind
380 1321 1190 1381 de är en sjukskôterska. Men i stäl¬
1178 1324 1985 1386 och Filitz representera det klerikala
2749 1329 3331 1386 dramatik i ett svenskt orig
378 1359 1181 1422 let äger detta drama, som rör sig med
1180 1374 1980 1442 partiet, Cyprian, Pflugfelder och Lö¬
2762 1372 3344 1440 Serafimerlasarettet', drama
2213 1334 2523 1470 Mollanakt.
388 1413 1170 1470 handgripliga maktfaktorer och sam¬
2741 1408 3207 1488 ter av Nils Erdmann.
1177 1418 1977 1484 wenstein det upplysta frisinnet pä
375 1451 1982 1535 mansatta problem, en fast verklighets- Bernhardis sida och slutligen d:r
1982 1438 2768 1519 Alla premiärer ha sin oföränderliga
383 1509 2760 1553 basis och utmärker sig för en logiskSchreimann, den omvände och ka-Istamtrupp, men för övrigt växlar publi¬
391 1545 948 1618 och otvungen gestaltning.
1158 1560 2761 1611 raktärslöse juden, som antagit na-ikens karaktär ganska väsentligt alltef¬
402 1578 1184 1659 Schnitzler, som själv varit läkare,
1166 1589 2765 1664 tional-tyska maner, vänder sig mot Iter teaterns rang och framför allt det
1952 1640 2588 1703 rykte som gätt före stycket.
378 1627 1174 1709 inför oss här i den Nögre -medicinska
1173 1641 1959 1700 sina stamförvanter och sluter sig till
1979 1677 2075 1735 I
2052 1664 2771 1745 gür afton t. ex. kunde den som
382 1689 1178 1745 världen i Wien. Det vimlar av pro¬
1174 1692 1977 1754 de härskande partierna. Bernhardi
1958 1722 2772 1780 kom in pä Dramatiska teaterns parkett
1175 1741 1963 1795 tvingas nedlägga sitt direktorskap. Av
1959 1772 2777 1827 även utan en aning om programmet ge¬
380 1771 1169 1839 fessor Bernhardi, av judisk härkomst,
1167 1786 1970 1840 domstolen dömes han till tvä mänaders
1960 1810 2781 1875 nast ha slutit sig av publikens samman¬
375 1835 1967 1893 förbjuder som direktör för Elisabeths-Ifängelse, trots den gode pastorn lojalt
1954 1848 2841 1920 sättning att ett rasproblem skulle kom- F.
373 1880 1965 1943 kliniken en katolsk pastor att ge ab-]förklarat sig övertygad att han med
1963 1895 2770 1957 ma att debatteras, sä talrikt var den
376 1920 1179 1990 solution ät en döende flicka han har
1172 1925 1954 1990 sitt uppträdande ej avsäg nägon de¬
1954 1939 2768 2009 semitiska rasen företrädd à bänkrader¬
376 1961 1176 2030 under sin värd. Avslaget motiveras
1176 1962 1913 2031 monstration mot katolska kyrkan.
1881 1970 1943 2022 1
1956 1979 2760 2041 na. Avenledes talrika, men mindre lät¬
384 2007 1181 2067 #ermed att flickan icke vet hon skadl
1168 2012 1957 2067 en uppgörelsescen mellan prästen och
1960 2023 2767 2085 ta att ögonblickligen identifiera voro
390 2058 1178 2121 do och atb prästens uppenbarelse där¬
1958 2070 2769 2132 läkarna. I själva verket är ju ocksä
376 2093 1176 2169 för skulle uppröra hennes sista tim¬
1167 1970 1960 2166 tertetrtchtr u rer
1946 2110 2768 2176 hjältens, professor Bernhardis egenskap
374 2145 1171 2213 Imar och päskynda hennes död. His¬
1176 2149 1961 2207 ende präst att även om han försöker
1960 2148 2789 2217 av läkare lika avgörande förstycket som)!
380 2184 1180 2253 torien kommer strax ut och utmyntas
1171 2198 1956 2252 vara uppriktigt fullt förena sanningen
1959 2197 2777 2255 den av jude. När sedan ridán gick
1183 2242 1659 2300 med kyrkans krav.
372 2227 1172 2291 av det klerikala partiet. Bernhardis
1957 2242 2829 2309 upp, fick publiken genast sysselsättning s#
2742 2274 2820 2330 K
379 2284 1186 2344 uppträdande betraktas som ett utbrott
1197 2264 1964 2355 I femte akten visar det sig, dä Bern¬
1958 2277 2761 2350 med att jämföra maskerna à scenen med
1962 2328 2758 2393 originalen à parkett, men tyektes snart
1172 2333 1954 2399 hardi redan utstätt sitt straff, att mä¬
341 2323 1174 2411 av judarnas fientlighet mot den krist¬
1955 2375 2758 2426 fängslas, uteslutande av pjäsen, Icke
380 2378 1169 2437 na religionen och som en förolämpning
1175 2378 1967 2443 let mäste revideras, dä den hysteriska
1961 2416 2761 2474 alltid fär man se en premiärpublik med
355 2426 1181 2493 mot den kristna befolkningens religiö¬
1170 2428 1955 2486 sjukskôterskan, som avgivit det mest
1963 2462 2759 2511 mera omedelbart deltagande följa hän¬
1168 2470 1957 2527 graverande vittnesmälet, anmäler att
358 2470 1166 2546 sa känslor. Tidningarna slä alarm,
1957 2503 2764 2572 delsernas gäng. Man appläderade för
1172 2507 1969 2573 hon vittnat falskt. Ministern Flint
340 2513 1173 2572 de höga medlemmarna av kuratoriet
2744 2500 2823 2582 #
1965 2548 2758 2611 öppen ridä, icke särskilt de mest glän¬
1166 2564 1959 2620 sätter sig strax in i situationen och
344 2566 1184 2632 för den med enskilda medel under¬
1954 2589 2765 2660 sande replikerna eller skädespelarnas
371 2594 1175 2665 stödda kliniken avsäga sig sina he¬
1163 2610 1959 2662 förbereder ett glänsande försvar för
1946 2623 2768 2694 lyekligaste ögonblick, men man upp¬
373 2651 1173 2714 dersposter, varmed anstalten hotas till
1163 2653 1953 2717 Bernhardi och professorn själv fär ge¬
1955 2661 2795 2738 muntrade de goda och ädla professorer-
385 2703 1181 2765 sin Pkonomiska existens, och saken
1167 2703 1956 2766 nom ett hovräds mun en lektion i
1954 2703 2812 2794 na och eggade dem att bräcka av detit
386 2745 1171 2803 bli: föremäl för en klerikal interpella¬
1172 2744 1954 2800 Schnitzlers egen icke alltför allvar¬
1942 2765 2782 2828 lumpna och intrigerande klerikalpartiet,
381 2794 766 2847 tion i riksdagen.
1148 2774 1966 2855 ligt menade skeptiska ackommoda¬
1953 2801 2771 2870 vilket, stackare, ju dock bestod pjäsens
407 2829 1977 2913 Professor Bernhardi är uteslutande Itionslära: om man inte vill bli politi¬
1955 2849 2752 2898 spänning. Om publikens sympatier va¬
374 2875 2799 2948 läkare och vetenskapsman. Det plöts-Iker eller martyr, sà fär,en klok man rit delade mellan de tvä partierna säll
377 2929 1173 2993 liga offentliga bräket kring denna hän¬
1157 2919 1962 2999 inte alltför starkt hälla pä sin rätt,
1940 2928 2766 2995 hade det kanske blivit än tätare applä¬
1176 2978 1940 3033 utan vid tillfälle jämka med plikten.
377 2968 1166 3039 delse, vid vilken han anser sig blott
1923 2960 2803 3037 der och än livligare diskussioner unders!
359 3019 1177 3091 ha fyllt sin läkarplikt, förefaller ho¬
1186 3005 2807 3076 Teatern hade sänt alla sina förnäms-Ide fyra mellanakterna, men det voro delr
1946 3060 2800 3115 icke, därför hade författaren som skick-1
355 3066 1170 3133 Inom föraktligt och ovidkommande.
1166 3071 1949 3133 ta manliga krafter i elden. Samspelet
1954 3108 2805 3163 lig karl väl sörjt. Men ut frän vilka för-J
372 3108 1168 3184 Han kan icke förmäs att ansluta sig
1176 3104 1947 3185 var gott, nägot som i synnerhet fram¬
1948 3155 2810 3214 utsättningar den ärade publiken applä¬!
381 3152 1163 3226 och sin sak till nägot parti. Han är
1161 3155 1950 3236 trädde i tredje aktens sammanträdes¬
1948 3195 2803 3254 derade professor Cyprians ord till hjäl-c.
379 3203 1168 3261 stolt och ömtälig. Han glömmer icke
1173 3211 1952 3274 scen, vilken gencm de länga an¬
1946 3228 2822 3304 ten att mänskligheten är ett pack i ge-II.
373 3239 1165 3308 lidna oförrätter. Han är svärförson¬
1167 3262 1960 3323 förandena lätt kunnat falla isär.
1954 3266 2823 3347 men, det torde den själv ha svärt attse
374 3296 1174 3351 lig och oböjlig. Han har svärt att
1171 3292 1956 3379 Skädespelarna voro upplagda och
1956 3311 2807 3388 förklara. När ett par akter gätt, ochi#.
364 3327 1175 3416 över huvud ingä pä nägon kompro¬
1165 3355 1947 3416 intresserade för sina uppgifter.
1955 3350 2828 3434 man träffades i foajéen, märkte man ##
375 3386 1164 3441 miss och framför allt icke när det
1167 3403 1949 3464 De ryckte inom kort med sig
1952 3417 2748 3470 plötsligt hur förträffligt det gick att
357 3422 1176 3506 gäller hans övertygelse. Ur dessa
1167 3446 1956 3508 publiken, som med applädsalvor
1959 3436 2751 3500 reda sig med en pjäs utan damer. Man
1947 3494 2751 3557 hade helt enkelt icke tänkt pä att snk¬
1163 3500 1944 3551 själv tog parti i scenens debatter. Det
358 3510 1122 3587 Wamt. f.„„ „„ „ „
1953 3539 2753 3598 na det kvinnliga elementet, där var sä
1159 3542 1955 3610 livliga intresset höll sig relativt jämnt
1951 3577 2758 3639 myeket av intresse ändä. Och om jag
1145 3596 1829 3649 fördelat över alla fem akterna.
1938 3603 2756 3692 varit skädespelerska pä parkett eller i
1194 3625 1954 3703 Hr Emil Hillberg uppbar värdigt
1943 3664 2754 3736 loger, som mänga voro det i gär, skul¬
1149 3667 1953 3751 den länga och fordrande rollen som
1946 3710 2746 3762 le jag ha känt mig underlig till mods.
1147 3742 1957 3800 professor Bernhardi. Han ätergav
1953 3740 2760 3806 Ty medan en salong utan damer fort¬
1151 3788 1951 3849 med myndighet och finhet vetenskaps¬
1949 3778 2756 3847 farande är nägot otänkbart, kan en
1148 3839 1945 3898 +maubens lugna, överlagenn och ironi¬
1951 3831 2802 3894 Täs utan sä mycket som ens en kam-
1165 3881 1954 3939 ska väsen. Hr Hedqvist spelade med
1948 3869 2795 3963 marjungfru under fyra hela akter bli en
1952 3924 2133 3977 Sücees.
1163 3921 1945 3977 stor brio den smidiga och vältaliga
1981 3937 2785 4029 Det är väl knappast för myeket att
1159 3975 1955 4026 ministern, som med en akrobats skick¬
1938 3992 2822 4077 beteckna gürdagens premiär som en sue¬#..
1155 4016 1948 4074 lighet balanserade pä politikens labila
1940 4040 2744 4094 uda Rsie srsiter ech krisina vore bo.
