3392 4256
821 -36 1083 33 Vrnvee.
538 -2 1437 81 eo- Einiges von weittragender Beden¬
464 54 1429 121 tung hat sich ereignet, Throne haben stürzen,
463 109 1424 169 Reiche entstehen und vergehen müssen, ehe die
461 139 1452 202 erste Aufführung von ArthunEchuilns-
465 190 1433 248 Komödie „Professor Bernbardi“ in Wien
456 226 1427 293 möglich werden konnte. Sieben Jahre — aber
461 271 1436 343 welche Jahre! — liegen zwischen dem Erscheinen
456 324 1440 372 des Buches und gestern. Der Fall Bernhardi war
454 368 1431 432 einmal eine große politische Aifäre bei uns;
465 411 1430 476 sogar die geplante Aufführung in Preßburg vor
468 448 1437 524 geladenen Gästen wurde durch „höhere“ Gewalt
456 492 1429 573 verhindert, und die politischen Parteien von
467 538 1440 610 rechts und von links schlugen förmliche Schlachten
469 583 1436 639 um diese so vornehm und so taktvoll kühne
468 626 1440 695 Komödie. Wenn man jetzt die „Freiheiten“ er¬
474 678 1448 730 lebt, die wir uns erst durch Weltkvieg und
464 720 1455 770 Revolution erobern mußten, fühlt man so recht
468 763 1447 826 die Beschämung der Vormundschaft, unter der
467 802 1443 862 wir nun zusammengebrochen sind. Man darf die
467 848 1443 907 Gefahren, vor denen sie uns bewahrt hat, wirklich
471 895 1447 954 nicht mit denen vergleichen, denen sie uns aus¬
466 942 1450 1003 geliefert hat, sonst müßte man — ungerecht
471 993 670 1051 werden.
558 988 1443 1073 Schnitzler versucht in seinem Professor
468 1065 1456 1132 Verhardi einen irzt zu zeigen, der zum
466 1109 1458 1169 Politiker oder Märtyrer einer Weltanschauung
475 1154 1446 1209 weder Lust noch Veranlagung hat. Er ver¬
470 1208 1449 1248 weigert dem Priester, der einer Sterbenden die
473 1245 1444 1306 letzte Oelung erteilen will, den Eintritt zu der
467 1292 1456 1357 Kranken, weil diese keine Ahnung hat, daß sie
477 1328 1452 1386 sterben muß, sondern im Gegenteil von dem
484 1371 1454 1431 Glücksgefühl sicherer Genesung erfüllt ist.
470 1419 1449 1474 Dieser Arzt ist ein Jude. Klorikale und Anti¬
479 1468 1461 1528 semiten bemächtigen sich des Falles. Der stark
478 1515 1457 1580 opportunistische Minister für Kultus und
483 1548 1448 1601 Unterricht gibt den Freund bei einer Inter¬
479 1587 1468 1662 pellationsbeantwortung im Abgeordnetenhaus
477 1645 1456 1690 preis, weil er es sich mit den Klerikalen nicht
479 1677 1444 1736 verderben darf, die Anklage wegen Religions¬
480 1738 1450 1786 störung wird erhoben, Professor Bernhardi zu
479 1770 1457 1828 zwei Monaten Kerker verurteilt. Am Tage, da
478 1810 1464 1870 er das Gefängnis verläßt, stellt sich seine
488 1858 1460 1910 Unschuld heraus. Die Kronzeugin der Anklage
474 1898 1454 1960 hat in der Beichte gestanden, daß ihre Aussage,
482 1958 1472 2014 Bernhardi habe den Priester mit Gewalt am
439 1997 1490 2117 Bekreren des Krankenzimmers verhindert, eine 9
442 2061 1402 2149 falsche war. Nichts steht der Wiederaufnahme
1397 2095 1451 2151 3
440 2097 1399 2198 des Prozesses entgegen, aber Bernhardi erachtet
440 2141 1397 2239 den Fall für sich als erledigt. Er ist kein Kämpfer,
430 2193 1405 2283 er war nur ein Opfer, er will nicht mehr in
434 2227 1397 2337 den Gerichtssaal, sondern nur zurück zu seiner
424 2272 598 2334 Arbeit.
527 2317 1402 2423 Schnitzler hat sich seine Arbeit nicht leicht
419 2362 1388 2459 gemacht. Er hat Licht und Schatten mit
421 2408 1384 2494 äußerster Delikatesse zu verteilen versucht, das
417 2460 1388 2543 Thema, das er selbst anstimmt, und die Beglei¬
412 2499 1388 2593 tung, die von der Umgebung beigestellt wird,
415 2544 1390 2624 möglichst streng auseinander gehalten. Die
405 2586 1385 2682 Figuren sind meisterhaft nach dem Leben ge¬
415 2639 1377 2725 zeichnet. Die technische Führung der Aus¬
416 2682 1379 2767 einandersetzung über den Fall ist von einer
398 2724 1374 2807 künstlerischen Vollendung, die über die
397 2768 1365 2851 Handlungsarmut von vier Akten glänzend hin¬
388 2804 619 2871 weghilft.
489 2852 1362 2946 Die Aufführung des Deutschen Volks¬
388 2901 1371 2988 theaters war eine ausgezeichnete, man merkte
397 2937 1355 3042 ihr die unfreiwillige Muße sehr vorteilhaft an,
383 2980 1366 3084 ohne Kohlennot kommen so gründlich durch¬
387 3039 1364 3129 gearbeitete Vorstellungen bei uns selten zu¬
380 3073 1351 3170 stande. In der Titelrolle bot Direktor Bernau,
383 3124 1353 3213 der auch die Spielleitung besort hatte, selbst den
377 3161 1345 3262 Freunden seiner Schausplelkunst eine angenehme
377 3207 1350 3298 Ueberraschung; es war eine wirklich außer¬
375 3256 1343 3329 ordentliche Leistung, wenn man der Figur viel¬
376 3290 1355 3402 leicht auch ein etwas nervöseres Temverament
380 3337 1342 3416 gewünscht hätte. Neben ihm gibt es nur ver¬
380 3381 1339 3480 hältnismäßig kleinere Rollen, die aber mit ver¬
383 3427 1345 3519 schwindenden Ausnahmen eine tadellose Dar¬
376 3476 1332 3568 stellung fanden. Der Erfolg war ein durch¬
365 3513 1328 3609 schlagender. Entgegen allen Prophezeiungen,
361 3564 1338 3636 bei denen der Wunsch der Vater des Gedankens
370 3610 1338 3698 war, wurde der stürmische Veifoll durch keinen
363 3642 1341 3765 Mißton gestört. Nach dem dritten Akte bedankte
369 3685 916 3765 sich der Dichter persönlich.
2181 7 2292 81 M
2417 78 2799 194 AFe Wre
2298 74 2410 172 8
2620 142 2740 186 EP
2499 154 2809 229 K
2500 201 2777 274 PU·M
2555 256 2657 293 —0—
2000 240 2201 320 Ne *
2576 273 2801 372 ArngeN
2802 314 2966 392 —
2015 394 2444 464 „ — —
2288 434 2549 540 ant
2545 458 2740 561 4
2624 535 2717 624 K
1905 521 2030 617 □
2565 567 2617 629 6
2018 742 2128 838 0
1833 891 3096 997 schreiten jedoch durch seitlich verborgen eingelegte Falten ermöglicht.
1828 965 3082 1047 Ungemein schick ist zu dem blauen Rock die ganz schmal schwarz,
1839 1009 3089 1110 rot, blau gestreifte Weste mit Goldknöpfen, deren Vorderteil be¬
1837 1044 2518 1126 deutend länger als der Rücken ist.
1949 1095 3095 1188 Elgänzend dazu ifl an dritter Stelle eine halblange Gürtel¬
1817 1154 3088 1224 jacke abgebildet, derkn Ueberkragen mit der Weste korrespondiert.
1950 1197 3082 1285 Sehr elegarst ist das vierte Modell, ein Eiskostüm mit
1833 1239 3084 1348 ebenfalls uuschtbar eingelegtem Faltenrock, einer im Rücken
1833 1276 2528 1378 längeren Jücke und Opossumkragen.
2592 1349 3048 1438 Elsa Tauber.
2466 1404 2585 1478 AR
1923 1453 3092 1545 (Deutsches Volkstheater.) Zum erstenmal: „Pro¬
1819 1512 3085 1592 fessor Bernhardi“ von Artur Sch##ihler. Sechs
1821 1565 3068 1651 Jahre ist dieses Stück alt. Sechs Jahre war es verbölen sechs
1814 1606 2929 1682 Jahre hat die österreichischeste aller Komödien gebraucht,
2976 1634 3063 1692 sie
1819 1650 3113 1740 vorgeführt werden durfte. Nun steht sie da: ein Spiegel jener unsäg¬ 1
1811 1694 3116 1800 lichen Groteske, die sich hierzuland als geistiges und politisches Leben ##
1815 1753 3109 1845 gebärdet. Mehr wie Spiegel: Wirklichkeit; Zustand; Blologie)
1816 1809 3082 1883 und Politikum; Anklage, Uxteil, Strafvollzug und „Sei'n=m'r
1805 1831 3094 1933 wieder=gut“; der österreichische Mensch im allgemeinen, in Größe
1811 1904 3090 1982 und in Kleinheit, in Stärke und Schwäche, in Borniertheit und
1815 1932 3077 2036 geistiger Freiheit, in Zorn und Toleranz, in Trotz und Lässigkeit.
1813 1993 3065 2075 In dieser Komödie vom Schicksal des Professors Bernhardi
1817 2034 3061 2113 ist Artur Schnitzler aus seinen Wrenzen getreten, von der erotischen
1814 2082 3055 2178 Psychologie weg zu einem weitgespannten Weltbild gelangt.
1793 2136 3057 2203 Die Seherkraft des Dichters und die Formkunst des Meisters
1805 2184 3068 2283 einen sich. Der Fall Bernhatois beginnt wie eine Lokalnotiz.
1801 2224 3055 2289 Der Herr Professor verweigert einem Priester den Zutritt zum
1812 2278 3051 2357 Sterbebett eines jungen Mädchens, um der Ahnungslosen nicht
1803 2321 3054 2416 die letzte Lebenshoffnung zu nehmen. Sein ärztliches Gewissen
1791 2367 3051 2469 und seine Menschlichkeit leiten ihn. Bernhardi hat das Pech
1792 2431 3049 2514 Jude zu sein und aus dem an sich strittigen Fall entsteht, o du
1791 2457 3045 2564 mein Oesterreich, eine Alfäre ein Leitartikel, eine Partei¬
1796 2532 3045 2601 angelegenheit, eine parlamentarische Interpellation; die Geister werden
1788 2546 3048 2651 aufgestört, die Schufe scheiden sich von denz Böcken, die Krummrückigen
1788 2626 3036 2718 und die Aufrechten, die Prinzipiellen und die Grundsatzlosen,
1785 2666 3040 2739 die Kirchengänger und die Freidenkenden sind in Bewegung, und
1781 2719 3028 2796 mitten in diesem Schwarm und Kampf steht Vernhardi da und
1787 2764 3036 2848 weiß nicht, wie ihm geschicht. Er ist kein Politiker, ist nur
1774 2819 3043 2891 Wissenschaftler, nur Arzt, hat bloß das Gefühl, nichts Unrechtes
1779 2859 3028 2936 getan zu haben, möchte den ganzen Streit von sich schieben,
1781 2911 3033 3000 möchte seinen Standpunkt wahren oder auch nicht, kurzum: er
1776 2944 2759 3025 will, gut österreichisch, seine Ruhe. Aber
2758 2972 3024 3036 die Ver¬
1772 2981 3033 3090 haltnisse sind stärker. Er wird angeklagt, verurteilt,
1783 3048 3023 3124 rehabilitiert, und als er zum Schluß mit dem Hofrat
1776 3096 3025 3183 im Unterrichtsministerium (eine sichtbar nach Burckhard
1762 3162 3019 3226 geformte Figur) über seinen Fall spricht und dabei behauptet, daß
1765 3196 3022 3284 auch er, der Hofeat, genau so gehandelt hätte, gibt ihm dieser
1772 3245 3010 3347 zur Antwort: „Möglich. Da wär ich halt, entschuldigen schon,
1767 3283 3021 3377 Heir Professor, grad so ein Viech gewesen wie Sie.“ Allerdings,
1761 3357 3023 3433 es sieht so aus, als ob dieser Professor Bernhardi ein Viech ist;:
1754 3391 3026 3469 ungebätdig, rechthaberisch, Kämpfer und Kneifer, Wortklauber
1757 3431 3010 3521 und Pathetiker, Jude und Europäer. Aber er will überhaupt
1759 3470 2999 3561 kein Held sein, ist es auch nicht, so sehr ihm die Rolle zuge¬
1756 3512 2998 3609 schnitten wird und doch ergibt, was ein Schnitzlerscher Fehler
1742 3575 3001 3657 scheint, nur einen folgerichtigen Wesenszug dieser Figur:
1736 3640 3009 3715 Bernhardi ist ein Oesterreicher (noch dazu ein jüdischer),
1743 3681 2999 3750 und dieses Oesierreichertum ist auch sonst in allen Spielarten
1746 3710 2995 3822 vertreten, in den Aemten, die um Bernhardi herumstehen, in dem
1745 3767 3006 3853 Minister, in dem Hofrat, in dem Priester. Es ist Tragik und
1750 3805 3015 3910 Schicksal. Hundert Wesenszüge tieffen zusammen und doch hat!
