3392 4320
1657 113 2123 207 box 30/1
302 97 1530 229 25. PrefesBenad
2107 1091 3175 1183 — Suthe, lag aber seine se#.—.—ne
579 1103 3357 1233 herbeiführte weil dem bürgerlichen Kundidaten, dem Fort=Theobachtete Grenze in den Interessen des Ganzen finden, denentische in den neuesten
573 1138 2959 1260 schrittler Bär, nur die Stimmen der Nationalliberalen zuge=sich der oder das Einzelne unterzuordnen hat. Hier sollte ein ver¬
581 1185 875 1253 fallen waren.
2950 1211 3364 1270 schränkchen und Räder
663 1224 1778 1309 Die Konservativen können sich eben immer noch
1766 1223 2960 1303 ständiges und großzügiges Ruhegehalts= und Unterstützungswesen
2950 1253 3357 1313 tischgeräte, Kessel, K#
1769 1260 2963 1341 eingreifen, nicht aber eine Belastung des aktiven Verwaltungs¬
2951 1295 3358 1349 und, dem neuesten G
575 1252 3357 1391 nicht daran gewöhnen, daß die Landtagswahlen des Jahres 1900 sorganismus mit nicht mehr brauchbaren Kräften. Der Schaden, ferner Speisewärmer
1740 1410 3351 1503 Krankenschwester wird der Professor zu zwei Monaten Ge=korruptionistischer O
982 1383 1405 1520 Jeuilleion.
1764 1462 3353 1551 fängnis verurteilt. Er weigert sich, Berufung einzulegen den skeptisch=relativ
1749 1506 2261 1574 und sitzt die Strafe ab.
2930 1516 3368 1597 Akt entpuppt hinte
1834 1548 3357 1637 Während diese Begebenheiten abrollen, deren Aufein=gen lange nicht witt
815 1532 1524 1660 „Professor Bernhardi.“
1739 1584 3360 1675 anderfolge ich hier mit der Absicht erzählt habe, um er= Fragen fast nie kla
584 1613 1743 1729 Arthur Schnitzlers Komödie im Kleinen
1744 1639 3351 1728 kennen zu lassen, wie leicht die von Schnitzler so umständlich besondere Rassenhaf
1024 1691 1326 1757 Theater.
1726 1666 2938 1763 gesuchte Entscheidung darüber, wer im Recht und wer im
2934 1701 3348 1764 die Gegensätze von
1740 1717 3351 1808 Unrecht ist, sich finden läßt, entsteht über diese eine Frage irreführend verfilzt,
643 1729 1765 1821 J. A. B. Fünf Akte und hundert Debatten hat diese
1755 1773 3358 1842 ein unendliches Gerede. Das einzig Ersprießliche daran ist, dem Gespräch Bern
556 1755 1768 1848 neue Komödie Schnitziers, die glücklicherweise frei ven
1747 1818 2930 1894 daß in den lärmvollen Professoren=Konferenzen ein paar
2928 1831 3352 1894 der Verurteilung de
544 1824 2938 1936 Liebelei=Gesüßel bleibt. Im Grunde genommen ist es eine Charakterlosigkeits= und Charakterköpfe von echtem Wiener
545 1854 1760 1938 einzige Debatte, die kaum einen Augenblick aufhört und
2932 1878 3350 1943 daß er das Pflichtg
1748 1911 3341 1981 Schnitt sich abzeichnen. Es ist nicht Menschendarstellung im erkenne, rührt Schn
551 1903 1745 1993 mit einem ironischen Witz schließt. Zur Diskussion steht
1735 1930 3346 2036 reinsten Sinne wie etwa in der Hauptmannschen Komödie der Hoffnungslosigk
550 1950 1745 2023 der Vorgang, der den ersten, von karbolduftenden Mediziner¬
1748 1997 3355 2072 „Der Biberpelz“, die so recht den Abstand erkennen läßt, der die Rede ist, und de
547 1992 1766 2100 gesprächen eingeleiteten Aufzug abschließt: der berühmte
1740 2016 2934 2124 einen Gestalter von einem empfindsam=witzigen Beobachter
2927 2053 3341 2118 wird. Aber auch I
550 2042 2929 2159 Kliniker Professor Bernhardi verwehrt in dem Krankenhaus, trennt: aber es fallen wirklich erhellende Streiflichter auf
2929 2088 3347 2157 äußersten Mut oder
545 2080 2944 2202 dessen Direktor er ist, einem katholischen Priester den Zu= Menschliches und Oertliches. Das ethische Problem aber
537 2128 1749 2201 tritt zu einer Sterbenden. Das arme Mädchen hat leine
2991 2147 3350 2221 Erstim fünften
1731 2153 2936 2258 bleibt an jener Oberfläche, die wohl den leicht beruhigten
533 2169 1738 2257 Ahnung davon, daß sie sterben muß; ihre letzte Stunde ist
2929 2189 3346 2263 reichischen liberalisie
1732 2207 2939 2302 Thefensteller und Thesenverteidiger, aber kaum den sehe¬
539 2208 1740 2292 von höchstem Glücksgefühl verklärt und der Arzt hält es für
2918 2241 3350 2313 rium führt, gibt sich
1737 2254 2930 2344 rischen Dichter zu fesseln vermag. Natürlich hat Bern¬
543 2250 1744 2335 unverantwortlich, in ihre Hoffnungsseligkeit mit Todes¬
2925 2285 3342 2354 aalglatten Zynismen
1724 2298 2918 2380 hardi, da er in jener Minute als ganz unpolitisch=schlichte
539 2301 1744 2387 schrecken einzubrechen. Die Folgen dieses Auftritts für
2912 2329 3343 2401 philosophische Wahrh
1727 2334 2928 2427 Natur nur den Einzelfall und das Einzelübel sah, ebenso
527 2343 1739 2423 Bernhardi waren vorauszusehen. Alle Zeugen der Szene
2914 2361 3332 2443 Handlung erwogen
1727 2382 2921 2469 sittlich gehandelt, wie der Priester, der das winzige Leid
2917 2402 3331 2480 gung seiner eigenen
537 2387 2928 2517 sind sich klar über sie Nur Bernhardi nicht. Und sie kom=der Stunde gegenüber dem ihm schrecklich erscheinenden, von
2915 2454 3343 2541 unterschleibt Schnitz
536 2433 3335 2551 men Schlag auf Schlag. Das ganze Kuratorium der von der Kirche nicht getrösteten Tod gar nicht erst in die Wag=des Hostats, dieses
521 2471 1733 2554 wohltätigen Stiftungen lebenden Anstalt demissioniert, die
531 2515 1736 2603 Mehrzahl der Kollegen läßt Bernhardi im Stich. Er legt,
1729 2516 3344 2613 schale legt. Hätte Bernhardi die Summe aller Uebel vor doch im Brunde zu #
519 2561 1724 2645 ehe sie ihn dazu zwingen, die Leitung des Krankenhauses
1716 2558 3340 2648 Augen gestanden die sein Verhalten zur Folge haben mußte, lich nur der Märt#
529 2608 1730 2687 nieder und erbittet Urlaub, bis die gegen ihn eingeleitete
1723 2599 3344 2703 insbesondere die Gefährdung seiner ganzen, so mühseligfähigkeit und das □
1717 2641 3345 2748 aufgebauten, vielen Hunderten von Leidenden gewidmeten ist. „Zu Reformat#
518 2649 2916 2724 Untersuchung abgeschlossen ist. Die Angelegenheit verwickelt Lebensarbeit, dann hätte er ihr, gleichfalls ethisch genötigt,
521 2689 1729 2778 sich dadurch, daß Professor Vernhardi Jude ist und sich
2912 2706 3343 2786 scheinlich nicht geborch
1715 2712 2920 2817 das verhältnismäßig kleine Uebel der Störung des letzten
2907 2765 3328 2829 wohl daan liegen, d
514 2737 3314 2819 weigert eine Interpellation im Reichsrat dadurch zu ver=IGlücksgefühls einer einzigen Patientin hinopfern müssen, fühlen, sis in die I
518 2772 3337 2921 hüten, daß er bei der Neubesetzung der Stelle eines Ab= Das sieht auch Bernhardi bald ein, und er ist bereit, eine eventuel selbst unse
511 2825 3334 2960 teilungsvorstehers der Anstalt einem katholischen Arzt, den Erklärung abzugeben, die den Zwischenfall aus der Welt zeugung Und daru
509 2866 3327 3026 er für minder befähigt hält, vor einem jüdischen Bewerber  schaffen könnte, bis dann wieder jener klerikale Kompromiß-ständigelwenn unser
519 2908 2905 3030 den Vorzug gibt. Es kommt zum Zusammenstoß imversuch seiner Ueberzeugungsfestigkeit den Weg ver¬
510 2954 1714 3033 Parlament, und der Unterrichtsminister, Bernhardis
2888 2977 3289 3049 nicht hininmischt.“
1703 2983 1928 3057 rammelt.
506 2989 1717 3082 Jugendfreund, läßt ihn vor dem Ansturm der klerikalen
2986 3030 3338 3099 Min könnte soh
1778 3026 3340 3143 Der große Verbrauch von Pathos und Rhetorik, die ler selbstzu kehren,
503 3026 3323 3178 Mehrheit sollen. Der Staatsanwalt erhebt auf Grund einer Schnitzler hier aufqualmen läßt, wirkt wenig erquicklich, von echt komödienhaf
505 3074 3323 3178 entstellten Darstellung Anklage gegen Bernhardi wegen! Und er ist im letzten Grunde nicht ehrlich, denn das Publi- und fürdie unmittel
498 3121 3333 3229 Religionsstörung, und infolge der falschen Aussage einer kum läßt sich von dem Schwall gesinnungstüchtiger und anti= die so vil Individuell
782 3240 1102 3403 Zag
1130 3279 1553 3441 * OueS
1110 3415 1402 3545 S#fte
