3344 4192
1334 237 1399 300 d
1627 229 2087 324 box 30/2
274 230 1501 346 25. Professer Bernhal—
612 395 1781 552 Das Zensurverbot gegen=Schuitzlers „Drotessor
1037 501 1369 585 Bernhardi“
772 571 1609 653 Von einem hervorragenden Rechtslehrer.
1343 653 1736 730 Wien, 18. Januar.
681 693 1771 791 Das von der Zensur in erster Instanz gegen Artur
602 738 1769 834 Schnitzlers neuestes Stück „Professor Bernhardi“ erlassene
593 778 1775 872 Aufführungsverbot hat einigermaßen überrascht, weil es
581 856 1761 936 ein reifes Drama ist, das in einwandfreier Form ein
584 873 1774 980 ernstes Probiem behandelt, das in anderen Ländern von
576 920 1762 1021 der Zensur freigegeben wurde und in Oesterreich als Buch¬
577 970 1767 1071 drama eine ungehinderte und weite Verbreitung fand und
581 1005 1767 1122 sogar in Wien anstandslos zweimal zur öjfentlichen
583 1065 1766 1164 Vorlesung gebracht wurde. Freilich, Bücherzensur und
579 1123 1757 1207 Theaterzensur sind zweierlei; einst gehörten beide
580 1166 1759 1267 unter einen gemeinsamen Begriff: die Polizei konnte
582 1215 1754 1306 verbieten, was ihr gefährlich schien. Heute, seit der 1867
586 1257 1749 1355 staatsgrundgesetzlich gewährleisteten Preßfreiheit, können
581 1320 1750 1403 Preßerzeugnisse nur unterdrückt werden, wenn sie gegen
582 1361 1756 1450 ein Gesetz verstoßen; die Theaterzensur hingegen ist uns
574 1402 1742 1499 erhalten geblieben, ausgehend von dem Gedanken, daß
572 1446 1755 1543 die größere Plastik der mimischen Darstellung größere
572 1481 1740 1585 Gefahren involviert, daß die Wirkung auf eine große
577 1529 1729 1636 Versammlung Massensuggestionen hervorrufen kann und
572 1577 1727 1678 daß berechtigte Gefühle der Zuhörer Schonung verdienen.
559 1623 1733 1719 Wer aufgeführt werden will, muß sich einen strengeren
558 1683 1733 1765 Maßstab gefallen lassen, als wer bloß gelesen wird, und zwar
570 1727 1742 1806 nicht bloß einen strengeren, sondern sogar einen anderen:
564 1773 1722 1879 nicht alles, was man ungestraft sagen und schreiben
562 1820 1719 1921 darf, ist auf der Bühne erlaubt, sondern auch das gesetz¬
559 1872 1719 1948 mäßig Zulässige, das genau in den Schranken des Straf¬
562 1916 1717 1997 gesetzes Gehaltene kann hier verboten werden. Und diese
572 1950 1710 2053 Zensur geht, da sie nun einmal als eine gesetzliche
556 2003 1715 2099 Institution besteht, mit voller Berechtigung weit über
530 2043 1705 2159 eine Prüfung der einzelnen Worte und Sätze des Stückes
1930 2068 2612 2143 Neue Freie Presse.
540 2139 1702 2209 hinaus, sie greift, wie es in der Ministerialverordnung
1720 2146 2875 2235 dabei zunächst an die Hauptfragen, an den eigentlichen
537 2173 1690 2261 vom 2. April 1903 über die Zensurbeiräte heißt, schon
1712 2207 2868 2287 Mittelpunkt des Stückes, das Verbot des behandelnden
540 2230 1686 2299 dann ein, „wenn der gesamte Inhalt und die Tendenz
1713 2243 2869 2331 Arztes und Anstaltsdirektors an den Pfarrer, einer
527 2286 1688 2371 des Theaterstückes ernstliche Zweifel an der Möglichkeit
1719 2300 2863 2373 Sterbenden die Sakramente zu reichen, weil seine ärztliche
539 2330 1628 2387 der Zulassung derselben zur Aufführung erregen....
1722 2344 2869 2423 Ueberzeugung dies für den Kranken als ungeeignet erachtet.
628 2386 1691 2443 Aus dem Umstande, daß keine Verfolgung des Buch¬
1778 2402 2857 2477 Zweifellos ließe sich aus diesem Konflikt ein Tendenz¬
540 2435 1687 2506 dramas eintrat und die wiederholte Vorlesung nicht ver¬
1709 2433 2865 2522 stück ärgster Sorte machen; der Autor brauchte nur die
545 2468 1685 2549 hoten wurde, kann immerhin geschlossen werden, daß
1710 2498 2857 2570 Lebensgefahr zu schildern, der ein noch zu rettender Schwer¬
536 2506 1683 2585 keine solche Verfehlung gegen das Strafgesetz darin vor¬
1700 2533 2859 2613 kranker durch das Erscheinen des Priesters ausgesetzt wird,
543 2559 1682 2629 kommt, welche den Staatsanwalt zwingen würde, sich mit
1700 2588 2861 2663 und religiösen Fanatismus im Kampfe mit Selbst¬
536 2603 1684 2674 diesem vielgelesenen Buche zu befassen; seine Theater¬
1696 2630 2847 2692 erhaltung, mit Gatten= und Kindesliebe vorzuführen. Nichts
537 2651 1684 2745 fähigkeit ist damit nicht erwiesen; die muß nach Inhalt
1696 2690 2850 2761 wäre leichter, als dieses Problem in ärgerniserregender
536 2694 1163 2764 und Tendenz geprüft werden.
1697 2717 2857 2768 Weise zu einem Sensationsstück auszuschroten, aber
622 2753 1682 2814 Der Inhalt des Stückes läßt sich kurz wiedergeben.
1706 2768 2856 2845 gerade diese Klippe hat der Autor gänzlich vermieden. Die
534 2786 1685 2852 Auf der Abteilung des Professors Bernhardi im
1699 2820 2854 2898 Sterbende ist verloren; kein Arzt kann sie mehr retten,
526 2845 1686 2910 Elisabethinum liegt eine Sterbende, de eine gütige Natur
1700 2857 2850 2931 und auch der Priester ist kein Fanatiker; wenn sein
530 2889 1682 2968 durch Euphorie, den Zustand des Wohlbefindes, über
1700 2905 2848 2961 Erscheinen eine Gefahr bedeute, dann, erklärt er, „wäre
527 2937 1681 3003 die schwere letzte Stunde hinüberhilft. „Sie ist verloren,
1690 2946 2854 3027 ich natürlich sofort bereit, mich zurückzuziehen“. Nur um
521 3000 1677 3060 aber sie glaubt sich genesen.“ Da tritt — der Dichter
1700 3007 2853 3077 die Euphorie handelt es sich, um das Wohlbefinden einer
527 3035 1674 3094 erspart uns den Anblick des Krankenzimmers und die
1702 3052 2849 3120 letzten Stunde, höchstens um Beschleunigung des Endes
524 3084 1675 3131 Handlung spielt im Vorraum — der Pfarrer auf, den
1700 3102 2850 3171 für Minuten, und da hält der Priester das Seelenheil
527 3127 1679 3178 eine Krankenschwester gerufen hat, um der Sterbenden
1694 3152 2856 3217 für wichtiger, der Arzt die Euphorie. Somit ist der Kon¬
520 3172 1665 3240 den geistlichen Trost und die Absolution zu gewähren;
1696 3200 2852 3267 flikt ganz klargelegt, der Streit zwischen irdischem Wohl¬
518 3225 1670 3272 aber Bernhardi erklärt: „als Arzt darf ich Ihnen nicht
1696 3245 2842 3314 befinden und Rettung der Seele, und die Rollen sind
509 3250 1668 3331 gestatten, an das Bett dieser Kranken zu treten," und
1687 3299 2839 3347 dabei ganz gleich verteilt. Ja, wenn man vielleicht
525 3311 1665 3368 verbietet es ihm, leicht seine Schulter berührend. Während
1694 3346 2838 3400 zweifeln könnte, ob der Dichter Licht und Schatten wirklich
516 3354 1671 3421 dieser Verhandlungen ist die Schwester auf einen kaum
1695 3400 2836 3459 ganz unparteiisch vergeben hat, so hat er eher dem Pfarrer
519 3408 1664 3472 merklichen Wink des Pfarrers in das Krankenzimmer
1684 3436 2834 3500 die günstigere Stellung zugewiesen; denn wer bei dem
520 3456 1660 3516 getreten, um die Kranke auf sein Kommen vorzubereiten,
1686 3487 2832 3534 Gedanken an ein mögliches Jenseits auch nur die ge¬
505 3499 1666 3561 hat die Euphorie zerstört und die Erschrockene zum
1684 3537 2835 3580 ringste Unklarheit in sich verspürt, der wird sich auf die
516 3539 1656 3606 Bewußtsein ihrer Lage gebracht. So ist sie gestorben und
1686 3579 2830 3644 Seite des Pfarrers stellen, um so mehr natürlich alle
508 3591 1659 3657 weder der Arzt noch der Pfarrer haben ihren Zweck er¬
1673 3627 2837 3696 gläubigen Gemüter. Euphorie ist ein Lebensgut; der Güter
510 3640 1649 3696 reicht; sie starb ohne Euphorie und ohne Sterbesakramente.
1671 3680 2833 3729 höchstes ist es nicht. Also hat bei dieser scharfen Problem¬
514 3676 1673 3750 Dem Professor aber bricht die Sache den Kragen; sofort
1684 3729 2832 3786 stellung gewiß die Kirche das geringste Recht, sich über
512 3723 1656 3798 legt das Kuratorium des Elisabethinums seine Würde
1679 3769 2820 3835 Parteilichkeit, über Unrecht und Aufhetzung zu beklagen,
502 3780 1650 3842 nieder und im Parlament droht eine Interpellation;
1683 3822 2820 3871 eher der Arzt, hinter dem niemand steht als sein Fachwissen.
501 3800 1660 3887 der Minister will zunächst ausgleichen; der Verwandte
1750 3870 2820 3918 Es wäre also nicht die Art und Weise zu beanstanden,
506 3863 1657 3917 eines führenden Politikers bietet seine Vermittlung an
494 3907 1661 3975 und Bernhardi könnte den Sturm beschwören durch eine
1666 3918 2822 3981 wie das Problem behandelt wurde, sondern nur die Frage
501 3959 1657 4026 entschuldigende Erklärung und durch Ausübung einer
1673 3951 2812 4007 aufzuwerfen, ob es überhaupt auf der Bühne ange¬
500 3993 1651 4062 Protektion für einen Unwürdigen. Die Erklärung würde
1675 4007 2823 4073 schnitten werden darf. Und diese zweite Frage ist sehr
495 4055 1646 4107 er abgeben, da er keineswegs ein Kulturkämpfer ist,
1677 4054 2813 4113 einfach zu beantworten: Die ganze kirchliche Komödie des
497 4088 1649 4150 sondern nur im Einzelfall nach seinem Gewissen gehandelt
1659 4108 2815 4167 Mittelalters, insbesondere die in Kirchen und Kloster¬
501 4145 1346 4209 hat, die rettende Protektion auszuüben, ver
1581 4144 2311 4194 ine gebäuden aufgeführten Jesuitenko
2832 3895 2880 3949 1
2832 3939 2896 4003 2
2834 4047 2891 4095 n
