<?xml version="1.0" encoding="UTF-8" standalone="yes"?>
<PcGts xmlns="http://schema.primaresearch.org/PAGE/gts/pagecontent/2013-07-15" xmlns:xsi="http://www.w3.org/2001/XMLSchema-instance" xsi:schemaLocation="http://schema.primaresearch.org/PAGE/gts/pagecontent/2013-07-15 http://schema.primaresearch.org/PAGE/gts/pagecontent/2013-07-15/pagecontent.xsd">
    <Metadata>
        <Creator>prov=University of Rostock/Institute of Mathematics/CITlab/Gundram Leifert/gundram.leifert@uni-rostock.de:name=ONB_Newseye_GT_M1+(htr_id=10810)::::v=2.4.2
prov=University of Rostock/Institute of Mathematics/CITlab/Tobias Gruening/tobias.gruening@uni-rostock.de:name=de.uros.citlab.module.baseline2polygon.B2PSeamMultiOriented:v=2.4.2
prov=University of Rostock/Institute of Mathematics/CITlab/Tobias Gruening/tobias.gruening@uni-rostock.de:name=/mnt/transkribus/LA/DEA/URO/LA_news_onb_att.pb:de.uros.citlab.segmentation.CITlab_LA_ML:v=2.4.2
Transkribus</Creator>
        <Created>2019-10-07T11:12:50.936+02:00</Created>
        <LastChange>2019-10-07T23:17:48.355+02:00</LastChange>
        <TranskribusMetadata docId="223963" pageId="9495759" pageNr="229" tsid="16487179" status="IN_PROGRESS" userId="40391" imgUrl="https://files.transkribus.eu/Get?id=OZUTLKATIEXVZLKFTWBYWTKO&amp;fileType=view" xmlUrl="https://files.transkribus.eu/Get?id=WIIGUXBAHMTWNSMEBUTFVEDC" imageId="6185986"/>
    </Metadata>
    <Page imageFilename="223963_0229.jpeg" imageWidth="3344" imageHeight="4320">
        <ReadingOrder>
            <OrderedGroup id="ro_1711442444172" caption="Regions reading order">
                <RegionRefIndexed index="0" regionRef="r1"/>
                <RegionRefIndexed index="1" regionRef="r2"/>
            </OrderedGroup>
        </ReadingOrder>
        <TextRegion orientation="0.0" id="r1" custom="readingOrder {index:0;}">
            <Coords points="247,130 247,287 425,287 425,130"/>
            <TextLine id="r1l1" custom="readingOrder {index:0;}">
                <Coords points="237,235 266,236 297,255 318,250 333,261 352,252 362,260 377,251 407,253 434,240 435,204 404,202 375,177 344,182 314,170 285,177 257,199 238,201"/>
                <Baseline points="247,233 272,231 297,231 323,230 348,230 374,231 399,233 425,237"/>
                <TextEquiv>
                    <Unicode>25</Unicode>
                </TextEquiv>
            </TextLine>
            <TextEquiv>
                <Unicode>25</Unicode>
            </TextEquiv>
        </TextRegion>
        <TextRegion orientation="0.0" id="r2" custom="readingOrder {index:1;}">
            <Coords points="451,219 451,3749 2318,3749 2318,219"/>
            <TextLine id="r2l1" custom="readingOrder {index:0;}">
                <Coords points="1617,251 1649,253 1670,274 1723,259 1767,272 1811,246 1877,265 1896,253 1951,267 1977,246 2078,254 2078,216 2027,187 1996,199 1979,185 1955,204 1919,178 1886,200 1850,193 1826,217 1773,193 1689,208 1657,185 1617,187"/>
                <Baseline points="1626,242 1652,242 1678,243 1704,243 1730,243 1756,244 1782,244 1808,244 1834,244 1860,244 1886,244 1912,244 1938,244 1964,244 1990,244 2016,243 2042,243 2068,242"/>
                <TextEquiv>
                    <Unicode>box 30/3</Unicode>
                </TextEquiv>
            </TextLine>
            <TextLine id="r2l2" custom="readingOrder {index:1;}">
                <Coords points="442,251 1266,287 1466,261 1466,216 1412,184 443,196"/>
                <Baseline points="451,246 501,247 551,248 601,249 652,250 702,252 752,253 802,254 853,255 903,256 953,257 1003,258 1054,259 1104,260 1154,260 1204,260 1255,261 1305,261 1355,260 1405,259 1456,258"/>
                <TextEquiv>
                    <Unicode>Professon Bernhardi</Unicode>
                </TextEquiv>
            </TextLine>
            <TextLine id="r2l3" custom="readingOrder {index:2;}">
                <Coords points="1747,955 1950,954 2001,920 2039,921 2147,977 2305,1001 2309,884 2232,876 2092,778 1944,783 1904,810 1752,790"/>
                <Baseline points="1757,960 1784,956 1811,953 1838,950 1865,948 1892,946 1919,945 1946,945 1973,945 2000,946 2027,947 2054,949 2081,950 2108,952 2135,955 2162,958 2189,960 2216,963 2243,966 2270,969 2297,972"/>
                <TextEquiv>
                    <Unicode> </Unicode>
                </TextEquiv>
            </TextLine>
            <TextLine id="r2l4" custom="readingOrder {index:3;}">
                <Coords points="1218,991 1260,1012 1740,991 1738,938 1673,932 1627,953 1486,946 1464,968 1446,951 1217,968"/>
                <Baseline points="1228,1006 1253,1004 1278,1003 1303,1001 1328,1000 1353,1000 1378,999 1403,998 1428,998 1453,998 1479,997 1504,997 1529,996 1554,996 1579,995 1604,993 1629,993 1654,991 1679,989 1704,987 1730,985"/>
                <TextEquiv>
                    <Unicode>Professor Bernhardi.</Unicode>
                </TextEquiv>
            </TextLine>
            <TextLine id="r2l5" custom="readingOrder {index:4;}">
                <Coords points="722,1139 2257,1090 2255,1047 2024,1036 720,1099"/>
                <Baseline points="731,1133 806,1132 882,1131 958,1129 1034,1127 1110,1125 1185,1122 1261,1120 1337,1116 1413,1114 1489,1110 1564,1107 1640,1105 1716,1101 1792,1099 1868,1096 1943,1094 2019,1092 2095,1090 2171,1089 2247,1088"/>
                <TextEquiv>
                    <Unicode>der Befreiung der Bauern von der tik hatte einen gewissen Niedergang</Unicode>
                </TextEquiv>
            </TextLine>
            <TextLine id="r2l6" custom="readingOrder {index:5;}">
                <Coords points="735,1197 2251,1129 1961,1098 734,1155"/>
                <Baseline points="744,1188 818,1185 893,1182 968,1179 1043,1177 1118,1174 1193,1172 1267,1169 1342,1166 1417,1164 1492,1162 1567,1159 1642,1156 1717,1154 1791,1150 1866,1148 1941,1144 2016,1141 2091,1137 2166,1134 2241,1129"/>
                <TextEquiv>
                    <Unicode>Leibeigenschaft im Jahre 1861 ins zur Folge, der durch die zwar ange¬</Unicode>
                </TextEquiv>
            </TextLine>
            <TextLine id="r2l7" custom="readingOrder {index:6;}">
                <Coords points="1500,1212 2092,1209 2130,1183 2201,1193 2240,1174 2239,1146 1498,1176"/>
                <Baseline points="1509,1207 1545,1207 1581,1207 1617,1206 1653,1206 1689,1205 1725,1204 1761,1202 1797,1200 1833,1198 1870,1196 1906,1194 1942,1193 1978,1191 2014,1189 2050,1187 2086,1185 2122,1184 2158,1183 2194,1182 2231,1181"/>
                <TextEquiv>
                    <Unicode>sagte aber nicht durchgeführte Uni¬</Unicode>
                </TextEquiv>
            </TextLine>
            <TextLine id="r2l8" custom="readingOrder {index:7;}">
                <Coords points="734,1256 989,1229 1098,1244 1203,1215 1329,1239 1457,1219 1484,1178 928,1184 874,1215 731,1190"/>
                <Baseline points="743,1234 779,1234 816,1234 852,1233 889,1232 926,1231 962,1230 999,1228 1036,1228 1072,1226 1109,1224 1146,1223 1182,1221 1219,1219 1256,1217 1292,1216 1329,1214 1366,1213 1402,1211 1439,1210 1476,1208"/>
                <TextEquiv>
                    <Unicode>Leben. Die Semstwos und die Kir¬</Unicode>
                </TextEquiv>
            </TextLine>
            <TextLine id="r2l9" custom="readingOrder {index:8;}">
                <Coords points="1502,1258 1588,1275 1792,1250 2257,1252 2255,1218 2190,1192 1500,1224"/>
                <Baseline points="1511,1255 1547,1256 1584,1256 1621,1256 1658,1255 1695,1254 1731,1253 1768,1252 1805,1250 1842,1248 1879,1246 1915,1245 1952,1243 1989,1241 2026,1239 2063,1238 2099,1236 2136,1235 2173,1234 2210,1233 2247,1233"/>
                <TextEquiv>
                    <Unicode>versitätsreform noch vermehrt wurde.</Unicode>
                </TextEquiv>
            </TextLine>
            <TextLine id="r2l10" custom="readingOrder {index:9;}">
                <Coords points="725,1291 1015,1289 1052,1257 1123,1292 1327,1251 1400,1279 1488,1259 1488,1236 1428,1217 1344,1239 1165,1226 724,1257"/>
                <Baseline points="735,1283 772,1282 809,1281 846,1280 883,1279 921,1277 958,1276 995,1275 1032,1273 1069,1272 1107,1271 1144,1269 1181,1268 1218,1267 1255,1265 1293,1264 1330,1263 1367,1261 1404,1260 1441,1259 1479,1257"/>
                <TextEquiv>
                    <Unicode>chengemeinden gründeten beide</Unicode>
                </TextEquiv>
            </TextLine>
            <TextLine id="r2l11" custom="readingOrder {index:10;}">
                <Coords points="1506,1317 2258,1301 2257,1257 1504,1262"/>
                <Baseline points="1514,1304 1550,1303 1587,1302 1624,1301 1661,1299 1697,1298 1734,1297 1771,1296 1808,1295 1844,1294 1881,1292 1918,1291 1955,1290 1991,1288 2028,1287 2065,1286 2102,1284 2138,1283 2175,1282 2212,1281 2249,1279"/>
                <TextEquiv>
                    <Unicode>Als Ganzes befindet sich die Schule</Unicode>
                </TextEquiv>
            </TextLine>
            <TextLine id="r2l12" custom="readingOrder {index:11;}">
                <Coords points="739,1350 1106,1317 1253,1336 1328,1311 1378,1332 1478,1299 1477,1275 1361,1268 737,1297"/>
                <Baseline points="748,1333 784,1332 820,1331 856,1330 892,1329 928,1327 964,1326 1000,1324 1036,1322 1072,1321 1108,1319 1144,1317 1180,1315 1216,1314 1252,1313 1288,1312 1324,1311 1360,1310 1396,1310 1432,1310 1468,1310"/>
                <TextEquiv>
                    <Unicode>Schulen, die aber erst 1007 Gegen¬</Unicode>
                </TextEquiv>
            </TextLine>
            <TextLine id="r2l13" custom="readingOrder {index:12;}">
                <Coords points="1489,1354 1710,1371 2260,1326 2259,1295 2196,1290 2055,1314 1912,1296 1488,1322"/>
                <Baseline points="1499,1356 1536,1354 1574,1352 1611,1350 1649,1348 1687,1347 1724,1345 1762,1344 1799,1344 1837,1342 1875,1342 1912,1340 1950,1340 1987,1338 2025,1337 2063,1335 2100,1334 2138,1332 2175,1331 2213,1329 2251,1326"/>
                <TextEquiv>
                    <Unicode>in Rußland noch in einer gewissen</Unicode>
                </TextEquiv>
            </TextLine>
            <TextLine id="r2l14" custom="readingOrder {index:13;}">
                <Coords points="733,1382 1253,1386 1491,1360 1490,1326 731,1346"/>
                <Baseline points="742,1381 779,1381 816,1380 853,1379 890,1378 927,1376 964,1375 1001,1374 1038,1372 1075,1371 1112,1369 1149,1368 1186,1366 1223,1365 1260,1363 1297,1362 1334,1361 1371,1360 1408,1359 1445,1358 1482,1357"/>
                <TextEquiv>
                    <Unicode>stand staatlicher Bemühungen wurden.</Unicode>
                </TextEquiv>
            </TextLine>
            <TextLine id="r2l15" custom="readingOrder {index:14;}">
                <Coords points="1500,1413 2190,1394 2260,1378 2259,1340 1499,1371"/>
                <Baseline points="1510,1401 1547,1400 1584,1399 1621,1398 1658,1397 1695,1396 1732,1395 1769,1394 1806,1393 1843,1392 1880,1391 1917,1389 1954,1388 1991,1387 2028,1386 2065,1384 2102,1382 2139,1381 2176,1379 2213,1378 2251,1376"/>
                <TextEquiv>
                    <Unicode>Schöpfungsperiode; daher spiegeln</Unicode>
                </TextEquiv>
            </TextLine>
            <TextLine id="r2l16" custom="readingOrder {index:15;}">
                <Coords points="734,1441 1496,1416 1494,1374 1441,1367 963,1381 904,1410 732,1390"/>
                <Baseline points="743,1432 780,1431 817,1430 854,1429 891,1428 928,1427 965,1425 1003,1423 1040,1422 1077,1421 1114,1419 1151,1417 1188,1416 1225,1414 1263,1412 1300,1411 1337,1410 1374,1409 1411,1408 1448,1407 1486,1406"/>
                <TextEquiv>
                    <Unicode>Heute gibt Kowalewsky*) die</Unicode>
                </TextEquiv>
            </TextLine>
            <TextLine id="r2l17" custom="readingOrder {index:16;}">
                <Coords points="1510,1466 2264,1428 2262,1395 2213,1384 1508,1417"/>
                <Baseline points="1518,1453 1554,1451 1591,1449 1628,1448 1665,1446 1701,1445 1738,1444 1775,1442 1812,1441 1848,1439 1885,1438 1922,1437 1959,1435 1995,1434 2032,1433 2069,1432 2106,1430 2142,1428 2179,1427 2216,1425 2253,1423"/>
                <TextEquiv>
                    <Unicode>sich zur Zeit in ihrem Schicksal noch</Unicode>
                </TextEquiv>
            </TextLine>
            <TextLine id="r2l18" custom="readingOrder {index:17;}">
                <Coords points="741,1487 1447,1475 1492,1454 1490,1422 1385,1439 1207,1415 1102,1442 995,1425 740,1447"/>
                <Baseline points="751,1478 787,1478 824,1477 860,1476 897,1475 934,1474 970,1473 1007,1471 1043,1470 1080,1468 1117,1467 1153,1465 1190,1463 1226,1462 1263,1461 1300,1459 1336,1458 1373,1457 1409,1456 1446,1455 1483,1454"/>
                <TextEquiv>
                    <Unicode>Arten der einzelnen Schulen als den</Unicode>
                </TextEquiv>
            </TextLine>
            <TextLine id="r2l19" custom="readingOrder {index:18;}">
                <Coords points="1504,1511 2258,1476 2257,1442 2192,1437 1503,1467"/>
                <Baseline points="1514,1504 1550,1502 1587,1501 1624,1499 1661,1498 1697,1496 1734,1495 1771,1493 1808,1492 1844,1491 1881,1489 1918,1488 1955,1487 1991,1485 2028,1484 2065,1483 2102,1481 2138,1480 2175,1480 2212,1479 2249,1477"/>
                <TextEquiv>
                    <Unicode>in grellen Farben alle Erscheinungen</Unicode>
                </TextEquiv>
            </TextLine>
            <TextLine id="r2l20" custom="readingOrder {index:19;}">
                <Coords points="742,1528 894,1538 963,1511 1059,1537 1142,1509 1205,1528 1318,1496 1449,1520 1496,1498 1495,1471 1396,1461 1327,1481 741,1484"/>
                <Baseline points="751,1529 787,1526 824,1525 861,1524 898,1522 935,1520 971,1519 1008,1519 1045,1517 1082,1516 1119,1515 1155,1515 1192,1513 1229,1513 1266,1511 1303,1510 1339,1508 1376,1507 1413,1506 1450,1504 1487,1502"/>
                <TextEquiv>
                    <Unicode>Systemen anderer Staaten nahezu</Unicode>
                </TextEquiv>
            </TextLine>
            <TextLine id="r2l21" custom="readingOrder {index:20;}">
                <Coords points="1507,1549 1777,1565 2036,1529 2141,1556 2258,1532 2257,1504 2159,1485 1505,1513"/>
                <Baseline points="1517,1553 1553,1552 1590,1551 1626,1550 1663,1549 1699,1547 1736,1546 1772,1543 1809,1541 1845,1540 1882,1538 1919,1535 1955,1533 1992,1531 2028,1530 2065,1528 2101,1527 2138,1526 2174,1525 2211,1525 2248,1525"/>
                <TextEquiv>
                    <Unicode>des gesellschaftlichen- und staatlichen</Unicode>
                </TextEquiv>
            </TextLine>
            <TextLine id="r2l22" custom="readingOrder {index:21;}">
                <Coords points="740,1587 1452,1567 1486,1552 1484,1514 1014,1525 884,1552 851,1532 738,1558"/>
                <Baseline points="749,1582 785,1580 821,1578 858,1576 894,1574 931,1572 967,1570 1003,1569 1040,1567 1076,1565 1113,1564 1149,1563 1185,1561 1222,1559 1258,1558 1295,1557 1331,1555 1367,1554 1404,1552 1440,1551 1477,1549"/>
                <TextEquiv>
                    <Unicode>gleich an. Die Volksschule ist nun¬</Unicode>
                </TextEquiv>
            </TextLine>
            <TextLine id="r2l23" custom="readingOrder {index:22;}">
                <Coords points="2036,1599 2059,1594 2068,1602 2099,1583 2131,1592 2150,1583 2167,1601 2184,1592 2220,1595 2221,1561 2195,1562 2173,1538 2160,1538 2146,1549 2110,1545 2101,1537 2038,1537"/>
                <Baseline points="2047,1579 2074,1576 2102,1577 2129,1579 2157,1582 2184,1583 2212,1580"/>
                <TextEquiv>
                    <Unicode>Dr. J.</Unicode>
                </TextEquiv>
            </TextLine>
            <TextLine id="r2l24" custom="readingOrder {index:23;}">
                <Coords points="1511,1608 1557,1622 1591,1604 1640,1604 1648,1612 1678,1600 1707,1624 1741,1598 1758,1602 1799,1585 1798,1561 1778,1563 1762,1550 1751,1560 1650,1553 1632,1565 1592,1552 1510,1568"/>
                <Baseline points="1521,1598 1547,1598 1574,1598 1601,1598 1628,1596 1655,1595 1681,1593 1708,1593 1735,1593 1762,1593 1789,1595"/>
                <TextEquiv>
                    <Unicode>Lebens ab.—</Unicode>
                </TextEquiv>
            </TextLine>
            <TextLine id="r2l25" custom="readingOrder {index:24;}">
                <Coords points="744,1640 1399,1601 1435,1617 1486,1602 1485,1572 1075,1564 1032,1589 742,1594"/>
                <Baseline points="753,1625 789,1625 825,1623 861,1623 897,1621 934,1620 970,1619 1006,1618 1042,1617 1078,1616 1115,1615 1151,1613 1187,1612 1223,1610 1259,1608 1296,1607 1332,1605 1368,1603 1404,1601 1440,1600 1477,1597"/>
                <TextEquiv>
                    <Unicode>mehr staatliche Schule mit einem ent¬</Unicode>
                </TextEquiv>
            </TextLine>
            <TextLine id="r2l26" custom="readingOrder {index:25;}">
                <Coords points="1834,1623 1984,1642 2084,1632 2162,1660 2260,1664 2289,1656 2292,1622 2233,1594 2173,1609 2146,1584 2083,1609 2010,1562 1964,1577 1919,1558 1838,1561"/>
                <Baseline points="1843,1616 1868,1618 1894,1620 1920,1622 1946,1624 1971,1626 1997,1627 2023,1629 2049,1631 2074,1631 2100,1633 2126,1635 2152,1637 2177,1638 2203,1640 2229,1642 2255,1643 2281,1646"/>
                <TextEquiv>
                    <Unicode>Kee.</Unicode>
                </TextEquiv>
            </TextLine>
            <TextLine id="r2l27" custom="readingOrder {index:26;}">
                <Coords points="755,1677 1487,1656 1485,1611 1464,1608 1313,1612 1247,1643 1091,1620 754,1647"/>
                <Baseline points="765,1673 800,1672 836,1672 871,1671 907,1670 943,1669 978,1668 1014,1666 1049,1666 1085,1664 1121,1663 1156,1661 1192,1659 1227,1658 1263,1657 1299,1655 1334,1653 1370,1652 1405,1650 1441,1648 1477,1646"/>
                <TextEquiv>
                    <Unicode>sprechend vorgebildeten und besol¬</Unicode>
                </TextEquiv>
            </TextLine>
            <TextLine id="r2l28" custom="readingOrder {index:27;}">
                <Coords points="1630,1697 1746,1715 1765,1697 1828,1711 1918,1683 2093,1694 2117,1676 2151,1688 2151,1662 2083,1631 1839,1648 1803,1634 1764,1654 1708,1646 1683,1622 1655,1642 1628,1635"/>
                <Baseline points="1639,1697 1664,1696 1689,1693 1714,1692 1739,1690 1764,1689 1789,1688 1814,1687 1839,1686 1864,1685 1890,1684 1915,1684 1940,1683 1965,1683 1990,1683 2015,1682 2040,1682 2065,1682 2090,1682 2115,1682 2141,1683"/>
                <TextEquiv>
                    <Unicode>Münchener Theater.</Unicode>
                </TextEquiv>
            </TextLine>
            <TextLine id="r2l29" custom="readingOrder {index:28;}">
                <Coords points="748,1734 1500,1702 1498,1668 1420,1658 746,1699"/>
                <Baseline points="756,1725 792,1723 829,1722 866,1721 902,1720 939,1718 976,1717 1012,1716 1049,1715 1086,1713 1123,1712 1159,1710 1196,1709 1233,1707 1269,1705 1306,1703 1343,1702 1379,1701 1416,1699 1453,1698 1490,1696"/>
                <TextEquiv>
                    <Unicode>deten Lehrer. Der Unterricht ist auf</Unicode>
                </TextEquiv>
            </TextLine>
            <TextLine id="r2l30" custom="readingOrder {index:29;}">
                <Coords points="750,1786 1498,1767 1508,1716 928,1741 870,1724 748,1750"/>
                <Baseline points="759,1771 796,1771 833,1770 870,1770 907,1769 944,1767 981,1766 1018,1765 1055,1763 1092,1761 1129,1760 1166,1758 1203,1756 1240,1754 1277,1752 1314,1751 1351,1749 1388,1748 1425,1747 1462,1746 1499,1745"/>
                <TextEquiv>
                    <Unicode>die Elementar-Gegenstände beschränkt</Unicode>
                </TextEquiv>
            </TextLine>
            <TextLine id="r2l31" custom="readingOrder {index:30;}">
                <Coords points="1662,1772 1786,1788 1880,1761 2078,1772 2136,1752 2135,1731 2111,1737 2080,1710 2053,1720 2023,1705 1972,1728 1934,1710 1802,1733 1756,1717 1737,1731 1706,1716 1661,1723"/>
                <Baseline points="1671,1766 1696,1766 1721,1766 1747,1766 1772,1765 1797,1764 1823,1763 1848,1763 1873,1762 1899,1761 1924,1760 1949,1759 1975,1758 2000,1757 2025,1757 2051,1756 2076,1756 2101,1756 2127,1756"/>
                <TextEquiv>
                    <Unicode>Professor Bernhardi.</Unicode>
                </TextEquiv>
            </TextLine>
            <TextLine id="r2l32" custom="readingOrder {index:31;}">
                <Coords points="748,1833 1501,1801 1499,1767 1434,1756 747,1797"/>
                <Baseline points="758,1824 794,1822 831,1820 867,1818 904,1816 941,1815 977,1813 1014,1811 1051,1810 1087,1809 1124,1807 1161,1806 1197,1805 1234,1804 1271,1802 1307,1801 1344,1800 1381,1798 1417,1798 1454,1797 1491,1796"/>
                <TextEquiv>
                    <Unicode>und allgemein zugänglich. Die Mit¬</Unicode>
                </TextEquiv>
            </TextLine>
            <TextLine id="r2l33" custom="readingOrder {index:32;}">
                <Coords points="1543,1859 1699,1832 1732,1850 1790,1829 2196,1830 2260,1812 2259,1786 2086,1768 1693,1800 1540,1787"/>
                <Baseline points="1551,1832 1586,1831 1621,1829 1656,1828 1691,1826 1726,1824 1761,1823 1796,1822 1831,1821 1866,1819 1901,1818 1936,1817 1971,1816 2006,1815 2041,1814 2076,1813 2111,1813 2146,1812 2181,1812 2216,1812 2251,1812"/>
                <TextEquiv>
                    <Unicode>(Buchausgabe: S. Fischer, Verlag,</Unicode>
                </TextEquiv>
            </TextLine>
            <TextLine id="r2l34" custom="readingOrder {index:33;}">
                <Coords points="752,1876 1463,1862 1506,1851 1505,1818 1362,1805 751,1846"/>
                <Baseline points="762,1870 798,1869 835,1868 872,1867 909,1865 945,1864 982,1863 1019,1862 1056,1861 1092,1859 1129,1858 1166,1856 1203,1855 1239,1853 1276,1852 1313,1850 1350,1849 1386,1847 1423,1845 1460,1843 1497,1841"/>
                <TextEquiv>
                    <Unicode>telschulen haben ein von der Volks¬</Unicode>
                </TextEquiv>
            </TextLine>
            <TextLine id="r2l35" custom="readingOrder {index:34;}">
                <Coords points="1791,1878 1812,1889 1818,1883 1838,1887 1850,1879 1859,1884 1876,1879 1943,1891 1977,1876 1976,1832 1961,1834 1953,1828 1936,1834 1923,1825 1863,1845 1836,1828 1821,1836 1811,1832 1802,1840 1790,1838"/>
                <Baseline points="1801,1871 1828,1870 1856,1870 1884,1869 1911,1869 1939,1869 1967,1869"/>
                <TextEquiv>
                    <Unicode>Berlin.)</Unicode>
                </TextEquiv>
            </TextLine>
            <TextLine id="r2l36" custom="readingOrder {index:35;}">
                <Coords points="763,1930 942,1912 1030,1933 1071,1897 1157,1926 1374,1887 1515,1897 1513,1857 1420,1853 1364,1875 1098,1862 1070,1882 977,1865 905,1893 761,1889"/>
                <Baseline points="771,1917 807,1917 844,1917 881,1916 917,1916 954,1915 991,1914 1027,1912 1064,1911 1101,1908 1138,1907 1174,1906 1211,1904 1248,1901 1284,1900 1321,1898 1358,1897 1394,1896 1431,1894 1468,1893 1505,1893"/>
                <TextEquiv>
                    <Unicode>schule völlig abgesondertes Pro¬</Unicode>
                </TextEquiv>
            </TextLine>
            <TextLine id="r2l37" custom="readingOrder {index:36;}">
                <Coords points="1565,1951 1943,1921 1987,1939 2258,1931 2277,1925 2275,1864 2026,1896 1898,1881 1878,1901 1828,1883 1766,1903 1701,1884 1563,1910"/>
                <Baseline points="1573,1937 1607,1936 1642,1936 1677,1935 1711,1934 1746,1932 1781,1931 1815,1930 1850,1929 1885,1928 1920,1927 1954,1925 1989,1924 2024,1923 2058,1922 2093,1920 2128,1919 2162,1918 2197,1916 2232,1915 2267,1914"/>
                <TextEquiv>
                    <Unicode>Im ersten Akt der neuen Komödie</Unicode>
                </TextEquiv>
            </TextLine>
            <TextLine id="r2l38" custom="readingOrder {index:37;}">
                <Coords points="753,1986 942,1961 1392,1967 1505,1928 1405,1903 752,1942"/>
                <Baseline points="763,1970 799,1969 836,1967 872,1966 909,1965 946,1963 982,1961 1019,1960 1055,1959 1092,1958 1129,1956 1165,1954 1202,1953 1238,1951 1275,1950 1312,1948 1348,1947 1385,1946 1421,1945 1458,1943 1495,1942"/>
                <TextEquiv>
                    <Unicode>gramm. Ein niedriges Schulgeld, die</Unicode>
                </TextEquiv>
            </TextLine>
            <TextLine id="r2l39" custom="readingOrder {index:38;}">
                <Coords points="1526,1994 1963,1971 2070,1993 2098,1971 2272,1968 2271,1927 1524,1948"/>
                <Baseline points="1535,1990 1571,1987 1607,1985 1644,1983 1680,1982 1717,1981 1753,1980 1789,1979 1826,1978 1862,1978 1899,1977 1935,1977 1971,1976 2008,1975 2044,1974 2081,1974 2117,1972 2153,1970 2190,1968 2226,1965 2263,1962"/>
                <TextEquiv>
                    <Unicode>Artfur Schnitzbers wird der</Unicode>
                </TextEquiv>
            </TextLine>
            <TextLine id="r2l40" custom="readingOrder {index:39;}">
                <Coords points="762,2019 1337,2018 1454,2007 1516,1974 1437,1952 761,1987"/>
                <Baseline points="771,2016 807,2015 844,2014 881,2013 918,2011 954,2010 991,2009 1028,2008 1065,2006 1101,2005 1138,2003 1175,2003 1212,2001 1248,2000 1285,1999 1322,1997 1359,1996 1395,1995 1432,1994 1469,1992 1506,1991"/>
                <TextEquiv>
                    <Unicode>Aufnahme aller Wissensdurstigen, das</Unicode>
                </TextEquiv>
            </TextLine>
            <TextLine id="r2l41" custom="readingOrder {index:40;}">
                <Coords points="1525,2056 1885,2029 2107,2041 2239,2024 2268,1985 2184,1965 2071,1993 1945,1973 1523,2005"/>
                <Baseline points="1535,2045 1571,2042 1607,2039 1643,2036 1679,2035 1716,2032 1752,2031 1788,2029 1824,2027 1860,2026 1897,2025 1933,2024 1969,2022 2005,2021 2041,2020 2078,2018 2114,2017 2150,2016 2186,2015 2222,2013 2259,2011"/>
                <TextEquiv>
                    <Unicode>„Falf BerHhäfdl“ fein Säuberlich, lei¬</Unicode>
                </TextEquiv>
            </TextLine>
            <TextLine id="r2l42" custom="readingOrder {index:41;}">
                <Coords points="769,2070 1510,2045 1509,2012 1429,1998 1261,2024 768,2032"/>
                <Baseline points="778,2065 814,2064 850,2062 886,2061 922,2060 958,2059 994,2057 1031,2056 1067,2054 1103,2053 1139,2052 1175,2050 1211,2048 1247,2047 1284,2046 1320,2044 1356,2043 1392,2042 1428,2041 1464,2041 1501,2040"/>
                <TextEquiv>
                    <Unicode>Massenstreben nach Bildung in allen</Unicode>
                </TextEquiv>
            </TextLine>
            <TextLine id="r2l43" custom="readingOrder {index:42;}">
                <Coords points="1524,2099 2281,2074 2279,2031 2244,2020 1523,2058"/>
                <Baseline points="1534,2088 1570,2087 1607,2086 1644,2084 1681,2083 1718,2082 1754,2081 1791,2080 1828,2078 1865,2077 1902,2075 1938,2074 1975,2072 2012,2071 2049,2069 2086,2068 2122,2066 2159,2064 2196,2064 2233,2062 2270,2060"/>
                <TextEquiv>
                    <Unicode>denschaftslos, wie rekonstruiert nach</Unicode>
                </TextEquiv>
            </TextLine>
            <TextLine id="r2l44" custom="readingOrder {index:43;}">
                <Coords points="758,2107 814,2129 1170,2098 1357,2116 1520,2081 1519,2060 1401,2049 1260,2084 1204,2057 964,2082 757,2065"/>
                <Baseline points="769,2113 806,2113 843,2113 880,2113 917,2112 954,2111 991,2110 1028,2108 1065,2106 1102,2104 1140,2103 1177,2101 1214,2099 1251,2097 1288,2096 1325,2094 1362,2092 1399,2091 1436,2090 1473,2090 1511,2089"/>
                <TextEquiv>
                    <Unicode>Kreisen verursacht eine ungeheuere</Unicode>
                </TextEquiv>
            </TextLine>
            <TextLine id="r2l45" custom="readingOrder {index:44;}">
                <Coords points="1524,2148 2267,2125 2278,2073 1522,2101"/>
                <Baseline points="1533,2136 1569,2135 1606,2134 1643,2133 1680,2132 1717,2131 1753,2129 1790,2128 1827,2127 1864,2125 1901,2124 1937,2122 1974,2121 2011,2119 2048,2118 2085,2117 2121,2115 2158,2114 2195,2113 2232,2112 2269,2111"/>
                <TextEquiv>
                    <Unicode>einem Prozeßbericht, vor unsern Augen</Unicode>
                </TextEquiv>
            </TextLine>
            <TextLine id="r2l46" custom="readingOrder {index:45;}">
                <Coords points="769,2167 891,2186 1153,2146 1220,2169 1384,2136 1431,2156 1519,2134 1518,2105 767,2127"/>
                <Baseline points="779,2163 815,2162 852,2161 888,2160 925,2159 961,2158 998,2156 1034,2155 1071,2153 1107,2152 1144,2151 1180,2150 1217,2149 1253,2147 1290,2146 1326,2145 1363,2143 1399,2142 1436,2141 1472,2140 1509,2139"/>
                <TextEquiv>
                    <Unicode>Oberfüllung. Die Gymnasien sind</Unicode>
                </TextEquiv>
            </TextLine>
            <TextLine id="r2l47" custom="readingOrder {index:46;}">
                <Coords points="1521,2188 1717,2199 2283,2159 2281,2121 2258,2120 1519,2148"/>
                <Baseline points="1531,2186 1568,2186 1605,2185 1642,2184 1679,2182 1716,2181 1753,2180 1791,2178 1828,2176 1865,2174 1902,2172 1939,2171 1976,2168 2013,2167 2051,2166 2088,2164 2125,2163 2162,2162 2199,2161 2236,2161 2274,2161"/>
                <TextEquiv>
                    <Unicode>entwickelt. Ein Priester will zu einer</Unicode>
                </TextEquiv>
            </TextLine>
            <TextLine id="r2l48" custom="readingOrder {index:47;}">
                <Coords points="768,2223 1518,2184 1517,2161 1471,2148 766,2172"/>
                <Baseline points="778,2212 814,2212 851,2211 887,2210 924,2209 960,2208 997,2207 1033,2205 1070,2204 1106,2202 1143,2200 1179,2198 1216,2197 1252,2194 1289,2193 1325,2191 1362,2190 1398,2188 1435,2187 1471,2186 1508,2186"/>
                <TextEquiv>
                    <Unicode>ihres griechisch-lateinischen Charak¬</Unicode>
                </TextEquiv>
            </TextLine>
            <TextLine id="r2l49" custom="readingOrder {index:48;}">
                <Coords points="1522,2239 2282,2224 2280,2175 2221,2170 1748,2202 1520,2191"/>
                <Baseline points="1531,2234 1568,2234 1605,2233 1642,2232 1679,2232 1716,2230 1753,2229 1790,2228 1827,2226 1864,2224 1901,2222 1938,2221 1975,2219 2012,2218 2049,2217 2086,2215 2123,2214 2160,2213 2197,2212 2234,2211 2272,2211"/>
                <TextEquiv>
                    <Unicode>Sterbenden, ihr die letzte Olung zu</Unicode>
                </TextEquiv>
            </TextLine>
            <TextLine id="r2l50" custom="readingOrder {index:49;}">
                <Coords points="773,2272 1376,2258 1515,2229 1514,2205 1470,2197 771,2224"/>
                <Baseline points="782,2260 818,2260 854,2259 890,2259 926,2258 962,2257 998,2256 1035,2255 1071,2253 1107,2251 1143,2250 1179,2247 1215,2246 1251,2244 1288,2242 1324,2240 1360,2239 1396,2237 1432,2236 1468,2234 1505,2233"/>
                <TextEquiv>
                    <Unicode>ters nahezu völlig entkleidet und stark</Unicode>
                </TextEquiv>
            </TextLine>
            <TextLine id="r2l51" custom="readingOrder {index:50;}">
                <Coords points="1532,2289 1847,2270 1980,2289 2194,2258 2240,2276 2292,2249 2291,2224 2238,2217 2047,2241 1870,2226 1840,2250 1773,2229 1700,2255 1531,2234"/>
                <Baseline points="1542,2284 1579,2283 1616,2281 1653,2279 1690,2278 1727,2277 1764,2276 1801,2274 1838,2273 1875,2271 1912,2270 1949,2269 1986,2268 2023,2267 2060,2265 2097,2264 2134,2262 2171,2262 2208,2260 2245,2259 2283,2257"/>
                <TextEquiv>
                    <Unicode>reichen. Die Sterbende aber ist</Unicode>
                </TextEquiv>
            </TextLine>
            <TextLine id="r2l52" custom="readingOrder {index:51;}">
                <Coords points="769,2308 872,2331 1241,2293 1513,2302 1497,2240 1441,2262 1311,2244 768,2284"/>
                <Baseline points="778,2310 814,2310 850,2309 886,2309 923,2308 959,2307 995,2305 1031,2304 1068,2302 1104,2301 1140,2298 1176,2296 1213,2295 1249,2293 1285,2291 1321,2290 1358,2288 1394,2287 1430,2286 1466,2285 1503,2285"/>
                <TextEquiv>
                    <Unicode>realistisch gestaltet; die Realschule ist</Unicode>
                </TextEquiv>
            </TextLine>
            <TextLine id="r2l53" custom="readingOrder {index:52;}">
                <Coords points="1535,2337 2138,2332 2295,2309 2294,2286 2200,2259 2122,2287 2053,2270 1870,2303 1769,2282 1534,2302"/>
                <Baseline points="1544,2332 1581,2331 1618,2329 1655,2327 1692,2325 1729,2324 1766,2323 1803,2321 1840,2320 1877,2319 1914,2318 1951,2317 1988,2316 2025,2314 2062,2313 2099,2312 2136,2310 2173,2309 2210,2307 2247,2305 2285,2302"/>
                <TextEquiv>
                    <Unicode>bei vollkommen wachem Bewußtsein</Unicode>
                </TextEquiv>
            </TextLine>
            <TextLine id="r2l54" custom="readingOrder {index:53;}">
                <Coords points="774,2361 1421,2353 1513,2339 1512,2302 820,2317 773,2342"/>
                <Baseline points="784,2358 821,2358 859,2357 897,2357 935,2356 973,2355 1011,2354 1048,2352 1086,2351 1124,2350 1162,2347 1200,2346 1238,2344 1275,2343 1313,2340 1351,2339 1389,2337 1427,2335 1465,2334 1503,2332"/>
                <TextEquiv>
                    <Unicode>dies naturgemäß noch mehr. Einen</Unicode>
                </TextEquiv>
            </TextLine>
            <TextLine id="r2l55" custom="readingOrder {index:54;}">
                <Coords points="1535,2387 1835,2392 1914,2367 1955,2389 2121,2378 2152,2350 2277,2375 2275,2326 2172,2317 1534,2355"/>
                <Baseline points="1545,2382 1581,2382 1617,2381 1653,2379 1689,2378 1725,2377 1761,2375 1797,2373 1833,2371 1869,2370 1906,2368 1942,2366 1978,2365 2014,2363 2050,2361 2086,2360 2122,2358 2158,2358 2194,2357 2230,2357 2267,2357"/>
                <TextEquiv>
                    <Unicode>und in gehobener glücklicher Stim¬</Unicode>
                </TextEquiv>
            </TextLine>
            <TextLine id="r2l56" custom="readingOrder {index:55;}">
                <Coords points="770,2413 964,2421 1164,2394 1269,2411 1522,2382 1520,2340 1490,2338 1423,2363 1340,2343 769,2379"/>
                <Baseline points="779,2405 815,2405 852,2405 889,2405 925,2404 962,2403 999,2402 1035,2401 1072,2399 1109,2398 1146,2396 1182,2394 1219,2392 1256,2390 1292,2389 1329,2387 1366,2386 1402,2384 1439,2383 1476,2382 1513,2381"/>
                <TextEquiv>
                    <Unicode>besonderen, äußerst zugänglichen und</Unicode>
                </TextEquiv>
            </TextLine>
            <TextLine id="r2l57" custom="readingOrder {index:56;}">
                <Coords points="1541,2440 1701,2455 1745,2428 2134,2431 2289,2412 2288,2381 2056,2367 1883,2393 1539,2394"/>
                <Baseline points="1550,2430 1586,2429 1622,2428 1659,2426 1695,2425 1732,2424 1768,2423 1805,2421 1841,2419 1878,2417 1914,2417 1950,2415 1987,2413 2023,2412 2060,2410 2096,2409 2133,2408 2169,2407 2206,2406 2242,2406 2279,2405"/>
                <TextEquiv>
                    <Unicode>mung ohne jede Ahnung des nahen</Unicode>
                </TextEquiv>
            </TextLine>
            <TextLine id="r2l58" custom="readingOrder {index:57;}">
                <Coords points="766,2468 964,2468 1014,2443 1060,2463 1162,2440 1521,2446 1519,2389 765,2422"/>
                <Baseline points="775,2456 811,2455 848,2454 885,2454 922,2453 959,2452 995,2451 1032,2449 1069,2448 1106,2447 1143,2446 1179,2444 1216,2443 1253,2441 1290,2440 1327,2439 1363,2436 1400,2435 1437,2434 1474,2431 1511,2430"/>
                <TextEquiv>
                    <Unicode>zahlreichen Typus einer Lehranstalt</Unicode>
                </TextEquiv>
            </TextLine>
            <TextLine id="r2l59" custom="readingOrder {index:58;}">
                <Coords points="1542,2483 1649,2491 1722,2460 1793,2484 1822,2458 1899,2481 2170,2456 2195,2474 2289,2450 2246,2412 2159,2440 2119,2418 1541,2445"/>
                <Baseline points="1551,2475 1587,2475 1623,2474 1660,2474 1696,2473 1733,2472 1769,2471 1806,2469 1842,2468 1879,2467 1915,2465 1951,2464 1988,2463 2024,2461 2061,2460 2097,2459 2134,2457 2170,2456 2207,2455 2243,2454 2280,2453"/>
                <TextEquiv>
                    <Unicode>Todes. Der Arzt verwehrt dem</Unicode>
                </TextEquiv>
            </TextLine>
            <TextLine id="r2l60" custom="readingOrder {index:59;}">
                <Coords points="774,2502 1048,2518 1401,2479 1533,2491 1531,2442 1460,2437 773,2466"/>
                <Baseline points="783,2504 821,2504 860,2503 899,2503 938,2502 977,2501 1016,2499 1055,2498 1094,2497 1133,2495 1171,2493 1210,2491 1249,2490 1288,2487 1327,2486 1366,2484 1405,2483 1444,2481 1483,2480 1522,2478"/>
                <TextEquiv>
                    <Unicode>bildet das Mädchengymnasium. Seine</Unicode>
                </TextEquiv>
            </TextLine>
            <TextLine id="r2l61" custom="readingOrder {index:60;}">
                <Coords points="1545,2529 1661,2542 1713,2515 1934,2536 2032,2508 2067,2531 2115,2505 2167,2526 2284,2509 2282,2454 2128,2480 1543,2483"/>
                <Baseline points="1554,2524 1590,2524 1626,2523 1662,2523 1698,2522 1734,2521 1770,2520 1806,2518 1842,2517 1878,2516 1914,2514 1950,2513 1986,2511 2022,2510 2058,2508 2094,2507 2130,2506 2166,2504 2202,2504 2238,2503 2275,2502"/>
                <TextEquiv>
                    <Unicode>Priester den Eintritt zu ihr. Damit</Unicode>
                </TextEquiv>
            </TextLine>
            <TextLine id="r2l62" custom="readingOrder {index:61;}">
                <Coords points="771,2551 940,2568 1424,2547 1524,2536 1523,2502 1442,2485 1239,2519 1086,2501 770,2521"/>
                <Baseline points="781,2552 817,2552 854,2551 891,2551 927,2550 964,2550 1001,2549 1037,2548 1074,2546 1111,2545 1148,2544 1184,2542 1221,2541 1258,2540 1294,2538 1331,2537 1368,2535 1404,2534 1441,2532 1478,2531 1515,2529"/>
                <TextEquiv>
                    <Unicode>Entwicklung geht bis auf das Jahr</Unicode>
                </TextEquiv>
            </TextLine>
            <TextLine id="r2l63" custom="readingOrder {index:62;}">
                <Coords points="1548,2584 2127,2576 2291,2549 2278,2504 2171,2529 1711,2520 1547,2545"/>
                <Baseline points="1557,2573 1593,2572 1629,2571 1665,2570 1702,2569 1738,2568 1774,2567 1810,2566 1847,2564 1883,2564 1919,2563 1955,2561 1992,2560 2028,2559 2064,2558 2100,2557 2137,2555 2173,2554 2209,2553 2245,2551 2282,2550"/>
                <TextEquiv>
                    <Unicode>ist der Fall gegeben. Ehrgeizige Geg¬</Unicode>
                </TextEquiv>
            </TextLine>
            <TextLine id="r2l64" custom="readingOrder {index:63;}">
                <Coords points="783,2616 904,2596 969,2618 1055,2593 1102,2612 1315,2576 1503,2596 1529,2587 1528,2536 1225,2562 1175,2545 1055,2574 781,2566"/>
                <Baseline points="791,2598 827,2599 863,2600 900,2600 936,2600 973,2599 1009,2599 1045,2598 1082,2596 1118,2595 1155,2593 1191,2591 1227,2589 1264,2587 1300,2586 1337,2584 1373,2582 1409,2581 1446,2580 1482,2579 1519,2578"/>
                <TextEquiv>
                    <Unicode>1858 zurück. Es ist nur städtisch,</Unicode>
                </TextEquiv>
            </TextLine>
            <TextLine id="r2l65" custom="readingOrder {index:64;}">
                <Coords points="1543,2648 1629,2622 2018,2608 2238,2608 2294,2631 2295,2556 2099,2586 1757,2575 1541,2600"/>
                <Baseline points="1552,2626 1588,2624 1625,2623 1662,2621 1699,2620 1735,2619 1772,2617 1809,2616 1846,2615 1882,2613 1919,2612 1956,2611 1993,2610 2029,2608 2066,2607 2103,2606 2140,2604 2176,2603 2213,2602 2250,2601 2287,2600"/>
                <TextEquiv>
                    <Unicode>ner und Streber wissen ihn geschickt</Unicode>
                </TextEquiv>
            </TextLine>
            <TextLine id="r2l66" custom="readingOrder {index:65;}">
                <Coords points="776,2656 838,2674 888,2653 1523,2624 1521,2592 1477,2586 1310,2611 1275,2591 775,2614"/>
                <Baseline points="785,2652 821,2651 857,2650 894,2649 930,2648 967,2646 1003,2645 1039,2643 1076,2641 1112,2639 1149,2638 1185,2636 1221,2634 1258,2633 1294,2631 1331,2630 1367,2628 1403,2627 1440,2625 1476,2624 1513,2623"/>
                <TextEquiv>
                    <Unicode>gesellschaftlich oder privat. Sein Pro¬</Unicode>
                </TextEquiv>
            </TextLine>
            <TextLine id="r2l67" custom="readingOrder {index:66;}">
                <Coords points="1544,2681 2289,2661 2287,2612 2130,2615 2099,2640 2020,2607 1776,2649 1690,2626 1543,2647"/>
                <Baseline points="1553,2673 1589,2673 1625,2673 1661,2672 1698,2672 1734,2671 1770,2669 1807,2668 1843,2667 1879,2665 1916,2664 1952,2661 1988,2660 2024,2658 2061,2656 2097,2655 2133,2653 2170,2652 2206,2650 2242,2649 2279,2648"/>
                <TextEquiv>
                    <Unicode>zu nutzen, die politischen Parteien</Unicode>
                </TextEquiv>
            </TextLine>
            <TextLine id="r2l68" custom="readingOrder {index:67;}">
                <Coords points="788,2721 924,2700 968,2716 1018,2691 1476,2691 1532,2675 1531,2645 1106,2659 1084,2641 786,2672"/>
                <Baseline points="797,2702 833,2701 869,2700 905,2699 942,2697 978,2695 1014,2694 1051,2692 1087,2691 1123,2688 1160,2686 1196,2685 1232,2684 1268,2682 1305,2680 1341,2679 1377,2678 1414,2677 1450,2676 1486,2676 1523,2675"/>
                <TextEquiv>
                    <Unicode>gramm war bisher, eine gewisse eklek¬</Unicode>
                </TextEquiv>
            </TextLine>
            <TextLine id="r2l69" custom="readingOrder {index:68;}">
                <Coords points="1551,2730 2302,2713 2299,2658 1549,2690"/>
                <Baseline points="1559,2719 1595,2720 1632,2720 1668,2720 1705,2720 1742,2719 1778,2717 1815,2716 1851,2714 1888,2713 1925,2710 1961,2708 1998,2706 2034,2704 2071,2702 2108,2700 2144,2699 2181,2697 2217,2696 2254,2695 2291,2694"/>
                <TextEquiv>
                    <Unicode>bemächtigen sich seiner und schließ¬</Unicode>
                </TextEquiv>
            </TextLine>
            <TextLine id="r2l70" custom="readingOrder {index:69;}">
                <Coords points="779,2755 1362,2731 1460,2750 1537,2728 1535,2690 1452,2682 778,2723"/>
                <Baseline points="789,2749 825,2748 862,2747 899,2746 936,2745 973,2744 1010,2742 1047,2741 1084,2739 1121,2737 1158,2736 1194,2735 1231,2733 1268,2732 1305,2730 1342,2728 1379,2727 1416,2726 1453,2724 1490,2723 1527,2722"/>
                <TextEquiv>
                    <Unicode>tische, mittlere Bildung auf mathe¬</Unicode>
                </TextEquiv>
            </TextLine>
            <TextLine id="r2l71" custom="readingOrder {index:70;}">
                <Coords points="1548,2770 2267,2765 2304,2746 2303,2716 1546,2727"/>
                <Baseline points="1558,2773 1594,2772 1631,2771 1668,2769 1705,2768 1742,2767 1779,2765 1815,2764 1852,2762 1889,2761 1926,2759 1963,2757 2000,2755 2037,2754 2073,2752 2110,2751 2147,2750 2184,2749 2221,2748 2258,2747 2295,2746"/>
                <TextEquiv>
                    <Unicode>lich wird Bernhardi, als Jude in dem</Unicode>
                </TextEquiv>
            </TextLine>
            <TextLine id="r2l72" custom="readingOrder {index:71;}">
                <Coords points="789,2817 1340,2781 1433,2796 1537,2769 1535,2738 1443,2752 1370,2732 1005,2765 877,2753 787,2779"/>
                <Baseline points="797,2798 833,2798 870,2797 906,2797 943,2795 979,2794 1016,2792 1052,2790 1089,2789 1125,2787 1162,2786 1198,2783 1235,2781 1271,2780 1308,2778 1344,2777 1381,2775 1417,2774 1454,2773 1490,2772 1527,2771"/>
                <TextEquiv>
                    <Unicode>matischer und sprachlicher Basis zu</Unicode>
                </TextEquiv>
            </TextLine>
            <TextLine id="r2l73" custom="readingOrder {index:72;}">
                <Coords points="1549,2815 1587,2835 1740,2816 1832,2836 1896,2812 2257,2817 2299,2798 2298,2769 1548,2791"/>
                <Baseline points="1558,2820 1594,2819 1631,2819 1667,2818 1704,2817 1740,2815 1777,2814 1813,2813 1850,2812 1886,2810 1923,2808 1960,2807 1996,2806 2033,2804 2069,2803 2106,2802 2142,2800 2179,2799 2215,2798 2252,2797 2289,2795"/>
                <TextEquiv>
                    <Unicode>Kampf noch besonders exponiert, aus</Unicode>
                </TextEquiv>
            </TextLine>
            <TextLine id="r2l74" custom="readingOrder {index:73;}">
                <Coords points="797,2864 1353,2831 1453,2850 1535,2824 1534,2784 1104,2810 1001,2795 873,2820 834,2802 795,2821"/>
                <Baseline points="805,2849 841,2848 877,2846 913,2843 949,2841 985,2840 1021,2838 1057,2837 1093,2835 1129,2834 1165,2832 1201,2831 1237,2829 1273,2827 1309,2826 1345,2825 1381,2824 1417,2822 1453,2821 1489,2820 1525,2819"/>
                <TextEquiv>
                    <Unicode>geben. Neuere Bestrebungen suchen</Unicode>
                </TextEquiv>
            </TextLine>
            <TextLine id="r2l75" custom="readingOrder {index:74;}">
                <Coords points="1555,2870 1775,2881 2014,2871 2059,2849 2092,2873 2163,2844 2249,2863 2290,2843 2289,2805 1942,2812 1869,2841 1781,2818 1554,2832"/>
                <Baseline points="1565,2865 1600,2864 1636,2863 1672,2862 1708,2861 1744,2861 1779,2860 1815,2860 1851,2859 1887,2858 1923,2857 1958,2857 1994,2856 2030,2855 2066,2853 2102,2852 2137,2851 2173,2849 2209,2847 2245,2846 2281,2843"/>
                <TextEquiv>
                    <Unicode>seiner Stellung gedrängt und oben¬</Unicode>
                </TextEquiv>
            </TextLine>
            <TextLine id="r2l76" custom="readingOrder {index:75;}">
                <Coords points="785,2911 1488,2887 1532,2847 1332,2834 783,2870"/>
                <Baseline points="793,2895 829,2894 866,2893 902,2892 939,2891 975,2890 1012,2889 1048,2887 1085,2885 1121,2884 1158,2882 1194,2881 1231,2879 1267,2877 1304,2876 1340,2874 1377,2873 1413,2871 1450,2869 1486,2868 1523,2867"/>
                <TextEquiv>
                    <Unicode>es im Sinne eines Anschlusses an</Unicode>
                </TextEquiv>
            </TextLine>
            <TextLine id="r2l77" custom="readingOrder {index:76;}">
                <Coords points="1557,2924 2310,2909 2308,2847 2195,2871 1556,2888"/>
                <Baseline points="1566,2913 1602,2912 1639,2911 1676,2910 1712,2909 1749,2908 1786,2907 1822,2906 1859,2906 1896,2905 1933,2904 1969,2903 2006,2902 2043,2902 2079,2901 2116,2899 2153,2898 2189,2897 2226,2895 2263,2893 2300,2892"/>
                <TextEquiv>
                    <Unicode>drein wegen Religionsstörung zu zwei</Unicode>
                </TextEquiv>
            </TextLine>
            <TextLine id="r2l78" custom="readingOrder {index:77;}">
                <Coords points="793,2946 1351,2944 1393,2920 1478,2939 1540,2883 791,2908"/>
                <Baseline points="803,2947 839,2945 875,2944 912,2942 948,2941 985,2940 1021,2938 1057,2936 1094,2935 1130,2933 1167,2931 1203,2929 1239,2929 1276,2927 1312,2924 1349,2922 1385,2921 1421,2919 1458,2917 1494,2915 1531,2913"/>
                <TextEquiv>
                    <Unicode>die höheren Lehranstalten zu refor¬</Unicode>
                </TextEquiv>
            </TextLine>
            <TextLine id="r2l79" custom="readingOrder {index:78;}">
                <Coords points="1566,2976 1740,2962 1803,2978 1838,2960 1881,2976 1939,2954 2059,2970 2153,2954 2153,2932 2082,2909 2031,2925 1991,2909 1948,2929 1921,2914 1565,2932"/>
                <Baseline points="1574,2960 1602,2959 1630,2959 1659,2958 1687,2957 1716,2956 1744,2956 1773,2955 1801,2953 1830,2953 1858,2952 1886,2951 1915,2950 1943,2950 1972,2949 2000,2949 2029,2948 2057,2948 2086,2948 2114,2949 2143,2949"/>
                <TextEquiv>
                    <Unicode>Monaten Gefängnis verurteilt.</Unicode>
                </TextEquiv>
            </TextLine>
            <TextLine id="r2l80" custom="readingOrder {index:79;}">
                <Coords points="792,2993 1072,3003 1376,2981 1402,2959 1460,2987 1535,2967 1534,2933 1386,2928 791,2957"/>
                <Baseline points="801,2993 837,2992 873,2992 909,2991 945,2989 982,2988 1018,2987 1054,2986 1090,2984 1126,2983 1163,2981 1199,2980 1235,2977 1271,2976 1307,2975 1344,2973 1380,2972 1416,2970 1452,2968 1488,2967 1525,2965"/>
                <TextEquiv>
                    <Unicode>mieren. Die Universitäten waren</Unicode>
                </TextEquiv>
            </TextLine>
            <TextLine id="r2l81" custom="readingOrder {index:80;}">
                <Coords points="1598,3022 2238,3004 2300,2985 2299,2953 2217,2938 2138,2965 1596,2975"/>
                <Baseline points="1607,3009 1641,3008 1675,3007 1709,3006 1743,3005 1778,3004 1812,3003 1846,3002 1880,3001 1914,3000 1949,2999 1983,2998 2017,2997 2051,2996 2085,2995 2120,2994 2154,2993 2188,2992 2222,2992 2256,2991 2291,2990"/>
                <TextEquiv>
                    <Unicode>Ii., Leben könnte man diese Vor¬</Unicode>
                </TextEquiv>
            </TextLine>
            <TextLine id="r2l82" custom="readingOrder {index:81;}">
                <Coords points="799,3055 1411,3042 1547,3012 1546,2986 1485,2978 797,3001"/>
                <Baseline points="807,3040 843,3039 880,3038 916,3036 953,3035 989,3033 1026,3032 1062,3031 1099,3029 1135,3028 1172,3026 1208,3025 1245,3024 1281,3023 1318,3021 1354,3021 1391,3019 1427,3018 1464,3018 1500,3016 1537,3016"/>
                <TextEquiv>
                    <Unicode>früher die besonderen Günstlinge der</Unicode>
                </TextEquiv>
            </TextLine>
            <TextLine id="r2l83" custom="readingOrder {index:82;}">
                <Coords points="1555,3088 1694,3060 2309,3061 2308,3015 1553,3025"/>
                <Baseline points="1563,3064 1599,3063 1636,3062 1673,3061 1710,3060 1747,3058 1783,3057 1820,3056 1857,3053 1894,3052 1931,3051 1967,3049 2004,3048 2041,3047 2078,3045 2115,3045 2151,3044 2188,3043 2225,3043 2262,3042 2299,3042"/>
                <TextEquiv>
                    <Unicode>gänge wohl eine „Komödie“ nennen,</Unicode>
                </TextEquiv>
            </TextLine>
            <TextLine id="r2l84" custom="readingOrder {index:83;}">
                <Coords points="796,3096 1037,3105 1139,3082 1246,3100 1336,3070 1367,3088 1537,3069 1536,3035 1450,3022 1333,3051 1300,3031 1060,3041 1017,3068 895,3045 795,3058"/>
                <Baseline points="805,3087 841,3087 877,3086 913,3086 949,3085 985,3084 1021,3083 1057,3082 1093,3081 1129,3079 1166,3078 1202,3077 1238,3076 1274,3074 1310,3073 1346,3071 1382,3070 1418,3068 1454,3067 1490,3065 1527,3064"/>
                <TextEquiv>
                    <Unicode>Regierung. Die hierdurch hervorge¬</Unicode>
                </TextEquiv>
            </TextLine>
            <TextLine id="r2l85" custom="readingOrder {index:84;}">
                <Coords points="1555,3117 1966,3120 2087,3093 2275,3110 2309,3095 2308,3057 1554,3085"/>
                <Baseline points="1563,3110 1599,3110 1636,3109 1673,3108 1710,3107 1747,3106 1783,3105 1820,3104 1857,3102 1894,3100 1931,3099 1967,3098 2004,3096 2041,3095 2078,3094 2115,3093 2151,3091 2188,3090 2225,3089 2262,3088 2299,3087"/>
                <TextEquiv>
                    <Unicode>diese offiziell zugelassene Verschleie¬</Unicode>
                </TextEquiv>
            </TextLine>
            <TextLine id="r2l86" custom="readingOrder {index:85;}">
                <Coords points="798,3142 1000,3155 1068,3134 1160,3161 1204,3139 1254,3154 1288,3130 1538,3117 1526,3070 1349,3099 1070,3088 798,3119"/>
                <Baseline points="807,3137 843,3136 879,3135 915,3134 951,3133 987,3132 1023,3131 1059,3131 1095,3130 1131,3128 1167,3127 1203,3126 1239,3125 1275,3123 1311,3121 1347,3120 1383,3118 1419,3116 1455,3114 1491,3112 1527,3110"/>
                <TextEquiv>
                    <Unicode>rufene starke Beteiligung an der Poli¬</Unicode>
                </TextEquiv>
            </TextLine>
            <TextLine id="r2l87" custom="readingOrder {index:86;}">
                <Coords points="1559,3166 2308,3145 2307,3106 2222,3102 1987,3128 1829,3107 1784,3137 1558,3124"/>
                <Baseline points="1568,3161 1604,3159 1641,3157 1677,3156 1714,3154 1750,3153 1787,3152 1823,3151 1860,3151 1896,3150 1933,3149 1970,3148 2006,3148 2043,3147 2079,3146 2116,3145 2152,3143 2189,3143 2225,3141 2262,3140 2299,3137"/>
                <TextEquiv>
                    <Unicode>rung von Tatsachen, die offenkun¬</Unicode>
                </TextEquiv>
            </TextLine>
            <TextLine id="r2l88" custom="readingOrder {index:87;}">
                <Coords points="1568,3216 2304,3204 2314,3145 1567,3170"/>
                <Baseline points="1578,3206 1614,3205 1650,3204 1687,3203 1723,3202 1759,3201 1796,3200 1832,3199 1868,3198 1905,3197 1941,3197 1977,3196 2014,3195 2050,3194 2086,3192 2123,3192 2159,3190 2195,3190 2232,3188 2268,3188 2305,3186"/>
                <TextEquiv>
                    <Unicode>dige Gewalttat der politisch Mächtigen</Unicode>
                </TextEquiv>
            </TextLine>
            <TextLine id="r2l89" custom="readingOrder {index:88;}">
                <Coords points="853,3227 903,3254 924,3233 953,3251 1536,3229 1548,3181 1444,3144 1334,3190 1159,3166 1008,3198 852,3199"/>
                <Baseline points="862,3226 895,3228 929,3229 963,3229 997,3229 1031,3229 1065,3228 1098,3228 1132,3226 1166,3224 1200,3223 1234,3222 1268,3220 1302,3218 1335,3217 1369,3215 1403,3214 1437,3213 1471,3213 1505,3212 1539,3212"/>
                <TextEquiv>
                    <Unicode>*) „Das Typische im russischen</Unicode>
                </TextEquiv>
            </TextLine>
            <TextLine id="r2l90" custom="readingOrder {index:89;}">
                <Coords points="1558,3266 2320,3242 2319,3217 2262,3198 1557,3236"/>
                <Baseline points="1567,3262 1604,3261 1641,3259 1678,3257 1715,3255 1753,3254 1790,3252 1827,3250 1864,3249 1901,3247 1939,3247 1976,3245 2013,3244 2050,3243 2087,3242 2125,3242 2162,3241 2199,3240 2236,3240 2273,3239 2311,3239"/>
                <TextEquiv>
                    <Unicode>unter dem Scheine des Rechts, die</Unicode>
                </TextEquiv>
            </TextLine>
            <TextLine id="r2l91" custom="readingOrder {index:90;}">
                <Coords points="791,3276 837,3296 1502,3276 1550,3269 1549,3229 1228,3228 1079,3258 1054,3239 790,3246"/>
                <Baseline points="801,3281 838,3281 875,3280 912,3279 949,3278 986,3277 1023,3276 1060,3275 1097,3274 1134,3273 1171,3272 1208,3271 1245,3270 1282,3269 1319,3268 1356,3267 1393,3267 1430,3266 1467,3266 1504,3266 1541,3266"/>
                <TextEquiv>
                    <Unicode>Schulwesen.“ Nord und Süd 1012,</Unicode>
                </TextEquiv>
            </TextLine>
            <TextLine id="r2l92" custom="readingOrder {index:91;}">
                <Coords points="1568,3313 2273,3306 2328,3291 2326,3251 1566,3282"/>
                <Baseline points="1577,3312 1614,3311 1651,3309 1688,3307 1725,3305 1762,3304 1799,3301 1836,3299 1873,3298 1910,3296 1947,3294 1984,3292 2021,3291 2058,3289 2095,3288 2132,3287 2169,3286 2206,3285 2243,3284 2280,3284 2318,3284"/>
                <TextEquiv>
                    <Unicode>Ausnützung politischer Situationen zu</Unicode>
                </TextEquiv>
            </TextLine>
            <TextLine id="r2l93" custom="readingOrder {index:92;}">
                <Coords points="809,3338 1055,3334 1101,3354 1309,3326 1332,3341 1432,3324 1431,3292 1325,3273 808,3308"/>
                <Baseline points="817,3330 847,3330 877,3330 907,3330 938,3329 968,3329 998,3328 1029,3327 1059,3326 1089,3325 1120,3324 1150,3322 1180,3322 1210,3320 1241,3319 1271,3318 1301,3317 1332,3316 1362,3315 1392,3314 1423,3314"/>
                <TextEquiv>
                    <Unicode>Dezember-Heft, Seite 313—321.</Unicode>
                </TextEquiv>
            </TextLine>
            <TextLine id="r2l94" custom="readingOrder {index:93;}">
                <Coords points="800,3684 892,3706 1200,3670 1489,3678 1547,3666 1546,3617 1203,3642 1083,3616 983,3648 920,3617 799,3646"/>
                <Baseline points="810,3684 846,3684 882,3683 919,3682 955,3681 992,3680 1028,3679 1064,3678 1101,3677 1137,3676 1174,3674 1210,3673 1246,3672 1283,3671 1319,3669 1356,3667 1392,3666 1428,3665 1465,3663 1501,3662 1538,3660"/>
                <TextEquiv>
                    <Unicode>heitlichen Eindruck, so daß der Ro¬</Unicode>
                </TextEquiv>
            </TextLine>
            <TextLine id="r2l95" custom="readingOrder {index:94;}">
                <Coords points="711,3743 799,3768 1149,3750 1232,3720 1546,3741 1543,3675 1515,3670 710,3709"/>
                <Baseline points="721,3738 761,3738 802,3737 843,3736 883,3735 924,3734 965,3733 1005,3732 1046,3730 1087,3728 1128,3727 1168,3725 1209,3724 1250,3722 1290,3720 1331,3718 1372,3717 1412,3715 1453,3714 1494,3713 1535,3711"/>
                <TextEquiv>
                    <Unicode>1 man auseinanderfällt und schließlich</Unicode>
                </TextEquiv>
            </TextLine>
            <TextEquiv>
                <Unicode>box 30/3
Professon Bernhardi
 
Professor Bernhardi.
der Befreiung der Bauern von der tik hatte einen gewissen Niedergang
Leibeigenschaft im Jahre 1861 ins zur Folge, der durch die zwar ange¬
sagte aber nicht durchgeführte Uni¬
Leben. Die Semstwos und die Kir¬
versitätsreform noch vermehrt wurde.
chengemeinden gründeten beide
Als Ganzes befindet sich die Schule
Schulen, die aber erst 1007 Gegen¬
in Rußland noch in einer gewissen
stand staatlicher Bemühungen wurden.
Schöpfungsperiode; daher spiegeln
Heute gibt Kowalewsky*) die
sich zur Zeit in ihrem Schicksal noch
Arten der einzelnen Schulen als den
in grellen Farben alle Erscheinungen
Systemen anderer Staaten nahezu
des gesellschaftlichen- und staatlichen
gleich an. Die Volksschule ist nun¬
Dr. J.
Lebens ab.—
mehr staatliche Schule mit einem ent¬
Kee.
sprechend vorgebildeten und besol¬
Münchener Theater.
deten Lehrer. Der Unterricht ist auf
die Elementar-Gegenstände beschränkt
Professor Bernhardi.
und allgemein zugänglich. Die Mit¬
(Buchausgabe: S. Fischer, Verlag,
telschulen haben ein von der Volks¬
Berlin.)
schule völlig abgesondertes Pro¬
Im ersten Akt der neuen Komödie
gramm. Ein niedriges Schulgeld, die
Artfur Schnitzbers wird der
Aufnahme aller Wissensdurstigen, das
„Falf BerHhäfdl“ fein Säuberlich, lei¬
Massenstreben nach Bildung in allen
denschaftslos, wie rekonstruiert nach
Kreisen verursacht eine ungeheuere
einem Prozeßbericht, vor unsern Augen
Oberfüllung. Die Gymnasien sind
entwickelt. Ein Priester will zu einer
ihres griechisch-lateinischen Charak¬
Sterbenden, ihr die letzte Olung zu
ters nahezu völlig entkleidet und stark
reichen. Die Sterbende aber ist
realistisch gestaltet; die Realschule ist
bei vollkommen wachem Bewußtsein
dies naturgemäß noch mehr. Einen
und in gehobener glücklicher Stim¬
besonderen, äußerst zugänglichen und
mung ohne jede Ahnung des nahen
zahlreichen Typus einer Lehranstalt
Todes. Der Arzt verwehrt dem
bildet das Mädchengymnasium. Seine
Priester den Eintritt zu ihr. Damit
Entwicklung geht bis auf das Jahr
ist der Fall gegeben. Ehrgeizige Geg¬
1858 zurück. Es ist nur städtisch,
ner und Streber wissen ihn geschickt
gesellschaftlich oder privat. Sein Pro¬
zu nutzen, die politischen Parteien
gramm war bisher, eine gewisse eklek¬
bemächtigen sich seiner und schließ¬
tische, mittlere Bildung auf mathe¬
lich wird Bernhardi, als Jude in dem
matischer und sprachlicher Basis zu
Kampf noch besonders exponiert, aus
geben. Neuere Bestrebungen suchen
seiner Stellung gedrängt und oben¬
es im Sinne eines Anschlusses an
drein wegen Religionsstörung zu zwei
die höheren Lehranstalten zu refor¬
Monaten Gefängnis verurteilt.
mieren. Die Universitäten waren
Ii., Leben könnte man diese Vor¬
früher die besonderen Günstlinge der
gänge wohl eine „Komödie“ nennen,
Regierung. Die hierdurch hervorge¬
diese offiziell zugelassene Verschleie¬
rufene starke Beteiligung an der Poli¬
rung von Tatsachen, die offenkun¬
dige Gewalttat der politisch Mächtigen
*) „Das Typische im russischen
unter dem Scheine des Rechts, die
Schulwesen.“ Nord und Süd 1012,
Ausnützung politischer Situationen zu
Dezember-Heft, Seite 313—321.
heitlichen Eindruck, so daß der Ro¬
1 man auseinanderfällt und schließlich</Unicode>
            </TextEquiv>
        </TextRegion>
    </Page>
</PcGts>
