<?xml version="1.0" encoding="UTF-8" standalone="yes"?>
<PcGts xmlns="http://schema.primaresearch.org/PAGE/gts/pagecontent/2013-07-15" xmlns:xsi="http://www.w3.org/2001/XMLSchema-instance" xsi:schemaLocation="http://schema.primaresearch.org/PAGE/gts/pagecontent/2013-07-15 http://schema.primaresearch.org/PAGE/gts/pagecontent/2013-07-15/pagecontent.xsd">
    <Metadata>
        <Creator>prov=University of Rostock/Institute of Mathematics/CITlab/Gundram Leifert/gundram.leifert@uni-rostock.de:name=ONB_Newseye_GT_M1+(htr_id=10810)::::v=2.4.2
prov=University of Rostock/Institute of Mathematics/CITlab/Tobias Gruening/tobias.gruening@uni-rostock.de:name=de.uros.citlab.module.baseline2polygon.B2PSeamMultiOriented:v=2.4.2
prov=University of Rostock/Institute of Mathematics/CITlab/Tobias Gruening/tobias.gruening@uni-rostock.de:name=/mnt/transkribus/LA/DEA/URO/LA_news_onb_att.pb:de.uros.citlab.segmentation.CITlab_LA_ML:v=2.4.2
Transkribus</Creator>
        <Created>2019-10-07T11:14:00.679+02:00</Created>
        <LastChange>2019-10-08T02:37:15.619+02:00</LastChange>
        <TranskribusMetadata docId="223963" pageId="9496862" pageNr="457" tsid="16498193" status="IN_PROGRESS" userId="40391" imgUrl="https://files.transkribus.eu/Get?id=JYKVRVVWCUBOFBVKVCHSXANN&amp;fileType=view" xmlUrl="https://files.transkribus.eu/Get?id=PBZTLARZQVKGVIKZGADJJTOP" imageId="6187089"/>
    </Metadata>
    <Page imageFilename="223963_0457.jpeg" imageWidth="3392" imageHeight="4384">
        <ReadingOrder>
            <OrderedGroup id="ro_1711442616192" caption="Regions reading order">
                <RegionRefIndexed index="0" regionRef="r1"/>
            </OrderedGroup>
        </ReadingOrder>
        <TextRegion orientation="0.0" id="r1" custom="readingOrder {index:0;}">
            <Coords points="226,249 226,3524 3121,3524 3121,249"/>
            <TextLine id="r1l1" custom="readingOrder {index:0;}">
                <Coords points="1561,280 1762,291 1789,273 1942,310 2050,282 2050,247 1977,209 1939,225 1858,220 1811,248 1766,227 1675,241 1631,215 1561,249"/>
                <Baseline points="1571,284 1597,280 1623,278 1649,277 1675,276 1701,275 1727,275 1753,275 1779,276 1806,277 1832,277 1858,278 1884,279 1910,279 1936,280 1962,280 1988,279 2014,279 2041,277"/>
                <TextEquiv>
                    <Unicode>box 31/2</Unicode>
                </TextEquiv>
            </TextLine>
            <TextLine id="r1l2" custom="readingOrder {index:1;}">
                <Coords points="222,278 689,321 1495,307 1406,222 995,216 938,263 506,212 417,261 348,210 223,255"/>
                <Baseline points="232,271 294,275 357,279 420,282 482,285 545,288 608,290 670,292 733,293 796,294 859,295 921,295 984,296 1047,296 1109,296 1172,295 1235,295 1297,294 1360,294 1423,293 1486,292"/>
                <TextEquiv>
                    <Unicode>25. Professor Bernhandi</Unicode>
                </TextEquiv>
            </TextLine>
            <TextLine id="r1l3" custom="readingOrder {index:2;}">
                <Coords points="2704,815 2715,815 2733,803 2758,801 2762,805 2773,794 2797,818 2819,820 2820,761 2782,757 2773,762 2764,755 2739,769 2719,756 2705,756"/>
                <Baseline points="2714,797 2746,798 2778,798 2810,799"/>
                <TextEquiv>
                    <Unicode>. + .</Unicode>
                </TextEquiv>
            </TextLine>
            <TextLine id="r1l4" custom="readingOrder {index:3;}">
                <Coords points="470,816 518,805 743,810 761,804 762,747 709,766 679,737 639,738 590,772 573,759 517,766 503,755 470,758"/>
                <Baseline points="478,801 505,802 532,802 560,803 587,803 615,803 642,804 669,804 697,804 724,804 752,804"/>
                <TextEquiv>
                    <Unicode>„— —</Unicode>
                </TextEquiv>
            </TextLine>
            <TextLine id="r1l5" custom="readingOrder {index:4;}">
                <Coords points="1081,814 1122,813 1133,821 1150,807 1162,810 1165,767 1154,768 1147,764 1138,771 1123,766 1101,779 1096,775 1083,774"/>
                <Baseline points="1090,803 1122,807 1154,807"/>
                <TextEquiv>
                    <Unicode>Daß</Unicode>
                </TextEquiv>
            </TextLine>
            <TextLine id="r1l6" custom="readingOrder {index:5;}">
                <Coords points="1693,846 2559,866 2685,857 2686,801 1694,778"/>
                <Baseline points="1702,827 1750,828 1799,830 1848,831 1896,832 1945,833 1994,834 2042,834 2091,834 2140,835 2189,835 2237,835 2286,836 2335,836 2383,836 2432,837 2481,837 2529,838 2578,839 2627,840 2676,841"/>
                <TextEquiv>
                    <Unicode>1 Uhr vormittags und nachmittags von 5 bis 7 Uhr.</Unicode>
                </TextEquiv>
            </TextLine>
            <TextLine id="r1l7" custom="readingOrder {index:6;}">
                <Coords points="248,837 262,837 289,861 308,865 326,854 348,860 384,848 415,856 434,853 436,784 369,783 353,792 331,779 319,788 279,792 261,808 248,808"/>
                <Baseline points="256,837 284,838 312,838 340,838 368,838 396,839 425,842"/>
                <TextEquiv>
                    <Unicode>egönnt.</Unicode>
                </TextEquiv>
            </TextLine>
            <TextLine id="r1l8" custom="readingOrder {index:7;}">
                <Coords points="447,863 1677,856 1677,788 1555,780 1204,820 917,781 448,805"/>
                <Baseline points="456,838 516,839 577,841 637,842 698,842 759,843 819,844 880,845 940,845 1001,845 1062,846 1122,846 1183,846 1243,846 1304,846 1365,846 1425,846 1486,845 1546,845 1607,844 1668,844"/>
                <TextEquiv>
                    <Unicode>in der Entschuldungsbeihilfenfrage nachgegeben hätten und daß</Unicode>
                </TextEquiv>
            </TextLine>
            <TextLine id="r1l9" custom="readingOrder {index:8;}">
                <Coords points="462,921 476,918 487,926 492,921 534,922 539,916 557,919 553,856 537,860 526,852 521,854 508,842 489,860 476,851 458,852"/>
                <Baseline points="469,895 495,893 521,891 547,891"/>
                <TextEquiv>
                    <Unicode>1</Unicode>
                </TextEquiv>
            </TextLine>
            <TextLine id="r1l10" custom="readingOrder {index:9;}">
                <Coords points="1197,921 1210,920 1214,924 1221,917 1232,922 1241,921 1244,917 1271,917 1273,866 1252,866 1243,869 1232,861 1210,871 1199,869"/>
                <Baseline points="1207,894 1235,894 1263,896"/>
                <TextEquiv>
                    <Unicode>B</Unicode>
                </TextEquiv>
            </TextLine>
            <TextLine id="r1l11" custom="readingOrder {index:10;}">
                <Coords points="2309,940 2354,929 2372,938 2392,929 2597,938 2614,934 2614,869 2587,867 2548,889 2508,873 2469,882 2433,868 2383,886 2368,878 2309,886"/>
                <Baseline points="2318,914 2344,913 2370,913 2396,913 2422,914 2448,914 2474,914 2500,914 2526,913 2552,913 2578,913 2605,913"/>
                <TextEquiv>
                    <Unicode></Unicode>
                </TextEquiv>
            </TextLine>
            <TextLine id="r1l12" custom="readingOrder {index:11;}">
                <Coords points="446,971 1669,968 1613,918 1230,950 1033,916 447,928"/>
                <Baseline points="456,961 516,961 576,961 636,961 696,961 756,961 816,961 877,961 937,961 997,961 1057,961 1117,962 1177,962 1237,962 1298,963 1358,963 1418,964 1478,965 1538,966 1598,967 1659,968"/>
                <TextEquiv>
                    <Unicode>wanderung die gemischteste Bevölkerung Europas gehabt. Ein</Unicode>
                </TextEquiv>
            </TextLine>
            <TextLine id="r1l13" custom="readingOrder {index:12;}">
                <Coords points="1684,988 2729,999 2919,988 2920,936 1685,939"/>
                <Baseline points="1694,976 1754,976 1815,976 1876,977 1937,977 1998,978 2059,979 2119,979 2180,980 2241,981 2302,981 2363,982 2424,982 2485,983 2545,983 2606,984 2667,984 2728,985 2789,985 2850,985 2911,986"/>
                <TextEquiv>
                    <Unicode>politischen Lüge abrechnet, das reine Menschentum, zu dem sich das</Unicode>
                </TextEquiv>
            </TextLine>
            <TextLine id="r1l14" custom="readingOrder {index:13;}">
                <Coords points="453,1017 1673,1015 1650,971 453,969"/>
                <Baseline points="462,1005 522,1004 582,1004 642,1004 702,1003 762,1003 822,1003 882,1003 942,1003 1002,1003 1063,1003 1123,1004 1183,1004 1243,1004 1303,1005 1363,1005 1423,1006 1483,1007 1543,1008 1603,1008 1664,1009"/>
                <TextEquiv>
                    <Unicode>französischer Gelehrter hat sogar behauptet, daß es in Frankreich</Unicode>
                </TextEquiv>
            </TextLine>
            <TextLine id="r1l15" custom="readingOrder {index:14;}">
                <Coords points="1696,1016 2891,1040 2919,994 1696,983"/>
                <Baseline points="1705,1013 1765,1015 1825,1016 1885,1018 1946,1019 2006,1020 2066,1021 2126,1022 2187,1023 2247,1024 2307,1024 2367,1025 2428,1025 2488,1026 2548,1026 2608,1026 2669,1027 2729,1027 2789,1028 2849,1028 2910,1029"/>
                <TextEquiv>
                    <Unicode>Stück über alle Tendenz hinweg erhebt, übten einen ungewöhnlich</Unicode>
                </TextEquiv>
            </TextLine>
            <TextLine id="r1l16" custom="readingOrder {index:15;}">
                <Coords points="441,1062 1678,1053 1613,1013 441,1013"/>
                <Baseline points="451,1047 511,1046 572,1046 633,1046 694,1046 755,1046 816,1046 876,1046 937,1046 998,1046 1059,1046 1120,1047 1181,1047 1242,1047 1302,1048 1363,1048 1424,1048 1485,1048 1546,1049 1607,1049 1668,1049"/>
                <TextEquiv>
                    <Unicode>mehr Germanen als in Deutschland gibt. Und wie viele Angelsachsen</Unicode>
                </TextEquiv>
            </TextLine>
            <TextLine id="r1l17" custom="readingOrder {index:16;}">
                <Coords points="1690,1070 2923,1078 2864,1030 1691,1017"/>
                <Baseline points="1700,1055 1760,1057 1821,1058 1882,1060 1942,1061 2003,1063 2064,1064 2124,1065 2185,1066 2246,1067 2307,1068 2367,1069 2428,1070 2489,1070 2549,1071 2610,1071 2671,1071 2731,1071 2792,1071 2853,1071 2914,1071"/>
                <TextEquiv>
                    <Unicode>starken Eindruck. Schnitzler wurde stürmisch gerufen und bejubelt.</Unicode>
                </TextEquiv>
            </TextLine>
            <TextLine id="r1l18" custom="readingOrder {index:17;}">
                <Coords points="257,1075 275,1075 301,1096 310,1095 329,1078 348,1088 378,1078 408,1083 410,1043 365,1027 347,1035 333,1029 320,1032 297,1017 270,1034 259,1033"/>
                <Baseline points="266,1068 292,1070 319,1071 346,1071 373,1073 400,1075"/>
                <TextEquiv>
                    <Unicode>oten.)</Unicode>
                </TextEquiv>
            </TextLine>
            <TextLine id="r1l19" custom="readingOrder {index:18;}">
                <Coords points="449,1088 1584,1106 1679,1086 1679,1052 449,1057"/>
                <Baseline points="458,1091 518,1091 579,1090 639,1089 700,1089 761,1089 821,1089 882,1089 942,1089 1003,1090 1064,1090 1124,1090 1185,1090 1245,1090 1306,1091 1367,1091 1427,1090 1488,1090 1548,1090 1609,1089 1670,1088"/>
                <TextEquiv>
                    <Unicode>wird es erst zählen, nachdem die englischen Millionenheere unein¬</Unicode>
                </TextEquiv>
            </TextLine>
            <TextLine id="r1l20" custom="readingOrder {index:19;}">
                <Coords points="1756,1126 1769,1125 1774,1128 1783,1128 1790,1122 1805,1122 1801,1072 1792,1073 1788,1070 1785,1072 1777,1070 1771,1078 1765,1073 1752,1074"/>
                <Baseline points="1765,1119 1795,1117"/>
                <TextEquiv>
                    <Unicode>O</Unicode>
                </TextEquiv>
            </TextLine>
            <TextLine id="r1l21" custom="readingOrder {index:20;}">
                <Coords points="1801,1118 2563,1140 2642,1107 2768,1139 2931,1124 2932,1095 2038,1070 1801,1106"/>
                <Baseline points="1809,1120 1864,1118 1920,1117 1975,1117 2031,1116 2087,1116 2142,1116 2198,1116 2254,1117 2309,1117 2365,1118 2421,1119 2476,1120 2532,1121 2588,1122 2643,1123 2699,1124 2755,1125 2810,1126 2866,1127 2922,1127"/>
                <TextEquiv>
                    <Unicode>„Phantasien über die Aufführungen des Jahres</Unicode>
                </TextEquiv>
            </TextLine>
            <TextLine id="r1l22" custom="readingOrder {index:21;}">
                <Coords points="450,1136 1635,1144 1676,1101 450,1105"/>
                <Baseline points="459,1137 519,1135 579,1134 640,1133 700,1132 761,1132 821,1132 881,1132 942,1132 1002,1132 1063,1133 1123,1133 1183,1133 1244,1134 1304,1134 1365,1134 1425,1134 1485,1133 1546,1133 1606,1132 1667,1130"/>
                <TextEquiv>
                    <Unicode>geschränkte Herren von Dunkerque bis Le Havre, von Calais bis</Unicode>
                </TextEquiv>
            </TextLine>
            <TextLine id="r1l23" custom="readingOrder {index:22;}">
                <Coords points="1680,1168 2926,1169 2876,1129 1681,1112"/>
                <Baseline points="1689,1158 1750,1158 1811,1158 1873,1159 1934,1159 1995,1160 2057,1161 2118,1161 2179,1162 2241,1163 2302,1164 2363,1164 2425,1165 2486,1165 2547,1166 2609,1166 2670,1166 2731,1166 2793,1166 2854,1166 2916,1166"/>
                <TextEquiv>
                    <Unicode>1917/1913“ ist der Titel des ersten Privatdruckes für die Mit¬</Unicode>
                </TextEquiv>
            </TextLine>
            <TextLine id="r1l24" custom="readingOrder {index:23;}">
                <Coords points="447,1176 1630,1191 1669,1186 1670,1135 447,1138"/>
                <Baseline points="457,1174 517,1173 577,1173 637,1173 697,1173 758,1173 818,1173 878,1173 938,1173 998,1174 1059,1174 1119,1175 1179,1175 1239,1176 1299,1176 1360,1177 1420,1177 1480,1177 1540,1178 1600,1178 1661,1177"/>
                <TextEquiv>
                    <Unicode>Amiens und Tours gewesen sind? Wenn der französische Soldat jetzt</Unicode>
                </TextEquiv>
            </TextLine>
            <TextLine id="r1l25" custom="readingOrder {index:24;}">
                <Coords points="252,1194 293,1209 317,1190 338,1205 380,1203 404,1213 417,1201 428,1200 430,1159 412,1154 394,1163 389,1157 349,1150 331,1158 312,1146 275,1156 265,1146 254,1146"/>
                <Baseline points="262,1193 288,1192 314,1193 340,1195 366,1196 392,1197 419,1198"/>
                <TextEquiv>
                    <Unicode>id trägt</Unicode>
                </TextEquiv>
            </TextLine>
            <TextLine id="r1l26" custom="readingOrder {index:25;}">
                <Coords points="1689,1209 2888,1222 2929,1218 2930,1165 1689,1173"/>
                <Baseline points="1698,1192 1759,1194 1820,1196 1881,1198 1942,1199 2003,1201 2064,1202 2125,1203 2186,1205 2247,1205 2309,1206 2370,1207 2431,1208 2492,1209 2553,1209 2614,1209 2675,1210 2736,1210 2797,1210 2858,1210 2920,1209"/>
                <TextEquiv>
                    <Unicode>gljeden der Gesellschaft „Das junge Deutschland“, der zu</Unicode>
                </TextEquiv>
            </TextLine>
            <TextLine id="r1l27" custom="readingOrder {index:26;}">
                <Coords points="453,1219 1674,1225 1638,1183 453,1178"/>
                <Baseline points="462,1213 522,1213 582,1212 642,1212 702,1212 762,1213 822,1213 882,1214 942,1215 1002,1215 1063,1216 1123,1217 1183,1218 1243,1219 1303,1219 1363,1220 1423,1220 1483,1221 1543,1220 1603,1220 1664,1220"/>
                <TextEquiv>
                    <Unicode>aus dem Schützengraben zurückkehrt, noch grau von Lehm und</Unicode>
                </TextEquiv>
            </TextLine>
            <TextLine id="r1l28" custom="readingOrder {index:27;}">
                <Coords points="1686,1252 1695,1252 1698,1248 1702,1249 1709,1245 1718,1249 1728,1244 1734,1244 1732,1203 1721,1203 1707,1210 1696,1206 1683,1207"/>
                <Baseline points="1694,1237 1724,1236"/>
                <TextEquiv>
                    <Unicode>2</Unicode>
                </TextEquiv>
            </TextLine>
            <TextLine id="r1l29" custom="readingOrder {index:28;}">
                <Coords points="249,1249 271,1253 296,1246 301,1252 310,1245 352,1253 364,1244 382,1243 429,1257 430,1226 417,1228 401,1211 351,1201 333,1200 324,1206 303,1202 293,1210 279,1201 250,1206"/>
                <Baseline points="259,1238 285,1236 312,1236 339,1236 366,1238 393,1239 420,1241"/>
                <TextEquiv>
                    <Unicode>tenschen,</Unicode>
                </TextEquiv>
            </TextLine>
            <TextLine id="r1l30" custom="readingOrder {index:29;}">
                <Coords points="1971,1264 2922,1251 2834,1214 1972,1210"/>
                <Baseline points="1980,1242 2026,1243 2073,1244 2119,1245 2166,1246 2213,1246 2259,1247 2306,1247 2353,1248 2399,1249 2446,1249 2493,1249 2539,1250 2586,1250 2633,1250 2679,1250 2726,1251 2773,1251 2819,1251 2866,1251 2913,1251"/>
                <TextEquiv>
                    <Unicode>landt werden soll. Das Heft enthält neue Original¬</Unicode>
                </TextEquiv>
            </TextLine>
            <TextLine id="r1l31" custom="readingOrder {index:30;}">
                <Coords points="447,1261 1671,1276 1671,1236 1581,1221 447,1225"/>
                <Baseline points="455,1254 515,1254 575,1253 635,1254 696,1254 756,1254 816,1255 877,1256 937,1256 997,1257 1058,1258 1118,1259 1178,1260 1238,1260 1299,1261 1359,1262 1419,1262 1480,1262 1540,1262 1600,1262 1661,1262"/>
                <TextEquiv>
                    <Unicode>Schmutz, trifft er seine Frau, die ihm versichert, daß sie getan habe,</Unicode>
                </TextEquiv>
            </TextLine>
            <TextLine id="r1l32" custom="readingOrder {index:31;}">
                <Coords points="261,1281 288,1292 367,1285 381,1294 392,1290 399,1298 433,1285 433,1255 397,1253 383,1244 365,1244 353,1254 338,1256 286,1245 261,1250"/>
                <Baseline points="270,1277 295,1278 321,1278 347,1277 372,1277 398,1278 424,1279"/>
                <TextEquiv>
                    <Unicode>um ihn</Unicode>
                </TextEquiv>
            </TextLine>
            <TextLine id="r1l33" custom="readingOrder {index:32;}">
                <Coords points="452,1303 1669,1302 1608,1263 452,1265"/>
                <Baseline points="461,1296 524,1296 587,1297 650,1297 713,1297 776,1298 839,1298 902,1299 965,1300 1028,1300 1092,1301 1155,1302 1218,1302 1281,1303 1344,1303 1407,1303 1470,1304 1533,1304 1596,1303 1660,1303"/>
                <TextEquiv>
                    <Unicode>was in ihrer Macht stand, um die Allianz zu befestigen... und in der</Unicode>
                </TextEquiv>
            </TextLine>
            <TextLine id="r1l34" custom="readingOrder {index:33;}">
                <Coords points="252,1320 263,1318 288,1331 313,1325 322,1330 371,1328 381,1337 401,1328 424,1334 425,1293 405,1292 398,1298 391,1290 378,1294 368,1284 332,1285 321,1291 281,1290 263,1304 252,1304"/>
                <Baseline points="261,1318 286,1320 312,1320 338,1321 364,1322 390,1322 416,1321"/>
                <TextEquiv>
                    <Unicode>ewaltige</Unicode>
                </TextEquiv>
            </TextLine>
            <TextLine id="r1l35" custom="readingOrder {index:34;}">
                <Coords points="1695,1351 1708,1352 1713,1347 1722,1348 1732,1340 1744,1341 1749,1278 1731,1277 1712,1290 1711,1288 1700,1289"/>
                <Baseline points="1706,1323 1736,1325"/>
                <TextEquiv>
                    <Unicode>C</Unicode>
                </TextEquiv>
            </TextLine>
            <TextLine id="r1l36" custom="readingOrder {index:35;}">
                <Coords points="453,1341 1672,1358 1647,1309 454,1304"/>
                <Baseline points="463,1338 523,1338 583,1339 643,1340 703,1340 763,1341 823,1341 883,1342 943,1342 1003,1343 1063,1343 1123,1344 1183,1344 1243,1345 1303,1345 1363,1346 1423,1347 1483,1347 1543,1348 1603,1348 1664,1349"/>
                <TextEquiv>
                    <Unicode>Wiege liegt ein kleiner, rotbäckiger Gentleman, der ihn freundlich</Unicode>
                </TextEquiv>
            </TextLine>
            <TextLine id="r1l37" custom="readingOrder {index:36;}">
                <Coords points="241,1373 276,1375 283,1368 308,1374 321,1367 329,1376 342,1377 349,1369 358,1377 380,1377 427,1369 427,1331 381,1334 368,1327 348,1343 336,1330 307,1336 298,1327 275,1329 262,1317 242,1319"/>
                <Baseline points="250,1361 278,1361 306,1362 334,1363 362,1363 390,1364 418,1363"/>
                <TextEquiv>
                    <Unicode>deer, die</Unicode>
                </TextEquiv>
            </TextLine>
            <TextLine id="r1l38" custom="readingOrder {index:37;}">
                <Coords points="448,1401 476,1406 527,1383 593,1394 672,1382 726,1395 856,1385 856,1361 834,1365 788,1341 640,1353 581,1340 532,1351 448,1341"/>
                <Baseline points="457,1379 483,1378 509,1377 535,1377 561,1377 587,1377 613,1377 639,1378 665,1378 691,1379 717,1379 743,1379 769,1379 795,1379 821,1379 847,1378"/>
                <TextEquiv>
                    <Unicode>herablassend begrüßt.</Unicode>
                </TextEquiv>
            </TextLine>
            <TextLine id="r1l39" custom="readingOrder {index:38;}">
                <Coords points="241,1408 255,1406 285,1420 307,1410 345,1411 350,1417 379,1412 384,1418 406,1419 415,1410 435,1409 436,1387 416,1387 389,1375 305,1376 292,1368 276,1375 242,1374"/>
                <Baseline points="250,1403 275,1404 300,1404 325,1405 350,1406 375,1407 400,1408 426,1409"/>
                <TextEquiv>
                    <Unicode>vermane,</Unicode>
                </TextEquiv>
            </TextLine>
            <TextLine id="r1l40" custom="readingOrder {index:39;}">
                <Coords points="484,1424 1671,1452 1684,1360 1576,1401 485,1395"/>
                <Baseline points="494,1418 553,1420 612,1421 671,1422 730,1423 789,1424 848,1424 907,1424 966,1424 1025,1424 1084,1424 1143,1424 1202,1424 1261,1425 1320,1425 1379,1426 1438,1427 1497,1428 1556,1429 1615,1431 1674,1434"/>
                <TextEquiv>
                    <Unicode>Und wie England Nordfrankreich und die Küste am Kanal gepachtet</Unicode>
                </TextEquiv>
            </TextLine>
            <TextLine id="r1l41" custom="readingOrder {index:40;}">
                <Coords points="280,1448 307,1456 316,1452 327,1463 339,1460 343,1464 367,1453 383,1459 390,1454 422,1451 423,1415 389,1420 375,1411 350,1417 334,1409 326,1415 305,1410 296,1416 281,1415"/>
                <Baseline points="289,1444 314,1443 339,1443 364,1444 389,1445 414,1447"/>
                <TextEquiv>
                    <Unicode>Rhein.</Unicode>
                </TextEquiv>
            </TextLine>
            <TextLine id="r1l42" custom="readingOrder {index:41;}">
                <Coords points="441,1470 1611,1486 1669,1445 441,1427"/>
                <Baseline points="450,1462 510,1462 571,1463 631,1463 692,1464 752,1464 813,1465 873,1466 934,1466 994,1467 1055,1467 1115,1468 1176,1468 1236,1469 1297,1469 1357,1470 1418,1470 1478,1470 1539,1471 1599,1471 1660,1471"/>
                <TextEquiv>
                    <Unicode>hatte, so bekam Amerika die Häfen am Atlantischen Ozean von Bor¬</Unicode>
                </TextEquiv>
            </TextLine>
            <TextLine id="r1l43" custom="readingOrder {index:42;}">
                <Coords points="244,1493 264,1495 275,1505 296,1496 312,1503 335,1487 348,1496 380,1493 393,1502 420,1493 420,1461 402,1454 384,1459 358,1454 315,1467 292,1449 278,1462 265,1459 253,1471 244,1471"/>
                <Baseline points="253,1490 279,1491 305,1490 332,1490 358,1489 384,1489 411,1490"/>
                <TextEquiv>
                    <Unicode>igt, und</Unicode>
                </TextEquiv>
            </TextLine>
            <TextLine id="r1l44" custom="readingOrder {index:43;}">
                <Coords points="440,1511 1646,1528 1668,1478 440,1471"/>
                <Baseline points="448,1503 508,1504 569,1505 629,1506 690,1507 750,1507 811,1508 871,1509 932,1509 992,1510 1053,1511 1113,1511 1174,1512 1234,1512 1295,1513 1355,1513 1416,1514 1476,1514 1537,1515 1597,1515 1658,1515"/>
                <TextEquiv>
                    <Unicode>deaux bis Brest und einen breiten Gürtel von Mittelfrankreich, von</Unicode>
                </TextEquiv>
            </TextLine>
            <TextLine id="r1l45" custom="readingOrder {index:44;}">
                <Coords points="242,1543 260,1546 270,1535 297,1546 306,1537 335,1535 364,1547 429,1534 428,1496 410,1500 401,1495 389,1502 342,1495 337,1501 319,1497 312,1504 290,1499 283,1506 241,1498"/>
                <Baseline points="250,1531 278,1533 306,1533 335,1532 363,1531 391,1531 420,1533"/>
                <TextEquiv>
                    <Unicode>ian hört</Unicode>
                </TextEquiv>
            </TextLine>
            <TextLine id="r1l46" custom="readingOrder {index:45;}">
                <Coords points="438,1547 1673,1553 1579,1516 438,1510"/>
                <Baseline points="446,1547 506,1548 567,1548 628,1548 689,1549 750,1550 811,1550 871,1551 932,1552 993,1552 1054,1553 1115,1554 1176,1554 1237,1555 1297,1555 1358,1555 1419,1556 1480,1555 1541,1555 1602,1555 1663,1554"/>
                <TextEquiv>
                    <Unicode>der Küste bis zur Front in Lothringen. Das Ansprechende bei Ame¬</Unicode>
                </TextEquiv>
            </TextLine>
            <TextLine id="r1l47" custom="readingOrder {index:46;}">
                <Coords points="240,1576 289,1585 314,1576 373,1585 400,1580 429,1584 430,1548 403,1537 365,1547 335,1533 297,1547 270,1536 263,1543 241,1542"/>
                <Baseline points="250,1571 278,1571 306,1571 335,1572 363,1573 391,1574 420,1573"/>
                <TextEquiv>
                    <Unicode>4 längs</Unicode>
                </TextEquiv>
            </TextLine>
            <TextLine id="r1l48" custom="readingOrder {index:47;}">
                <Coords points="435,1595 1675,1601 1675,1565 1489,1554 435,1558"/>
                <Baseline points="444,1590 505,1589 566,1589 627,1589 688,1589 749,1589 810,1590 871,1590 932,1591 993,1591 1055,1592 1116,1593 1177,1594 1238,1595 1299,1596 1360,1597 1421,1598 1482,1598 1543,1599 1604,1599 1666,1599"/>
                <TextEquiv>
                    <Unicode>rikas Organisation von Mittelfrankreich war die Schnelligkeit, mit</Unicode>
                </TextEquiv>
            </TextLine>
            <TextLine id="r1l49" custom="readingOrder {index:48;}">
                <Coords points="235,1623 247,1621 263,1631 278,1622 319,1634 343,1622 368,1630 393,1621 424,1626 425,1584 407,1580 356,1586 349,1579 321,1578 306,1590 299,1583 275,1588 256,1580 236,1581"/>
                <Baseline points="244,1611 272,1613 300,1614 329,1615 357,1616 385,1616 414,1615"/>
                <TextEquiv>
                    <Unicode>er große</Unicode>
                </TextEquiv>
            </TextLine>
            <TextLine id="r1l50" custom="readingOrder {index:49;}">
                <Coords points="432,1658 515,1628 1682,1651 1682,1594 433,1591"/>
                <Baseline points="442,1630 503,1631 565,1631 626,1632 688,1633 749,1633 811,1634 872,1634 934,1635 995,1635 1057,1636 1118,1636 1180,1637 1241,1638 1303,1638 1364,1639 1426,1639 1487,1640 1549,1640 1610,1641 1672,1642"/>
                <TextEquiv>
                    <Unicode>der die Arbeit von der Hand ging — die ganze Welt schien in einem</Unicode>
                </TextEquiv>
            </TextLine>
            <TextLine id="r1l51" custom="readingOrder {index:50;}">
                <Coords points="322,1659 365,1668 369,1664 372,1668 380,1667 390,1676 405,1670 413,1677 426,1678 428,1626 396,1624 392,1628 376,1629 372,1625 360,1628 355,1622 324,1625"/>
                <Baseline points="331,1654 359,1653 388,1654 417,1658"/>
                <TextEquiv>
                    <Unicode>dem</Unicode>
                </TextEquiv>
            </TextLine>
            <TextLine id="r1l52" custom="readingOrder {index:51;}">
                <Coords points="445,1682 1672,1678 1588,1645 445,1639"/>
                <Baseline points="454,1673 514,1673 575,1674 635,1675 696,1675 756,1675 817,1676 877,1676 938,1676 998,1677 1059,1677 1119,1677 1180,1678 1240,1678 1301,1678 1361,1679 1422,1680 1482,1680 1543,1681 1603,1682 1664,1683"/>
                <TextEquiv>
                    <Unicode>neuen Takt zu arbeiten. Solche Arbeitsgeschwindigkeit aber erfordert</Unicode>
                </TextEquiv>
            </TextLine>
            <TextLine id="r1l53" custom="readingOrder {index:52;}">
                <Coords points="243,1710 266,1707 275,1715 286,1706 301,1705 330,1719 345,1716 356,1708 381,1707 383,1680 370,1676 359,1679 337,1663 320,1670 310,1660 270,1666 245,1659"/>
                <Baseline points="253,1694 282,1696 312,1698 342,1699 372,1699"/>
                <TextEquiv>
                    <Unicode>välzt.</Unicode>
                </TextEquiv>
            </TextLine>
            <TextLine id="r1l54" custom="readingOrder {index:53;}">
                <Coords points="2999,1708 3014,1710 3028,1719 3035,1712 3059,1710 3068,1718 3087,1714 3100,1725 3122,1725 3122,1653 3109,1655 3079,1639 3056,1639 3050,1644 3029,1638 3021,1644 3018,1640 3000,1642"/>
                <Baseline points="3008,1704 3034,1706 3060,1706 3086,1705 3112,1706"/>
                <TextEquiv>
                    <Unicode>Bühr</Unicode>
                </TextEquiv>
            </TextLine>
            <TextLine id="r1l55" custom="readingOrder {index:54;}">
                <Coords points="447,1721 1673,1726 1673,1681 447,1681"/>
                <Baseline points="456,1713 516,1715 576,1717 637,1718 697,1719 757,1719 818,1720 878,1720 938,1720 999,1720 1059,1720 1119,1720 1180,1720 1240,1720 1300,1720 1361,1720 1421,1721 1481,1721 1542,1723 1602,1724 1663,1726"/>
                <TextEquiv>
                    <Unicode>eine riesige Arbeitskraft, und die Amerikaner verwen¬</Unicode>
                </TextEquiv>
            </TextLine>
            <TextLine id="r1l56" custom="readingOrder {index:55;}">
                <Coords points="243,1757 280,1753 286,1747 307,1763 331,1752 419,1752 419,1710 365,1707 347,1715 321,1715 300,1706 287,1718 264,1708 242,1710"/>
                <Baseline points="251,1744 277,1744 303,1744 330,1744 356,1743 382,1743 409,1744"/>
                <TextEquiv>
                    <Unicode>t herein¬</Unicode>
                </TextEquiv>
            </TextLine>
            <TextLine id="r1l57" custom="readingOrder {index:56;}">
                <Coords points="2985,1771 2996,1771 3016,1754 3043,1763 3050,1771 3064,1760 3070,1766 3106,1751 3124,1756 3125,1711 3112,1709 3089,1716 3078,1710 3067,1717 3057,1711 3022,1716 3008,1708 3004,1712 2987,1710"/>
                <Baseline points="2994,1745 3024,1749 3054,1750 3084,1749 3115,1750"/>
                <TextEquiv>
                    <Unicode>besser</Unicode>
                </TextEquiv>
            </TextLine>
            <TextLine id="r1l58" custom="readingOrder {index:57;}">
                <Coords points="441,1756 1134,1777 1197,1768 1198,1732 1092,1722 1043,1746 977,1718 899,1737 738,1716 660,1741 441,1720"/>
                <Baseline points="449,1756 487,1757 526,1757 565,1757 604,1758 643,1759 682,1759 721,1760 760,1760 799,1761 837,1761 876,1762 915,1762 954,1762 993,1762 1032,1762 1071,1762 1110,1761 1149,1760 1188,1759"/>
                <TextEquiv>
                    <Unicode>den alle möglichen Völker dabei.</Unicode>
                </TextEquiv>
            </TextLine>
            <TextLine id="r1l59" custom="readingOrder {index:58;}">
                <Coords points="1239,1761 1330,1777 1426,1767 1458,1780 1625,1782 1681,1771 1682,1728 1572,1740 1461,1728 1392,1750 1340,1727 1311,1737 1277,1725 1239,1741"/>
                <Baseline points="1248,1756 1274,1759 1301,1762 1327,1764 1354,1765 1380,1766 1407,1767 1433,1767 1460,1768 1486,1768 1513,1768 1539,1768 1566,1768 1592,1769 1619,1769 1645,1769 1672,1770"/>
                <TextEquiv>
                    <Unicode>Große amerikanische</Unicode>
                </TextEquiv>
            </TextLine>
            <TextLine id="r1l60" custom="readingOrder {index:59;}">
                <Coords points="2009,1792 2020,1792 2029,1786 2036,1789 2038,1787 2041,1790 2052,1781 2055,1784 2062,1780 2071,1780 2069,1739 2057,1739 2053,1743 2041,1744 2036,1748 2030,1742 2026,1743 2021,1737 2016,1743 2007,1744"/>
                <Baseline points="2017,1781 2063,1779"/>
                <TextEquiv>
                    <Unicode></Unicode>
                </TextEquiv>
            </TextLine>
            <TextLine id="r1l61" custom="readingOrder {index:60;}">
                <Coords points="277,1795 291,1791 295,1795 304,1791 343,1795 358,1788 383,1801 399,1790 405,1796 421,1792 421,1756 410,1758 401,1751 392,1758 365,1751 351,1758 331,1752 306,1763 293,1752 277,1753"/>
                <Baseline points="286,1785 311,1786 336,1786 361,1786 386,1786 412,1787"/>
                <TextEquiv>
                    <Unicode>das be¬</Unicode>
                </TextEquiv>
            </TextLine>
            <TextLine id="r1l62" custom="readingOrder {index:61;}">
                <Coords points="450,1806 516,1815 534,1802 556,1812 578,1803 594,1811 628,1802 628,1774 593,1768 567,1776 526,1763 512,1771 490,1771 476,1762 451,1763"/>
                <Baseline points="459,1799 485,1800 512,1800 538,1799 565,1800 591,1801 618,1804"/>
                <TextEquiv>
                    <Unicode>Neger,</Unicode>
                </TextEquiv>
            </TextLine>
            <TextLine id="r1l63" custom="readingOrder {index:62;}">
                <Coords points="719,1784 832,1816 958,1799 1102,1817 1167,1791 1208,1816 1386,1806 1386,1770 719,1764"/>
                <Baseline points="728,1799 760,1800 792,1801 825,1801 857,1801 890,1801 922,1801 955,1801 987,1801 1020,1801 1052,1801 1084,1801 1117,1802 1149,1802 1182,1802 1214,1803 1247,1804 1279,1805 1312,1807 1344,1808 1377,1810"/>
                <TextEquiv>
                    <Unicode>Unmenge kleiner Chinesen,</Unicode>
                </TextEquiv>
            </TextLine>
            <TextLine id="r1l64" custom="readingOrder {index:63;}">
                <Coords points="1406,1809 1425,1805 1445,1818 1492,1813 1502,1823 1537,1827 1558,1818 1573,1829 1603,1815 1637,1824 1672,1818 1672,1771 1625,1781 1528,1771 1463,1781 1449,1772 1406,1776"/>
                <Baseline points="1415,1810 1442,1809 1470,1809 1497,1810 1525,1810 1552,1811 1580,1811 1607,1811 1635,1812 1663,1812"/>
                <TextEquiv>
                    <Unicode>hauptsächlich</Unicode>
                </TextEquiv>
            </TextLine>
            <TextLine id="r1l65" custom="readingOrder {index:64;}">
                <Coords points="262,1833 321,1846 350,1832 371,1840 384,1832 398,1838 432,1833 433,1792 384,1802 368,1795 350,1800 339,1794 311,1796 305,1790 278,1801 262,1799"/>
                <Baseline points="270,1827 295,1829 321,1829 346,1830 372,1830 397,1829 423,1830"/>
                <TextEquiv>
                    <Unicode>Ist die</Unicode>
                </TextEquiv>
            </TextLine>
            <TextLine id="r1l66" custom="readingOrder {index:65;}">
                <Coords points="448,1847 570,1856 595,1843 615,1857 705,1857 714,1848 743,1857 773,1846 773,1807 665,1812 631,1800 556,1812 534,1802 502,1814 448,1806"/>
                <Baseline points="457,1842 482,1842 508,1843 534,1843 559,1843 585,1842 611,1842 636,1842 662,1841 688,1841 713,1842 739,1842 765,1844"/>
                <TextEquiv>
                    <Unicode>Tonkin=Chinesen.</Unicode>
                </TextEquiv>
            </TextLine>
            <TextLine id="r1l67" custom="readingOrder {index:66;}">
                <Coords points="770,1845 1128,1860 1178,1835 1325,1865 1381,1840 1536,1866 1581,1836 1652,1866 1673,1820 771,1817"/>
                <Baseline points="779,1844 823,1843 867,1842 911,1842 955,1842 1000,1842 1044,1843 1088,1843 1132,1844 1176,1845 1221,1846 1265,1848 1309,1849 1353,1850 1397,1851 1442,1851 1486,1852 1530,1852 1574,1853 1618,1852 1663,1852"/>
                <TextEquiv>
                    <Unicode>Tausende dieser Arbeiter bleiben im</Unicode>
                </TextEquiv>
            </TextLine>
            <TextLine id="r1l68" custom="readingOrder {index:67;}">
                <Coords points="2963,1849 2977,1851 2990,1844 3007,1862 3024,1862 3038,1851 3061,1864 3081,1852 3099,1856 3110,1845 3121,1845 3121,1805 3055,1810 3047,1815 3013,1806 2963,1824"/>
                <Baseline points="2972,1846 2999,1848 3027,1849 3055,1850 3083,1849 3111,1847"/>
                <TextEquiv>
                    <Unicode>von 2</Unicode>
                </TextEquiv>
            </TextLine>
            <TextLine id="r1l69" custom="readingOrder {index:68;}">
                <Coords points="241,1874 259,1883 324,1876 334,1885 351,1878 399,1887 412,1876 428,1878 429,1835 398,1838 384,1832 371,1843 364,1835 330,1849 310,1841 280,1841 262,1831 242,1838"/>
                <Baseline points="250,1869 278,1871 306,1872 335,1872 363,1872 391,1873 420,1875"/>
                <TextEquiv>
                    <Unicode>er nicht</Unicode>
                </TextEquiv>
            </TextLine>
            <TextLine id="r1l70" custom="readingOrder {index:69;}">
                <Coords points="440,1888 1671,1892 1671,1859 1576,1851 440,1848"/>
                <Baseline points="449,1885 509,1884 570,1884 630,1884 691,1885 752,1885 812,1886 873,1886 934,1887 994,1887 1055,1888 1116,1889 1176,1890 1237,1890 1298,1891 1358,1891 1419,1892 1480,1892 1540,1893 1601,1893 1662,1893"/>
                <TextEquiv>
                    <Unicode>Lande auch nach dem Krieg, stiften Familien, und die Rassen mischen</Unicode>
                </TextEquiv>
            </TextLine>
            <TextLine id="r1l71" custom="readingOrder {index:70;}">
                <Coords points="2210,1923 2565,1905 2683,1925 2752,1893 2752,1867 2712,1873 2648,1836 2601,1868 2534,1878 2488,1855 2445,1866 2398,1827 2353,1855 2316,1826 2269,1863 2237,1839 2211,1851"/>
                <Baseline points="2219,1893 2245,1895 2271,1896 2297,1898 2323,1899 2349,1900 2375,1902 2402,1902 2428,1904 2454,1905 2480,1905 2506,1905 2532,1906 2558,1906 2585,1905 2611,1905 2637,1904 2663,1904 2689,1902 2715,1901 2742,1899"/>
                <TextEquiv>
                    <Unicode>Theitet.</Unicode>
                </TextEquiv>
            </TextLine>
            <TextLine id="r1l72" custom="readingOrder {index:71;}">
                <Coords points="2969,1908 2997,1906 3024,1915 3053,1905 3077,1912 3091,1927 3105,1919 3120,1921 3119,1851 3087,1856 3078,1864 3047,1861 3036,1852 3024,1863 3006,1861 2986,1845 2968,1851"/>
                <Baseline points="2977,1903 3003,1904 3030,1904 3057,1904 3084,1903 3111,1901"/>
                <TextEquiv>
                    <Unicode>engat</Unicode>
                </TextEquiv>
            </TextLine>
            <TextLine id="r1l73" custom="readingOrder {index:72;}">
                <Coords points="235,1922 269,1915 289,1922 344,1921 359,1932 404,1917 424,1919 424,1876 413,1876 399,1887 372,1878 334,1885 310,1876 235,1890"/>
                <Baseline points="243,1915 271,1913 300,1912 329,1913 357,1913 386,1914 415,1914"/>
                <TextEquiv>
                    <Unicode>Rechts¬</Unicode>
                </TextEquiv>
            </TextLine>
            <TextLine id="r1l74" custom="readingOrder {index:73;}">
                <Coords points="434,1939 1671,1937 1671,1895 435,1892"/>
                <Baseline points="444,1927 504,1927 565,1927 626,1927 687,1927 748,1927 809,1928 870,1928 931,1929 992,1930 1053,1930 1113,1931 1174,1931 1235,1932 1296,1933 1357,1933 1418,1933 1479,1933 1540,1933 1601,1933 1662,1933"/>
                <TextEquiv>
                    <Unicode>sich. Bei Marseille liegt das indische Heer. Im Languedoc arbeiten</Unicode>
                </TextEquiv>
            </TextLine>
            <TextLine id="r1l75" custom="readingOrder {index:74;}">
                <Coords points="2800,1955 2822,1962 2848,1951 2868,1952 2881,1963 2920,1954 2946,1964 2976,1942 2992,1945 2990,1908 2945,1901 2910,1918 2902,1911 2892,1917 2867,1918 2859,1911 2820,1920 2798,1914"/>
                <Baseline points="2809,1943 2838,1947 2867,1948 2896,1946 2925,1943 2954,1941 2983,1939"/>
                <TextEquiv>
                    <Unicode>—</Unicode>
                </TextEquiv>
            </TextLine>
            <TextLine id="r1l76" custom="readingOrder {index:75;}">
                <Coords points="230,1951 245,1950 266,1967 281,1960 311,1971 326,1962 347,1972 356,1963 376,1963 397,1973 431,1975 432,1928 391,1922 357,1931 344,1921 312,1926 303,1919 287,1927 231,1921"/>
                <Baseline points="239,1955 265,1954 291,1954 317,1954 343,1956 369,1957 395,1957 422,1956"/>
                <TextEquiv>
                    <Unicode>n können</Unicode>
                </TextEquiv>
            </TextLine>
            <TextLine id="r1l77" custom="readingOrder {index:76;}">
                <Coords points="431,1971 1679,1988 1679,1936 432,1937"/>
                <Baseline points="441,1968 502,1969 563,1969 625,1970 686,1970 748,1970 809,1970 871,1970 932,1970 994,1970 1055,1971 1116,1971 1178,1971 1239,1971 1301,1972 1362,1973 1424,1973 1485,1975 1547,1976 1608,1977 1670,1979"/>
                <TextEquiv>
                    <Unicode>30000 Spanier; 60000 Griechen waren in den Munitionswerkstätten</Unicode>
                </TextEquiv>
            </TextLine>
            <TextLine id="r1l78" custom="readingOrder {index:77;}">
                <Coords points="2983,2002 3005,2000 3022,1991 3031,1996 3053,1996 3103,1976 3128,1982 3128,1951 3087,1946 3080,1953 3055,1935 3042,1942 3024,1939 3013,1946 3002,1941 2983,1943"/>
                <Baseline points="2991,1985 3016,1983 3042,1983 3068,1984 3094,1984 3120,1982"/>
                <TextEquiv>
                    <Unicode>„Eir</Unicode>
                </TextEquiv>
            </TextLine>
            <TextLine id="r1l79" custom="readingOrder {index:78;}">
                <Coords points="226,2023 258,2021 271,2010 282,2014 296,2007 312,2020 343,2008 379,2023 393,2011 420,2013 421,1979 357,1965 347,1972 324,1964 310,1973 285,1962 265,1967 244,1950 227,1952"/>
                <Baseline points="236,1999 261,1998 286,1998 311,1998 336,1999 361,2000 386,2001 412,2001"/>
                <TextEquiv>
                    <Unicode>die fran¬</Unicode>
                </TextEquiv>
            </TextLine>
            <TextLine id="r1l80" custom="readingOrder {index:79;}">
                <Coords points="432,2014 1669,2018 1649,1982 432,1976"/>
                <Baseline points="442,2011 502,2012 563,2013 624,2013 685,2013 746,2013 807,2013 867,2012 928,2012 989,2012 1050,2012 1111,2012 1172,2012 1233,2012 1293,2013 1354,2014 1415,2015 1476,2017 1537,2019 1598,2021 1659,2024"/>
                <TextEquiv>
                    <Unicode>beschäftigt und suchen jetzt andere Arbeit. Von Südfrankreich, wo die</Unicode>
                </TextEquiv>
            </TextLine>
            <TextLine id="r1l81" custom="readingOrder {index:80;}">
                <Coords points="2072,2007 2239,2036 3131,2034 3131,1993 2560,1952 2072,1979"/>
                <Baseline points="2081,2016 2133,2016 2185,2016 2237,2016 2289,2016 2341,2016 2393,2016 2445,2016 2497,2017 2549,2017 2601,2017 2653,2018 2705,2018 2757,2019 2809,2020 2861,2021 2913,2023 2965,2024 3017,2026 3069,2028 3121,2031"/>
                <TextEquiv>
                    <Unicode>Deutsches Volkstheater. Es ist bei Artur zweit</Unicode>
                </TextEquiv>
            </TextLine>
            <TextLine id="r1l82" custom="readingOrder {index:81;}">
                <Coords points="433,2056 1594,2077 1674,2048 1658,2016 433,2014"/>
                <Baseline points="443,2054 504,2054 565,2054 626,2054 687,2054 748,2054 809,2055 870,2055 931,2055 992,2055 1053,2056 1114,2056 1175,2056 1236,2057 1297,2058 1358,2058 1419,2059 1480,2060 1541,2061 1602,2062 1664,2063"/>
                <TextEquiv>
                    <Unicode>arbeitende Bevölkerung bereits vor dem Krieg italienisch war, wanderte</Unicode>
                </TextEquiv>
            </TextLine>
            <TextLine id="r1l83" custom="readingOrder {index:82;}">
                <Coords points="1985,2063 3121,2084 3100,2035 2255,2038 1985,2001"/>
                <Baseline points="1993,2064 2048,2064 2104,2065 2160,2065 2216,2065 2272,2066 2328,2066 2384,2066 2440,2066 2496,2066 2552,2066 2607,2066 2663,2066 2719,2067 2775,2068 2831,2068 2887,2069 2943,2070 2999,2072 3055,2074 3111,2076"/>
                <TextEquiv>
                    <Unicode>Schnitzler nichts seltenes, daß er die Menschen, liner</Unicode>
                </TextEquiv>
            </TextLine>
            <TextLine id="r1l84" custom="readingOrder {index:83;}">
                <Coords points="228,2089 237,2089 253,2104 277,2096 417,2104 418,2049 366,2055 346,2049 339,2056 309,2048 301,2053 285,2044 272,2051 255,2045 244,2055 229,2053"/>
                <Baseline points="238,2086 266,2088 294,2088 323,2089 351,2089 379,2090 408,2091"/>
                <TextEquiv>
                    <Unicode>it Zinsen</Unicode>
                </TextEquiv>
            </TextLine>
            <TextLine id="r1l85" custom="readingOrder {index:84;}">
                <Coords points="444,2102 1663,2104 1651,2068 1518,2063 445,2061"/>
                <Baseline points="454,2093 514,2093 574,2093 634,2093 694,2094 754,2094 814,2094 874,2095 934,2095 994,2096 1054,2096 1114,2097 1174,2098 1234,2098 1294,2099 1354,2100 1414,2100 1474,2101 1534,2102 1594,2103 1654,2103"/>
                <TextEquiv>
                    <Unicode>dieses fleißige, muntere und fruchtbare Volk nordwärts und nahm dort</Unicode>
                </TextEquiv>
            </TextLine>
            <TextLine id="r1l86" custom="readingOrder {index:85;}">
                <Coords points="1986,2120 2786,2113 2888,2142 2951,2114 3068,2136 3110,2084 1986,2095"/>
                <Baseline points="1996,2109 2051,2110 2106,2111 2161,2112 2217,2112 2272,2113 2327,2113 2382,2113 2438,2113 2493,2113 2548,2113 2603,2113 2659,2113 2714,2113 2769,2114 2824,2114 2880,2115 2935,2115 2990,2117 3045,2118 3101,2120"/>
                <TextEquiv>
                    <Unicode>deren Partei er nach außen hin gar nicht er= Albe¬</Unicode>
                </TextEquiv>
            </TextLine>
            <TextLine id="r1l87" custom="readingOrder {index:86;}">
                <Coords points="239,2145 259,2149 272,2137 284,2137 306,2140 315,2149 331,2142 338,2148 365,2137 390,2143 401,2153 421,2146 422,2099 391,2106 370,2096 240,2104"/>
                <Baseline points="248,2129 275,2130 302,2130 330,2131 357,2132 384,2132 412,2133"/>
                <TextEquiv>
                    <Unicode>noch eine</Unicode>
                </TextEquiv>
            </TextLine>
            <TextLine id="r1l88" custom="readingOrder {index:87;}">
                <Coords points="438,2141 1671,2165 1666,2114 438,2101"/>
                <Baseline points="446,2137 506,2136 567,2136 628,2137 689,2137 749,2137 810,2138 871,2138 932,2139 992,2139 1053,2140 1114,2141 1175,2142 1235,2143 1296,2144 1357,2145 1418,2146 1478,2147 1539,2148 1600,2149 1661,2151"/>
                <TextEquiv>
                    <Unicode>die ledigen Plätze in Besitz. Auch dort wird abzurechnen sein, wenn</Unicode>
                </TextEquiv>
            </TextLine>
            <TextLine id="r1l89" custom="readingOrder {index:88;}">
                <Coords points="1979,2159 3123,2181 3107,2118 1980,2123"/>
                <Baseline points="1989,2157 2045,2158 2101,2158 2157,2158 2213,2158 2270,2158 2326,2158 2382,2158 2438,2158 2494,2158 2551,2158 2607,2158 2663,2159 2719,2159 2775,2160 2832,2160 2888,2161 2944,2162 3000,2164 3056,2166 3113,2168"/>
                <TextEquiv>
                    <Unicode>greifen will, wesentlich sympathischer bildet als Wert</Unicode>
                </TextEquiv>
            </TextLine>
            <TextLine id="r1l90" custom="readingOrder {index:89;}">
                <Coords points="240,2168 281,2189 301,2189 319,2180 328,2184 341,2174 353,2184 388,2183 393,2189 416,2182 417,2148 401,2153 385,2142 356,2136 338,2148 295,2140 289,2144 284,2138 241,2138"/>
                <Baseline points="250,2171 276,2172 302,2173 329,2173 355,2174 381,2174 408,2173"/>
                <TextEquiv>
                    <Unicode>den Ge¬</Unicode>
                </TextEquiv>
            </TextLine>
            <TextLine id="r1l91" custom="readingOrder {index:90;}">
                <Coords points="431,2199 512,2178 693,2195 891,2188 907,2186 908,2152 431,2143"/>
                <Baseline points="440,2176 465,2176 490,2176 516,2176 541,2176 567,2177 592,2177 618,2177 643,2177 669,2177 694,2178 719,2178 745,2178 770,2179 796,2179 821,2179 847,2180 872,2180 898,2180"/>
                <TextEquiv>
                    <Unicode>die Soldaten heimkehren.</Unicode>
                </TextEquiv>
            </TextLine>
            <TextLine id="r1l92" custom="readingOrder {index:91;}">
                <Coords points="1988,2217 2748,2200 3105,2235 3106,2174 2266,2158 1988,2187"/>
                <Baseline points="1997,2204 2052,2204 2107,2204 2162,2204 2217,2204 2272,2204 2327,2204 2382,2204 2437,2204 2492,2204 2547,2204 2602,2205 2657,2205 2712,2205 2767,2206 2822,2207 2877,2207 2932,2208 2987,2209 3042,2211 3097,2212"/>
                <TextEquiv>
                    <Unicode>die andern, auf deren Seite er steht. Besonders Teil</Unicode>
                </TextEquiv>
            </TextLine>
            <TextLine id="r1l93" custom="readingOrder {index:92;}">
                <Coords points="238,2226 310,2220 332,2222 340,2232 391,2220 412,2236 430,2233 431,2199 379,2182 334,2179 329,2185 293,2188 252,2171 239,2174"/>
                <Baseline points="248,2213 277,2214 306,2214 335,2214 364,2215 393,2216 422,2216"/>
                <TextEquiv>
                    <Unicode>eer über</Unicode>
                </TextEquiv>
            </TextLine>
            <TextLine id="r1l94" custom="readingOrder {index:93;}">
                <Coords points="483,2221 1666,2237 1643,2195 1413,2178 484,2188"/>
                <Baseline points="492,2217 550,2218 608,2219 666,2220 724,2221 783,2222 841,2223 899,2223 957,2224 1015,2224 1074,2225 1132,2225 1190,2226 1248,2226 1306,2227 1365,2228 1423,2229 1481,2230 1539,2231 1597,2232 1656,2233"/>
                <TextEquiv>
                    <Unicode>Wir leben mitten in einer Zeit der Völkerwanderung, die die ganze</Unicode>
                </TextEquiv>
            </TextLine>
            <TextLine id="r1l95" custom="readingOrder {index:94;}">
                <Coords points="1990,2257 2973,2267 2961,2210 1990,2210"/>
                <Baseline points="1998,2252 2046,2251 2094,2251 2142,2251 2191,2250 2239,2250 2287,2250 2336,2251 2384,2251 2432,2251 2481,2251 2529,2252 2577,2252 2625,2252 2674,2253 2722,2253 2770,2253 2819,2253 2867,2253 2915,2253 2964,2253"/>
                <TextEquiv>
                    <Unicode>merkt man das wieder, wenn man diesen „Pro¬</Unicode>
                </TextEquiv>
            </TextLine>
            <TextLine id="r1l96" custom="readingOrder {index:95;}">
                <Coords points="239,2263 280,2261 310,2274 330,2260 346,2272 377,2262 386,2271 406,2264 418,2251 435,2251 435,2237 413,2237 392,2220 379,2228 347,2227 339,2233 327,2233 311,2220 296,2225 259,2220 239,2227"/>
                <Baseline points="248,2255 273,2258 298,2259 324,2260 349,2259 375,2259 400,2258 426,2258"/>
                <TextEquiv>
                    <Unicode>zlich zer¬</Unicode>
                </TextEquiv>
            </TextLine>
            <TextLine id="r1l97" custom="readingOrder {index:96;}">
                <Coords points="2986,2270 3012,2276 3020,2271 3030,2277 3052,2268 3072,2274 3108,2274 3108,2227 3087,2229 3074,2223 3047,2228 3024,2219 3013,2230 3001,2222 2986,2227"/>
                <Baseline points="2995,2261 3021,2259 3047,2260 3073,2261 3099,2261"/>
                <TextEquiv>
                    <Unicode>geno#</Unicode>
                </TextEquiv>
            </TextLine>
            <TextLine id="r1l98" custom="readingOrder {index:97;}">
                <Coords points="435,2261 1617,2287 1663,2242 435,2220"/>
                <Baseline points="444,2259 504,2261 564,2262 625,2263 685,2264 746,2264 806,2265 867,2266 927,2267 988,2267 1048,2267 1108,2268 1169,2269 1229,2269 1290,2270 1350,2270 1411,2271 1471,2272 1532,2273 1592,2274 1653,2276"/>
                <TextEquiv>
                    <Unicode>Welt umspannt, mächtiger als die Erde sie je gesehen hat. Sie ist wie</Unicode>
                </TextEquiv>
            </TextLine>
            <TextLine id="r1l99" custom="readingOrder {index:98;}">
                <Coords points="224,2321 242,2323 267,2307 289,2304 312,2315 343,2310 360,2316 375,2307 389,2315 423,2317 424,2267 376,2261 345,2271 333,2258 309,2274 280,2261 252,2266 241,2255 225,2255"/>
                <Baseline points="233,2299 259,2297 285,2297 311,2298 337,2299 363,2300 389,2300 415,2299"/>
                <TextEquiv>
                    <Unicode>Menschen</Unicode>
                </TextEquiv>
            </TextLine>
            <TextLine id="r1l100" custom="readingOrder {index:99;}">
                <Coords points="1996,2293 3129,2324 3129,2276 2980,2251 1997,2258"/>
                <Baseline points="2006,2299 2061,2299 2117,2299 2173,2299 2228,2298 2284,2298 2340,2298 2395,2297 2451,2297 2507,2297 2563,2297 2618,2297 2674,2297 2730,2297 2785,2298 2841,2299 2897,2300 2952,2302 3008,2305 3064,2307 3120,2310"/>
                <TextEquiv>
                    <Unicode>fessor Bernhardi“ — wie Samstag im Deutschen ausge</Unicode>
                </TextEquiv>
            </TextLine>
            <TextLine id="r1l101" custom="readingOrder {index:100;}">
                <Coords points="444,2310 1499,2338 1657,2331 1658,2295 444,2278"/>
                <Baseline points="454,2301 513,2303 573,2305 633,2307 692,2308 752,2309 812,2310 871,2311 931,2311 991,2312 1051,2312 1110,2313 1170,2313 1230,2314 1289,2314 1349,2315 1409,2316 1468,2316 1528,2317 1588,2318 1648,2320"/>
                <TextEquiv>
                    <Unicode>ein Strom, der sich vorwärts, unaufhaltsam vorwärts wälzt ...</Unicode>
                </TextEquiv>
            </TextLine>
            <TextLine id="r1l102" custom="readingOrder {index:101;}">
                <Coords points="250,2356 303,2347 312,2354 349,2347 378,2353 391,2347 396,2351 403,2344 419,2345 419,2317 400,2320 383,2309 362,2315 342,2309 308,2313 288,2304 250,2313"/>
                <Baseline points="259,2340 284,2340 309,2340 334,2341 359,2341 384,2340 410,2339"/>
                <TextEquiv>
                    <Unicode>Freund¬</Unicode>
                </TextEquiv>
            </TextLine>
            <TextLine id="r1l103" custom="readingOrder {index:102;}">
                <Coords points="1992,2363 2332,2338 3121,2370 3121,2325 2978,2293 2817,2325 1992,2298"/>
                <Baseline points="2002,2344 2057,2344 2113,2344 2168,2345 2224,2345 2279,2345 2335,2345 2390,2345 2446,2345 2501,2345 2557,2345 2612,2345 2668,2345 2723,2346 2779,2346 2834,2347 2890,2348 2945,2349 3001,2350 3056,2351 3112,2353"/>
                <TextEquiv>
                    <Unicode>Volkstheater — zim erstenmal auf der Bühne theat</Unicode>
                </TextEquiv>
            </TextLine>
            <TextLine id="r1l104" custom="readingOrder {index:103;}">
                <Coords points="437,2356 476,2370 500,2357 542,2367 572,2354 589,2362 597,2355 615,2357 616,2326 573,2312 546,2317 527,2304 508,2308 495,2321 483,2311 438,2313"/>
                <Baseline points="446,2345 472,2346 499,2346 526,2347 552,2348 579,2349 606,2351"/>
                <TextEquiv>
                    <Unicode>Wohin?</Unicode>
                </TextEquiv>
            </TextLine>
            <TextLine id="r1l105" custom="readingOrder {index:104;}">
                <Coords points="255,2392 298,2400 329,2388 343,2394 357,2391 365,2398 379,2391 399,2396 418,2375 434,2375 433,2332 423,2332 396,2351 362,2346 349,2354 331,2349 312,2355 292,2348 254,2356"/>
                <Baseline points="264,2386 291,2384 318,2382 345,2381 372,2381 399,2381 426,2382"/>
                <TextEquiv>
                    <Unicode>Früchte</Unicode>
                </TextEquiv>
            </TextLine>
            <TextLine id="r1l106" custom="readingOrder {index:105;}">
                <Coords points="1988,2402 2984,2394 2983,2356 2899,2349 1988,2363"/>
                <Baseline points="1997,2392 2045,2392 2094,2392 2143,2392 2192,2392 2241,2392 2290,2392 2339,2392 2388,2392 2437,2392 2486,2392 2534,2391 2583,2391 2632,2391 2681,2391 2730,2391 2779,2391 2828,2391 2877,2391 2926,2391 2975,2392"/>
                <TextEquiv>
                    <Unicode>sieht. Die Darstellung unterstrich diese seltsame</Unicode>
                </TextEquiv>
            </TextLine>
            <TextLine id="r1l107" custom="readingOrder {index:106;}">
                <Coords points="723,2398 1631,2429 1631,2355 724,2355"/>
                <Baseline points="732,2395 776,2394 821,2393 865,2393 910,2393 954,2393 999,2393 1043,2393 1088,2393 1132,2394 1177,2395 1221,2395 1266,2396 1310,2397 1355,2397 1399,2398 1444,2398 1488,2398 1533,2399 1577,2399 1622,2399"/>
                <TextEquiv>
                    <Unicode>(Berechtigte Verdeutschung von Julia Koppel.]</Unicode>
                </TextEquiv>
            </TextLine>
            <TextLine id="r1l108" custom="readingOrder {index:107;}">
                <Coords points="293,2430 311,2430 325,2437 347,2430 369,2432 374,2437 390,2434 399,2441 408,2432 433,2427 433,2387 415,2385 403,2398 390,2391 379,2391 369,2398 356,2390 344,2394 331,2389 293,2392"/>
                <Baseline points="302,2423 332,2424 363,2423 393,2423 424,2425"/>
                <TextEquiv>
                    <Unicode>Diese</Unicode>
                </TextEquiv>
            </TextLine>
            <TextLine id="r1l109" custom="readingOrder {index:108;}">
                <Coords points="1994,2447 2990,2461 2990,2381 2914,2411 2700,2385 1994,2409"/>
                <Baseline points="2002,2440 2050,2438 2099,2437 2148,2436 2197,2435 2246,2434 2295,2434 2344,2434 2393,2434 2442,2434 2491,2434 2539,2434 2588,2435 2637,2435 2686,2436 2735,2436 2784,2437 2833,2438 2882,2438 2931,2439 2980,2440"/>
                <TextEquiv>
                    <Unicode>Reigung des Dichters — man weiß nicht, ob ab¬</Unicode>
                </TextEquiv>
            </TextLine>
            <TextLine id="r1l110" custom="readingOrder {index:109;}">
                <Coords points="231,2481 249,2483 263,2475 276,2481 288,2472 297,2477 320,2464 338,2479 432,2471 432,2428 398,2442 390,2435 376,2439 349,2430 326,2441 290,2423 254,2441 230,2438"/>
                <Baseline points="240,2466 266,2464 292,2464 318,2463 344,2464 370,2464 396,2464 423,2463"/>
                <TextEquiv>
                    <Unicode>ehr Ent¬</Unicode>
                </TextEquiv>
            </TextLine>
            <TextLine id="r1l111" custom="readingOrder {index:110;}">
                <Coords points="484,2470 1663,2497 1615,2437 484,2434"/>
                <Baseline points="492,2468 550,2470 608,2471 666,2473 724,2474 782,2475 840,2475 898,2476 956,2476 1014,2476 1073,2476 1131,2476 1189,2477 1247,2477 1305,2477 1363,2478 1421,2478 1479,2479 1537,2480 1595,2481 1654,2482"/>
                <TextEquiv>
                    <Unicode>□ Schnitzlers „Professor Bernhardi“ in Wien. Felix</Unicode>
                </TextEquiv>
            </TextLine>
            <TextLine id="r1l112" custom="readingOrder {index:111;}">
                <Coords points="2001,2493 2118,2502 2159,2481 2238,2495 2287,2475 2346,2506 2574,2491 2574,2462 2551,2470 2474,2432 2367,2452 2001,2445"/>
                <Baseline points="2009,2484 2036,2484 2064,2484 2092,2484 2120,2484 2148,2484 2175,2484 2203,2484 2231,2484 2259,2484 2287,2483 2314,2483 2342,2483 2370,2483 2398,2483 2426,2483 2453,2484 2481,2484 2509,2484 2537,2484 2565,2484"/>
                <TextEquiv>
                    <Unicode>sichtlich oder unabsichtlich,</Unicode>
                </TextEquiv>
            </TextLine>
            <TextLine id="r1l113" custom="readingOrder {index:112;}">
                <Coords points="2615,2478 2673,2496 2750,2488 2825,2500 2878,2481 2910,2500 2942,2493 2989,2510 2986,2447 2911,2453 2880,2442 2788,2455 2762,2442 2738,2454 2710,2444 2616,2455"/>
                <Baseline points="2624,2481 2649,2482 2674,2482 2700,2484 2725,2484 2751,2485 2776,2486 2802,2487 2827,2487 2852,2488 2878,2488 2903,2488 2929,2487 2954,2487 2980,2486"/>
                <TextEquiv>
                    <Unicode>allerdings sehr</Unicode>
                </TextEquiv>
            </TextLine>
            <TextLine id="r1l114" custom="readingOrder {index:113;}">
                <Coords points="239,2518 278,2512 294,2521 318,2513 325,2518 363,2514 372,2521 388,2521 404,2512 420,2516 420,2483 386,2475 366,2484 353,2477 337,2481 332,2475 316,2481 308,2474 288,2472 269,2479 251,2496 238,2496"/>
                <Baseline points="247,2511 274,2509 301,2508 329,2507 356,2507 383,2508 411,2509"/>
                <TextEquiv>
                    <Unicode>eher als</Unicode>
                </TextEquiv>
            </TextLine>
            <TextLine id="r1l115" custom="readingOrder {index:114;}">
                <Coords points="442,2512 1666,2522 1593,2483 443,2460"/>
                <Baseline points="451,2508 511,2509 571,2510 631,2512 692,2513 752,2514 812,2515 873,2516 933,2517 993,2518 1054,2519 1114,2519 1174,2520 1234,2520 1295,2521 1355,2521 1415,2521 1476,2521 1536,2521 1596,2520 1657,2520"/>
                <TextEquiv>
                    <Unicode>Salten telegraphiert uns aus Wien Arthur Schnitzlers Ko¬</Unicode>
                </TextEquiv>
            </TextLine>
            <TextLine id="r1l116" custom="readingOrder {index:115;}">
                <Coords points="1990,2528 2984,2536 2879,2482 1990,2494"/>
                <Baseline points="1999,2533 2047,2532 2096,2531 2145,2530 2194,2529 2243,2529 2292,2529 2340,2529 2389,2529 2438,2529 2487,2530 2536,2530 2585,2531 2634,2531 2682,2532 2731,2533 2780,2533 2829,2534 2878,2534 2927,2535 2976,2535"/>
                <TextEquiv>
                    <Unicode>stark. Wenn im vierten Akt die Gäste Bern¬</Unicode>
                </TextEquiv>
            </TextLine>
            <TextLine id="r1l117" custom="readingOrder {index:116;}">
                <Coords points="244,2546 272,2559 279,2554 328,2562 339,2556 367,2558 384,2568 418,2557 418,2514 380,2523 366,2515 345,2515 336,2522 318,2513 298,2522 282,2514 244,2518"/>
                <Baseline points="252,2549 278,2550 304,2549 330,2549 356,2550 382,2550 409,2552"/>
                <TextEquiv>
                    <Unicode>Resultat</Unicode>
                </TextEquiv>
            </TextLine>
            <TextLine id="r1l118" custom="readingOrder {index:117;}">
                <Coords points="434,2565 1584,2576 1658,2566 1658,2523 434,2526"/>
                <Baseline points="443,2550 503,2550 563,2551 623,2552 684,2553 744,2554 804,2555 865,2556 925,2557 985,2558 1046,2559 1106,2560 1166,2561 1226,2562 1287,2562 1347,2563 1407,2563 1468,2563 1528,2563 1588,2562 1649,2562"/>
                <TextEquiv>
                    <Unicode>mödie „Professer Bernhardi“ die jahrelang in Wien ver¬</Unicode>
                </TextEquiv>
            </TextLine>
            <TextLine id="r1l119" custom="readingOrder {index:118;}">
                <Coords points="1996,2584 2978,2581 2951,2536 1997,2534"/>
                <Baseline points="2005,2577 2053,2576 2101,2575 2149,2575 2197,2575 2246,2575 2294,2575 2342,2575 2390,2576 2438,2576 2487,2576 2535,2577 2583,2577 2631,2577 2679,2578 2728,2578 2776,2578 2824,2577 2872,2577 2920,2576 2969,2575"/>
                <TextEquiv>
                    <Unicode>hardis vom Essen aufstehen, so denkt man unwill¬</Unicode>
                </TextEquiv>
            </TextLine>
            <TextLine id="r1l120" custom="readingOrder {index:119;}">
                <Coords points="2979,2591 2999,2595 3017,2584 3074,2588 3090,2580 3121,2586 3124,2381 3045,2387 3031,2376 3005,2390 2982,2380"/>
                <Baseline points="2988,2577 3019,2578 3050,2577 3081,2577 3112,2581"/>
                <TextEquiv>
                    <Unicode></Unicode>
                </TextEquiv>
            </TextLine>
            <TextLine id="r1l121" custom="readingOrder {index:120;}">
                <Coords points="227,2611 241,2613 263,2601 293,2612 312,2605 319,2613 346,2608 355,2599 383,2605 418,2601 419,2556 388,2566 345,2556 334,2563 282,2554 228,2560"/>
                <Baseline points="236,2589 264,2592 293,2594 322,2594 350,2594 379,2594 408,2595"/>
                <TextEquiv>
                    <Unicode>erigkeiten</Unicode>
                </TextEquiv>
            </TextLine>
            <TextLine id="r1l122" custom="readingOrder {index:121;}">
                <Coords points="434,2596 1660,2621 1660,2562 434,2561"/>
                <Baseline points="444,2591 504,2593 564,2594 625,2596 685,2597 745,2598 806,2599 866,2600 926,2601 987,2601 1047,2602 1107,2603 1168,2603 1228,2603 1288,2604 1349,2604 1409,2604 1469,2604 1530,2604 1590,2604 1651,2604"/>
                <TextEquiv>
                    <Unicode>boten war, erschien zum erstenmal auf dem Podium des Deut¬</Unicode>
                </TextEquiv>
            </TextLine>
            <TextLine id="r1l123" custom="readingOrder {index:122;}">
                <Coords points="1990,2644 2968,2637 2985,2573 1991,2590"/>
                <Baseline points="1999,2622 2047,2622 2096,2623 2145,2623 2194,2623 2243,2624 2292,2624 2340,2624 2389,2625 2438,2625 2487,2625 2536,2625 2585,2625 2634,2625 2682,2625 2731,2625 2780,2625 2829,2625 2878,2625 2927,2624 2976,2624"/>
                <TextEquiv>
                    <Unicode>kürlich daran, daß im Hause dieses von Herrn</Unicode>
                </TextEquiv>
            </TextLine>
            <TextLine id="r1l124" custom="readingOrder {index:123;}">
                <Coords points="434,2646 1575,2646 1665,2678 1665,2617 1619,2607 434,2596"/>
                <Baseline points="443,2638 503,2638 564,2638 624,2638 685,2638 746,2639 806,2639 867,2640 928,2640 988,2641 1049,2641 1110,2642 1170,2643 1231,2643 1292,2644 1352,2645 1413,2645 1474,2646 1534,2647 1595,2648 1656,2648"/>
                <TextEquiv>
                    <Unicode>schen Volkstheaters. Hier in Wien, wo die Zustände, die</Unicode>
                </TextEquiv>
            </TextLine>
            <TextLine id="r1l125" custom="readingOrder {index:124;}">
                <Coords points="1990,2683 2892,2694 2980,2680 2980,2637 1990,2644"/>
                <Baseline points="1998,2667 2046,2667 2095,2668 2144,2668 2192,2668 2241,2669 2290,2669 2338,2670 2387,2670 2436,2670 2485,2671 2533,2671 2582,2671 2631,2672 2679,2672 2728,2672 2777,2672 2825,2672 2874,2673 2923,2672 2972,2672"/>
                <TextEquiv>
                    <Unicode>Bernau dargestellten Professors sicherlich</Unicode>
                </TextEquiv>
            </TextLine>
            <TextLine id="r1l126" custom="readingOrder {index:125;}">
                <Coords points="217,2686 1655,2708 1619,2650 217,2643"/>
                <Baseline points="226,2673 297,2675 368,2677 439,2678 510,2679 581,2680 652,2681 723,2682 794,2683 865,2683 936,2684 1007,2684 1078,2685 1149,2685 1220,2685 1291,2686 1362,2687 1433,2688 1504,2688 1575,2690 1646,2691"/>
                <TextEquiv>
                    <Unicode>den aus= Schnitzler zeichnet, in üppiger Blüte stehen, wirkte das Stück einfach</Unicode>
                </TextEquiv>
            </TextLine>
            <TextLine id="r1l127" custom="readingOrder {index:126;}">
                <Coords points="3006,2707 3049,2694 3065,2709 3073,2702 3103,2694 3109,2698 3119,2689 3130,2691 3130,2621 3109,2624 3082,2615 3073,2621 3067,2615 3046,2615 3024,2630 3006,2631"/>
                <Baseline points="3016,2688 3042,2682 3068,2681 3094,2683 3121,2687"/>
                <TextEquiv>
                    <Unicode>9</Unicode>
                </TextEquiv>
            </TextLine>
            <TextLine id="r1l128" custom="readingOrder {index:127;}">
                <Coords points="1992,2713 2082,2736 2463,2715 2537,2743 2983,2723 2962,2679 1993,2688"/>
                <Baseline points="2002,2714 2050,2714 2099,2715 2147,2715 2196,2715 2245,2715 2293,2716 2342,2716 2390,2716 2439,2717 2488,2717 2536,2718 2585,2718 2633,2719 2682,2719 2731,2719 2779,2720 2828,2720 2876,2720 2925,2721 2974,2721"/>
                <TextEquiv>
                    <Unicode>fürchterlich fett gekocht wird. Was Wunder, daß</Unicode>
                </TextEquiv>
            </TextLine>
            <TextLine id="r1l129" custom="readingOrder {index:128;}">
                <Coords points="223,2721 1657,2764 1677,2678 1274,2713 223,2683"/>
                <Baseline points="231,2718 302,2720 374,2721 446,2723 518,2724 590,2726 662,2727 733,2728 805,2730 877,2731 949,2732 1021,2733 1093,2734 1165,2734 1236,2735 1308,2735 1380,2735 1452,2735 1524,2734 1596,2733 1668,2732"/>
                <TextEquiv>
                    <Unicode>1 Völker= zündend. Die hohe Ueberiegenheit, in der da ein Dichter mit der</Unicode>
                </TextEquiv>
            </TextLine>
            <TextLine id="r1l130" custom="readingOrder {index:129;}">
                <Coords points="1977,2777 2984,2780 2995,2712 2921,2737 1977,2719"/>
                <Baseline points="1987,2761 2039,2760 2092,2760 2144,2760 2197,2760 2249,2761 2302,2761 2355,2762 2407,2762 2460,2763 2512,2764 2565,2764 2617,2765 2670,2765 2723,2765 2775,2765 2828,2765 2880,2764 2933,2763 2986,2761"/>
                <TextEquiv>
                    <Unicode>bei objektiven Zuschauern der schlanke, durch¬</Unicode>
                </TextEquiv>
            </TextLine>
            <TextLine id="r1l131" custom="readingOrder {index:130;}">
                <Coords points="1980,2813 3001,2834 3001,2774 1980,2774"/>
                <Baseline points="1989,2808 2039,2807 2089,2807 2139,2806 2189,2806 2239,2806 2289,2806 2340,2806 2390,2806 2440,2807 2490,2808 2540,2808 2590,2809 2640,2809 2691,2810 2741,2811 2791,2811 2841,2812 2891,2812 2941,2813 2992,2813"/>
                <TextEquiv>
                    <Unicode>geistigte Priester des Herrn Onno, der Filon von</Unicode>
                </TextEquiv>
            </TextLine>
            <TextLine id="r1l132" custom="readingOrder {index:131;}">
                <Coords points="1983,2862 3097,2879 3123,2795 2990,2831 1983,2813"/>
                <Baseline points="1992,2852 2048,2852 2104,2852 2160,2852 2216,2852 2272,2853 2328,2853 2384,2854 2440,2855 2496,2855 2552,2856 2608,2857 2664,2858 2720,2859 2776,2860 2832,2861 2888,2861 2944,2862 3000,2863 3056,2864 3113,2864"/>
                <TextEquiv>
                    <Unicode>einem Professor, den Herr Homma darstellt, ja volle</Unicode>
                </TextEquiv>
            </TextLine>
            <TextLine id="r1l133" custom="readingOrder {index:132;}">
                <Coords points="1987,2907 2909,2924 3087,2911 3106,2880 2985,2852 2890,2882 1988,2869"/>
                <Baseline points="1996,2899 2051,2899 2106,2899 2161,2899 2216,2899 2271,2900 2326,2900 2381,2901 2436,2901 2491,2902 2546,2902 2601,2903 2656,2904 2711,2904 2766,2905 2821,2905 2876,2906 2931,2906 2986,2906 3041,2906 3096,2906"/>
                <TextEquiv>
                    <Unicode>fogar der charakterlose Tiroler Student des aus¬ das</Unicode>
                </TextEquiv>
            </TextLine>
            <TextLine id="r1l134" custom="readingOrder {index:133;}">
                <Coords points="723,2892 865,2882 896,2918 1093,2935 1218,2895 1333,2961 1412,2937 1656,2960 1661,2899 1566,2869 1407,2855 1324,2901 1259,2857 1081,2827 1041,2853 887,2819 803,2854 728,2836"/>
                <Baseline points="733,2887 778,2884 824,2883 870,2883 915,2883 961,2885 1007,2889 1052,2892 1098,2896 1144,2901 1190,2906 1235,2911 1281,2917 1327,2922 1372,2927 1418,2932 1464,2937 1509,2942 1555,2945 1601,2948 1647,2950"/>
                <TextEquiv>
                    <Unicode>E·Te  1IL 5</Unicode>
                </TextEquiv>
            </TextLine>
            <TextLine id="r1l135" custom="readingOrder {index:134;}">
                <Coords points="1995,2953 3110,2955 3110,2908 3071,2904 1996,2912"/>
                <Baseline points="2004,2947 2058,2947 2113,2946 2168,2946 2223,2946 2278,2947 2332,2947 2387,2947 2442,2947 2497,2948 2552,2948 2606,2949 2661,2949 2716,2950 2771,2950 2826,2951 2880,2952 2935,2953 2990,2953 3045,2954 3100,2955"/>
                <TextEquiv>
                    <Unicode>gezeichneten Herrn Teubler eigentlich mehr Dies</Unicode>
                </TextEquiv>
            </TextLine>
            <TextLine id="r1l136" custom="readingOrder {index:135;}">
                <Coords points="1987,2995 2985,2992 3110,3022 3122,2952 1987,2956"/>
                <Baseline points="1996,2994 2051,2993 2107,2993 2163,2992 2219,2993 2275,2993 2330,2993 2386,2994 2442,2994 2498,2995 2554,2996 2609,2996 2665,2997 2721,2998 2777,2999 2833,2999 2888,3000 2944,3001 3000,3001 3056,3001 3112,3001"/>
                <TextEquiv>
                    <Unicode>Zuneigung erwecken müßten, als der Titelheld Glät</Unicode>
                </TextEquiv>
            </TextLine>
            <TextLine id="r1l137" custom="readingOrder {index:136;}">
                <Coords points="1987,3052 3097,3054 3097,3016 2984,2991 1988,2996"/>
                <Baseline points="1996,3035 2050,3036 2105,3037 2159,3038 2214,3039 2269,3040 2323,3041 2378,3041 2432,3042 2487,3042 2542,3043 2596,3043 2651,3044 2705,3044 2760,3045 2815,3045 2869,3046 2924,3047 2978,3047 3033,3048 3088,3049"/>
                <TextEquiv>
                    <Unicode>des Stückes? Das Publikum des Deutschen sind</Unicode>
                </TextEquiv>
            </TextLine>
            <TextLine id="r1l138" custom="readingOrder {index:137;}">
                <Coords points="1990,3101 2826,3089 2870,3116 3095,3092 3096,3055 1990,3049"/>
                <Baseline points="1998,3083 2052,3083 2106,3083 2161,3083 2215,3084 2270,3085 2324,3085 2378,3086 2433,3087 2487,3088 2542,3089 2596,3090 2650,3091 2705,3092 2759,3092 2814,3093 2868,3093 2922,3094 2977,3094 3031,3094 3086,3094"/>
                <TextEquiv>
                    <Unicode>Volkstheaters ist allerdings in solchene Fällen Nats</Unicode>
                </TextEquiv>
            </TextLine>
            <TextLine id="r1l139" custom="readingOrder {index:138;}">
                <Coords points="1984,3128 2798,3160 3097,3131 3053,3095 1985,3101"/>
                <Baseline points="1994,3129 2048,3129 2103,3129 2158,3129 2212,3130 2267,3131 2322,3132 2376,3133 2431,3134 2486,3135 2541,3136 2595,3137 2650,3138 2705,3139 2759,3140 2814,3140 2869,3140 2923,3140 2978,3140 3033,3139 3088,3138"/>
                <TextEquiv>
                    <Unicode>derartigen Ueberlegungen kaum zugänglich, und bis#</Unicode>
                </TextEquiv>
            </TextLine>
            <TextLine id="r1l140" custom="readingOrder {index:139;}">
                <Coords points="1994,3178 3101,3215 3102,3145 1994,3133"/>
                <Baseline points="2002,3173 2056,3174 2111,3175 2165,3176 2220,3176 2274,3177 2329,3178 2383,3178 2438,3179 2492,3180 2547,3180 2601,3181 2656,3182 2710,3182 2765,3183 2819,3184 2874,3184 2928,3185 2983,3186 3037,3186 3092,3187"/>
                <TextEquiv>
                    <Unicode>der starke Beifall, den der Dichter als ehrlichen Mit</Unicode>
                </TextEquiv>
            </TextLine>
            <TextLine id="r1l141" custom="readingOrder {index:140;}">
                <Coords points="1997,3240 3065,3247 3094,3204 1997,3185"/>
                <Baseline points="2006,3223 2059,3223 2113,3224 2167,3225 2221,3225 2275,3225 2329,3226 2383,3226 2437,3226 2491,3226 2545,3227 2598,3227 2652,3227 2706,3228 2760,3228 2814,3229 2868,3229 2922,3230 2976,3231 3030,3232 3084,3233"/>
                <TextEquiv>
                    <Unicode>Zoll verdient hätte, klang stark nach Demon= heit</Unicode>
                </TextEquiv>
            </TextLine>
            <TextLine id="r1l142" custom="readingOrder {index:141;}">
                <Coords points="1995,3279 3101,3285 3099,3241 2973,3226 1995,3238"/>
                <Baseline points="2004,3269 2058,3269 2112,3270 2167,3270 2221,3270 2275,3271 2330,3271 2384,3271 2438,3272 2493,3272 2547,3273 2601,3273 2656,3274 2710,3274 2764,3275 2819,3275 2873,3276 2927,3276 2982,3277 3036,3277 3091,3278"/>
                <TextEquiv>
                    <Unicode>stration. Herr Klitsch und Herr Edthofer eine</Unicode>
                </TextEquiv>
            </TextLine>
            <TextLine id="r1l143" custom="readingOrder {index:142;}">
                <Coords points="1995,3323 3099,3328 3099,3284 1995,3278"/>
                <Baseline points="2004,3312 2058,3314 2112,3315 2166,3316 2221,3317 2275,3318 2329,3319 2384,3319 2438,3319 2492,3320 2547,3320 2601,3320 2655,3320 2709,3320 2764,3321 2818,3321 2872,3322 2927,3322 2981,3323 3035,3324 3090,3325"/>
                <TextEquiv>
                    <Unicode>zeichneten ganz entzückend einen österreichischen zuste</Unicode>
                </TextEquiv>
            </TextLine>
            <TextLine id="r1l144" custom="readingOrder {index:143;}">
                <Coords points="1981,3360 2829,3393 2988,3364 3104,3396 3105,3324 2866,3353 1981,3328"/>
                <Baseline points="1990,3360 2045,3360 2100,3361 2155,3362 2211,3363 2266,3364 2321,3365 2377,3365 2432,3366 2487,3367 2543,3368 2598,3368 2653,3369 2708,3370 2764,3371 2819,3371 2874,3372 2930,3372 2985,3372 3040,3373 3096,3373"/>
                <TextEquiv>
                    <Unicode>Minister und einen Wiener Hofrat aus einer Ang</Unicode>
                </TextEquiv>
            </TextLine>
            <TextLine id="r1l145" custom="readingOrder {index:144;}">
                <Coords points="1991,3420 3023,3435 3090,3420 3091,3375 1992,3388"/>
                <Baseline points="2000,3406 2054,3406 2108,3406 2162,3407 2216,3407 2270,3408 2324,3410 2378,3411 2432,3412 2486,3413 2540,3415 2594,3416 2648,3417 2702,3418 2756,3419 2810,3419 2864,3420 2918,3420 2972,3419 3026,3419 3080,3418"/>
                <TextEquiv>
                    <Unicode>Zeit, der man alles Böse nachsagen kann, in der gilt</Unicode>
                </TextEquiv>
            </TextLine>
            <TextLine id="r1l146" custom="readingOrder {index:145;}">
                <Coords points="1994,3468 3072,3488 3098,3433 1994,3423"/>
                <Baseline points="2002,3450 2056,3452 2110,3453 2165,3455 2219,3456 2273,3457 2328,3458 2382,3459 2436,3459 2491,3460 2545,3460 2599,3460 2654,3461 2708,3461 2762,3461 2817,3461 2871,3462 2925,3462 2980,3463 3034,3463 3089,3464"/>
                <TextEquiv>
                    <Unicode>aber politische und kulturelle Demonstrationen in dau</Unicode>
                </TextEquiv>
            </TextLine>
            <TextLine id="r1l147" custom="readingOrder {index:146;}">
                <Coords points="1987,3514 2163,3505 2228,3522 2264,3508 2287,3524 2363,3503 2535,3518 2535,3482 2456,3465 2316,3472 2289,3454 1987,3469"/>
                <Baseline points="1996,3501 2022,3501 2049,3501 2075,3501 2102,3501 2128,3502 2155,3502 2181,3503 2208,3504 2234,3504 2261,3505 2287,3505 2314,3506 2340,3506 2367,3506 2393,3507 2420,3506 2446,3506 2473,3505 2499,3504 2526,3503"/>
                <TextEquiv>
                    <Unicode>Theatern seltener waren.</Unicode>
                </TextEquiv>
            </TextLine>
            <TextLine id="r1l148" custom="readingOrder {index:147;}">
                <Coords points="2835,3511 2851,3506 2894,3520 2964,3512 3019,3537 3043,3531 3055,3538 3084,3521 3102,3523 3104,3460 3057,3479 3007,3470 2952,3492 2866,3470 2836,3475"/>
                <Baseline points="2844,3505 2869,3507 2894,3509 2919,3511 2944,3511 2969,3512 2994,3513 3019,3513 3044,3513 3069,3513 3094,3511"/>
                <TextEquiv>
                    <Unicode>—tt—. schof</Unicode>
                </TextEquiv>
            </TextLine>
            <TextEquiv>
                <Unicode>box 31/2
25. Professor Bernhandi
. + .
„— —
Daß
1 Uhr vormittags und nachmittags von 5 bis 7 Uhr.
egönnt.
in der Entschuldungsbeihilfenfrage nachgegeben hätten und daß
1
B

wanderung die gemischteste Bevölkerung Europas gehabt. Ein
politischen Lüge abrechnet, das reine Menschentum, zu dem sich das
französischer Gelehrter hat sogar behauptet, daß es in Frankreich
Stück über alle Tendenz hinweg erhebt, übten einen ungewöhnlich
mehr Germanen als in Deutschland gibt. Und wie viele Angelsachsen
starken Eindruck. Schnitzler wurde stürmisch gerufen und bejubelt.
oten.)
wird es erst zählen, nachdem die englischen Millionenheere unein¬
O
„Phantasien über die Aufführungen des Jahres
geschränkte Herren von Dunkerque bis Le Havre, von Calais bis
1917/1913“ ist der Titel des ersten Privatdruckes für die Mit¬
Amiens und Tours gewesen sind? Wenn der französische Soldat jetzt
id trägt
gljeden der Gesellschaft „Das junge Deutschland“, der zu
aus dem Schützengraben zurückkehrt, noch grau von Lehm und
2
tenschen,
landt werden soll. Das Heft enthält neue Original¬
Schmutz, trifft er seine Frau, die ihm versichert, daß sie getan habe,
um ihn
was in ihrer Macht stand, um die Allianz zu befestigen... und in der
ewaltige
C
Wiege liegt ein kleiner, rotbäckiger Gentleman, der ihn freundlich
deer, die
herablassend begrüßt.
vermane,
Und wie England Nordfrankreich und die Küste am Kanal gepachtet
Rhein.
hatte, so bekam Amerika die Häfen am Atlantischen Ozean von Bor¬
igt, und
deaux bis Brest und einen breiten Gürtel von Mittelfrankreich, von
ian hört
der Küste bis zur Front in Lothringen. Das Ansprechende bei Ame¬
4 längs
rikas Organisation von Mittelfrankreich war die Schnelligkeit, mit
er große
der die Arbeit von der Hand ging — die ganze Welt schien in einem
dem
neuen Takt zu arbeiten. Solche Arbeitsgeschwindigkeit aber erfordert
välzt.
Bühr
eine riesige Arbeitskraft, und die Amerikaner verwen¬
t herein¬
besser
den alle möglichen Völker dabei.
Große amerikanische

das be¬
Neger,
Unmenge kleiner Chinesen,
hauptsächlich
Ist die
Tonkin=Chinesen.
Tausende dieser Arbeiter bleiben im
von 2
er nicht
Lande auch nach dem Krieg, stiften Familien, und die Rassen mischen
Theitet.
engat
Rechts¬
sich. Bei Marseille liegt das indische Heer. Im Languedoc arbeiten
—
n können
30000 Spanier; 60000 Griechen waren in den Munitionswerkstätten
„Eir
die fran¬
beschäftigt und suchen jetzt andere Arbeit. Von Südfrankreich, wo die
Deutsches Volkstheater. Es ist bei Artur zweit
arbeitende Bevölkerung bereits vor dem Krieg italienisch war, wanderte
Schnitzler nichts seltenes, daß er die Menschen, liner
it Zinsen
dieses fleißige, muntere und fruchtbare Volk nordwärts und nahm dort
deren Partei er nach außen hin gar nicht er= Albe¬
noch eine
die ledigen Plätze in Besitz. Auch dort wird abzurechnen sein, wenn
greifen will, wesentlich sympathischer bildet als Wert
den Ge¬
die Soldaten heimkehren.
die andern, auf deren Seite er steht. Besonders Teil
eer über
Wir leben mitten in einer Zeit der Völkerwanderung, die die ganze
merkt man das wieder, wenn man diesen „Pro¬
zlich zer¬
geno#
Welt umspannt, mächtiger als die Erde sie je gesehen hat. Sie ist wie
Menschen
fessor Bernhardi“ — wie Samstag im Deutschen ausge
ein Strom, der sich vorwärts, unaufhaltsam vorwärts wälzt ...
Freund¬
Volkstheater — zim erstenmal auf der Bühne theat
Wohin?
Früchte
sieht. Die Darstellung unterstrich diese seltsame
(Berechtigte Verdeutschung von Julia Koppel.]
Diese
Reigung des Dichters — man weiß nicht, ob ab¬
ehr Ent¬
□ Schnitzlers „Professor Bernhardi“ in Wien. Felix
sichtlich oder unabsichtlich,
allerdings sehr
eher als
Salten telegraphiert uns aus Wien Arthur Schnitzlers Ko¬
stark. Wenn im vierten Akt die Gäste Bern¬
Resultat
mödie „Professer Bernhardi“ die jahrelang in Wien ver¬
hardis vom Essen aufstehen, so denkt man unwill¬

erigkeiten
boten war, erschien zum erstenmal auf dem Podium des Deut¬
kürlich daran, daß im Hause dieses von Herrn
schen Volkstheaters. Hier in Wien, wo die Zustände, die
Bernau dargestellten Professors sicherlich
den aus= Schnitzler zeichnet, in üppiger Blüte stehen, wirkte das Stück einfach
9
fürchterlich fett gekocht wird. Was Wunder, daß
1 Völker= zündend. Die hohe Ueberiegenheit, in der da ein Dichter mit der
bei objektiven Zuschauern der schlanke, durch¬
geistigte Priester des Herrn Onno, der Filon von
einem Professor, den Herr Homma darstellt, ja volle
fogar der charakterlose Tiroler Student des aus¬ das
E·Te  1IL 5
gezeichneten Herrn Teubler eigentlich mehr Dies
Zuneigung erwecken müßten, als der Titelheld Glät
des Stückes? Das Publikum des Deutschen sind
Volkstheaters ist allerdings in solchene Fällen Nats
derartigen Ueberlegungen kaum zugänglich, und bis#
der starke Beifall, den der Dichter als ehrlichen Mit
Zoll verdient hätte, klang stark nach Demon= heit
stration. Herr Klitsch und Herr Edthofer eine
zeichneten ganz entzückend einen österreichischen zuste
Minister und einen Wiener Hofrat aus einer Ang
Zeit, der man alles Böse nachsagen kann, in der gilt
aber politische und kulturelle Demonstrationen in dau
Theatern seltener waren.
—tt—. schof</Unicode>
            </TextEquiv>
        </TextRegion>
    </Page>
</PcGts>
