3344 4352
930 169 1025 239 Be
1583 175 2035 268 box 31/5
222 174 1440 279 25. Prefesnhandr
1564 1324 1640 1366 1
1292 1285 2270 1426 ee eeeeneene
1590 1469 2041 1574 HxTRACT FROM
1543 1537 2109 1638 SUNDAY PICTORIAL,
2240 1639 2299 1692 1.
1372 1593 2263 1729 Geraldne House, Rols Buläings, Patter Lans,
1628 1675 1998 1784 2 1.300l 1936
1209 1804 1620 1872 Serious Schnitzler
1254 1833 2068 1897 If you know Schnitzler only through“ Ana¬
1227 1877 2075 1942 tol,“ you may be surprised by the gravity of
1218 1920 2084 1981 Professor Bernhardi“ at the Embassy. It is
1218 1962 2077 2017 not, however, surprising that Schnitzler, a
1218 1992 2078 2059 doctor and a Jew, should have written a play
1231 2028 2081 2098 about a Jewish doctor who is persecuted be¬
1229 2063 2090 2120 cause, anxious to give a patient who believes
1228 2102 2081 2157 herself cured one last hour of happiness, he
1237 2140 2093 2201 refuses a Roman Catholic priest permission to#
1238 2173 2092 2239 administer the last sacrament. This play was
1236 2225 1601 2281 banned in Austria.
1230 2254 1679 2343 Food for Reperte
1263 2307 2084 2366 Schnitzler argues all Sides of the case well
1241 2357 2087 2423 and justly. After the first five minutes there
2102 2348 2277 2447 24
1249 2395 2082 2451 is not a moment in this play that does not
1243 2426 2092 2491 keep you intensely engrossed. It is the work
1253 2466 2096 2529 of a conscientious artist and a conscientious
1254 2498 2101 2560 thinker. Though Bernhardi is prosecuted and
1242 2537 2106 2600 imprisoned, it is still an open question at the
1229 2591 1577 2663 Brier.
1246 2592 2103 2692 end whether his action was justified. Serious
1247 2629 2106 2714 repertory companies, please perform. If they
1247 2672 2118 2762 perform it as well as the company, headed by
1251 2702 2120 2797 Abraham Sofaer, at the Embassy, audiences
1264 2762 1805 2847 should make no complaints.
1267 2828 1405 2906 a#
1891 2934 2043 3003 hn
1294 3000 1986 3052 * Professor Bernhardi“ at the Embassy—
1259 3043 2013 3084 Abraham Sofaer and Bernard Merefleld.
