3392 4256
1710 67 2165 175 box 31/3
351 76 1570 195 25. ProfessoBernhand
1025 558 1423 658 Theater.
686 607 818 707 .
813 637 1712 741 „Professor Bernhardi“ ist eines der
711 701 1715 793 langweiligsten Tendenzstücke Schnitzlers. Vier
717 747 1712 841 geschlagene Stunden wird herumgestritten, ob
715 807 1713 895 der Arzt einem=Priester verwehren darf, zu einer
710 865 1719 935 Sterbenden zu gehen, bloß damit die Euphorie,
778 913 1711 987 der letzte Wahn der Sterbenden, gesund zu
725 964 1715 1023 werden — nicht gestört wird. Daß darüber der
720 1003 1717 1075 Jude Schnitzler einen jüdischen Arzt
713 1055 1712 1133 entscheiden läßt, beleuchtet das „Verfahren.“
715 1096 1727 1189 Nebenbei wimmelt das Stück von gemeinsten
728 1157 1730 1227 Ausfällen auf die Antisemiten und bringt einen
717 1212 1724 1296 Judenkult, der gerade in unseren Tagen ver¬
1525 1319 1638 1387 ——
2407 1644 2613 1739 17OuT199
1001 1748 1208 1840 Nr. 82
2128 1765 2744 1836 „Wiener=Neustädter Zeitung“
970 1897 2948 1973 hängnisvoll werden könnte, es auch geworden] Eingehen auf Charakter und Absicht des Autors
971 1970 1953 2029 wäre, wenn nicht im letzten Augenblick die ge¬
1963 1961 2952 2033 gerecht wurde. Wir möchten ihn nur bald in
1972 2006 2947 2072 einer größeren, würdigeren Rolle sehen, er
974 2016 1951 2067 reizte Jugend abgehalten worden wäre, das
2721 2056 2905 2126 D.—er.
1964 2051 2382 2127 würde sie meistern.
972 2045 1961 2121 Machwerk auszupfeifen, was es verdient hätte.
969 2102 1951 2170 Sollte aber die Direktion eine Wiederholung
2059 2109 2946 2191 Die Landstreicher brachten wieder ein¬
969 2158 1954 2217 ansetzen, so lehnen die Führer der Antisemiten
1963 2152 2962 2217 mal gute, alte Ziehrermusik und ein
964 2202 1951 2268 heute schon jede Verantwortung ab und sie mag
1963 2209 2955 2278 einwandfreies, gelungenes Libretto, bei dem
969 2251 1951 2310 selber die Verantwortung tragen, wenn sie den
1964 2257 2961 2309 man sich immer wieder prächtig unterhielt. Das
972 2308 1952 2362 Glimmstoff ins Pulverfaß wirft. Ein zweites
1964 2311 2958 2377 Orchester hat sich etwas gehoben und beginnt
962 2356 1954 2415 Mal würde kein Polizeiaufgebot zurückhalten
1960 2357 2947 2428 zu befriedigen. Warbeck und Frl. Sary
962 2395 1954 2454 können, dem Tendenzstück die verdiente Aufnahme
1973 2409 2952 2464 sorgten für Humor, ebenso Pistol und Frl.
961 2452 1950 2513 zu bereiten. Ob dies dann der Kultusgemeinde
1967 2459 2952 2519 Muck. Gold und Angerer steuerten un¬
968 2508 1955 2559 angenehm ist, mag sie mit der Direktion be¬
1965 2503 2942 2567 verwüstliche Komik bei. Auf der Höhe waren
961 2559 1941 2613 reinigen, zumal niemand weiß, welche Weiterungen
1958 2554 2947 2622 auch Killer und Frl. Hillard. Der Chor
955 2599 1949 2645 ein jüdischer Theaterskandal annehmen kann.
1959 2601 2948 2675 bedarf noch größere: Zuchi, dannn dürften die
957 2650 1939 2713 Unsere Aufgabe ist es, hier öffentlich zu warnen,
2722 2656 2945 2727 Dr.—er.
1955 2649 2578 2732 Ansätze zur Geltung kommen.
962 2687 1949 2758 wie wir im Theater gewarnt haben. Einmal
963 2749 1925 2800 hat sich das christliche Volk die Anpöbelung ge¬
2049 2761 2940 2859 Spielplau. „Der fidele Geiger“
968 2800 1953 2859 fallen lassen, — gesehen, wozu Juden fähig
1951 2836 2953 2902 Operette in 3 Akten von Edmund Eysler, geht
963 2851 1943 2910 sind — ein zweites Mal muß sie unterbleiben,
961 2877 1955 2956 wozu übrigens beim Einstudieren durch ge¬
1956 2878 2945 2963 heute, Samstag, für die Abonnenten Unge¬
964 2942 1949 3007 schicktes Streichen manche Gelegenheit gewesen
1956 2937 2957 3010 rader Tag, und morgen, Sonntag, als N####.
1959 2986 2950 3042 mittagsvorstellung zum 3. bzw. 4. Male in Szene.
962 2988 1951 3050 wäre. — Gespielt wurde nicht schlecht. Paul¬
1961 3039 2948 3091 Sonntag abends findet die erste Wiederholung
965 3036 1962 3090 mann in der Titelrolle schuf eine prachtvolle
1959 3078 2955 3158 der Operette „Die Landstreicher“ von
967 3087 1944 3156 Gestalt, nur blieb er uns den Juden schuldig;
1971 3133 2264 3207 Ziehrer statt.
966 3139 1953 3200 wir meinen wenigstens, es mußte sich doch auch
2064 3171 2956 3236 Montag gelangt im Abonnement, Gerader
962 3181 1952 3252 dafür ein Typ finden, wie für die anderen
1961 3226 2957 3287 Tag, Hermann Bahr's entzückende Komödie
957 3226 1959 3308 jüdischen Aerzte im Stücke, die treffend ge¬
1966 3287 2958 3343 „Kinder“ zur ersten Aufführung, in welcher
962 3292 1951 3350 zeichnet waren. Brav hielt sich unser alter
1967 3338 2954 3395 Frl. Mimi Schratt ihre eigentliche Tätigkeit
965 3327 1957 3402 Schönthal; einen ganz unmöglichen Kasperl
1968 3382 2960 3441 aufnimmt. Für Dienstag ist die erste Aufführung
963 3384 1950 3455 stellte Schober als Hofrat Winkler hin.
1955 3430 2956 3499 der unsterblichen englischen Ope eite „Geisha“
961 3419 1957 3504 Felda möge nächstens die Rolle lernen, ehe
1958 3482 2837 3542 von Sidny Jones in Aussicht genommen.
956 3484 1955 3543 er „a. G.“ geht. Besonders angemerkt sei die
951 3525 1960 3598 Leisung Effans, welcher der schweren, oft
966 3584 1967 3643 verzeichneten Stelle des Pfarrers in feinsinnigem
