3296 4352
902 128 1370 214 ExTRACT FROM
782 194 1501 309 TIMES WEEKLV EDITION.
755 268 1504 375 Printing House Square, E.C.4.
640 379 821 453 Date
1049 424 1738 530 EMBASSY THEATRE
1032 577 1766 667 · PROFESSOR BERNHARDI“
941 663 1833 740 BP ARTHUR SCIINITZLER, English Version by¬
1054 722 1731 780 Louis BORELL and RONALD ADAM
982 766 1838 835 Dr. Bernhardi, ihe director of a Viennese
942 822 1822 896 hospital, refuses a priest, who has been sum¬
937 881 1835 942 moned to a dying woman, access to ihe
938 923 1838 982 patient. The refusal is based on Bernhardi’s
942 975 1830 1025 belief, as a doctor, that his patient, who is
933 1018 1835 1090 happy and does not know she is dring. will
929 1063 1858 1151 be shocked and filled with terror by the
2056 2117 2233 2218 S
997 2403 2621 2488 Mr. Roland Adam and Mr. Abraham Sofaer in the play Professor Bernhardi at the
1654 2454 1987 2516 Embassy Theatre.
926 2509 1049 2570 —
915 2562 1795 2635 priest’s arrival. Schnitzler uses this occur¬
917 2629 1809 2687 rence to illustrate the conflict between
920 2671 1806 2724 Austrian clericalism and Jewisn sciemiilie
917 2707 1816 2775 rationalism. for Bernhardi, himself a Jew. is
921 2761 1816 2825 drawn From his post by what is, in effect, a
916 2792 1303 2851 political agitation.
962 2840 1797 2896 To an English audience the strictly politi¬
908 2896 1806 2949 cal issue is ihe least interesting aspect of the
912 2925 1810 2991 plav. lis enduring power is as a discussion.
915 2963 1813 3026 first, of two opposed systems of thoughl. and,
917 3021 1805 3077 secondly. of lwo ditfering sets of moral values.
916 3060 1800 3118 Bernhardl, of whom Mr. Abraham Sofaer
916 3096 1800 3159 draws à portrait magnificently vilal and per¬
912 3137 1794 3192 suasive. Is. Tor all his calm of manner, as
906 3188 1796 3245 fantastical, as much an absolutist, as ihe
913 3234 1801 3275 priest: but his honesty is the honesty of
911 3259 1789 3319 immediate action—he will admit no just sub¬
903 3311 1795 3365 servience of means to an end; he is deter¬
910 3358 1796 3414 mined to do whal he believes to be right at
902 3404 1794 3445 all costs and in each inslance, teslifying 1o
907 3440 1809 3487 his owntruth. though it ruin him, and not him
899 3483 1700 3531 only. butthe cause in which he believes.
956 3517 1806 3583 It is Schnitzler's merit that, though he has
908 3569 1794 3609 a tendener to lond the diee against Catholicism
903 3612 1789 3668 and never permits ihe priest 1o set ouf fully
898 3646 1795 3712 the philosophical basis of his claim, he is pet
906 3688 1798 3736 able. by implication, to criticize his Jewish
909 3728 1795 3791 hero and to perceive that there is, or may be.
902 3778 1792 3823 an element of stubbornness and arrogance in
908 3810 1787 3871 his heroism. In brief, though the argument
908 3856 1796 3927 Fantt-cierical. ihe irony is not undistributed.
898 3903 1796 3960 and ihe linal act. dominated by an admirable
906 3941 1790 4005 skeich of an ollicial by Mr. Alan Wheatley.
958 3989 1800 4031 A comment, at once entertaining and far¬
896 4020 1764 4093 reiching. on evergthing that has preceded it.
