<?xml version="1.0" encoding="UTF-8" standalone="yes"?>
<PcGts xmlns="http://schema.primaresearch.org/PAGE/gts/pagecontent/2013-07-15" xmlns:xsi="http://www.w3.org/2001/XMLSchema-instance" xsi:schemaLocation="http://schema.primaresearch.org/PAGE/gts/pagecontent/2013-07-15 http://schema.primaresearch.org/PAGE/gts/pagecontent/2013-07-15/pagecontent.xsd">
    <Metadata>
        <Creator>prov=University of Rostock/Institute of Mathematics/CITlab/Gundram Leifert/gundram.leifert@uni-rostock.de:name=ONB_Newseye_GT_M1+(htr_id=10810)::::v=2.4.2
prov=University of Rostock/Institute of Mathematics/CITlab/Tobias Gruening/tobias.gruening@uni-rostock.de:name=de.uros.citlab.module.baseline2polygon.B2PSeamMultiOriented:v=2.4.2
prov=University of Rostock/Institute of Mathematics/CITlab/Tobias Gruening/tobias.gruening@uni-rostock.de:name=/mnt/transkribus/LA/DEA/URO/LA_news_onb_att.pb:de.uros.citlab.segmentation.CITlab_LA_ML:v=2.4.2
Transkribus</Creator>
        <Created>2019-10-07T11:13:19.473+02:00</Created>
        <LastChange>2019-10-08T00:59:27.678+02:00</LastChange>
        <TranskribusMetadata docId="223963" pageId="9496100" pageNr="323" tsid="16493060" status="IN_PROGRESS" userId="40391" imgUrl="https://files.transkribus.eu/Get?id=SEVMNNSAQRMZABDOSGKLQDLJ&amp;fileType=view" xmlUrl="https://files.transkribus.eu/Get?id=OMZGGEFKQIGCFFPVQADHRGNR" imageId="6186327"/>
    </Metadata>
    <Page imageFilename="223963_0323.jpeg" imageWidth="3392" imageHeight="4352">
        <ReadingOrder>
            <OrderedGroup id="ro_1711442519745" caption="Regions reading order">
                <RegionRefIndexed index="0" regionRef="r1"/>
                <RegionRefIndexed index="1" regionRef="r2"/>
            </OrderedGroup>
        </ReadingOrder>
        <TextRegion orientation="0.0" id="r1" custom="readingOrder {index:0;}">
            <Coords points="413,84 413,4043 1770,4043 1770,84"/>
            <TextLine id="r1l1" custom="readingOrder {index:0;}">
                <Coords points="479,114 1707,131 1729,86 480,77"/>
                <Baseline points="489,104 550,105 612,106 673,106 735,107 796,108 858,108 919,109 981,109 1042,110 1104,111 1165,112 1227,112 1288,113 1350,114 1411,115 1473,116 1534,118 1596,119 1657,121 1719,122"/>
                <TextEquiv>
                    <Unicode>reichischen Staaten. Die Christlichsozialen mit Lueger an de¬</Unicode>
                </TextEquiv>
            </TextLine>
            <TextLine id="r1l2" custom="readingOrder {index:1;}">
                <Coords points="472,150 1674,179 1761,126 472,123"/>
                <Baseline points="481,151 544,151 608,151 671,151 735,151 798,152 862,152 925,153 989,154 1052,155 1116,156 1180,157 1243,158 1307,159 1370,160 1434,161 1497,161 1561,162 1624,163 1688,164 1752,164"/>
                <TextEquiv>
                    <Unicode>Spitze und die Alldeutschen unter Schönerers Führung bekämpften</Unicode>
                </TextEquiv>
            </TextLine>
            <TextLine id="r1l3" custom="readingOrder {index:2;}">
                <Coords points="459,182 1747,223 1748,168 459,162"/>
                <Baseline points="467,191 530,192 594,193 657,193 721,194 785,194 848,195 912,195 975,196 1039,197 1103,197 1166,198 1230,199 1293,199 1357,200 1421,201 1484,202 1548,203 1611,204 1675,206 1739,207"/>
                <TextEquiv>
                    <Unicode>beide den immer größer werdenden Einfluß des Jndentums in</Unicode>
                </TextEquiv>
            </TextLine>
            <TextLine id="r1l4" custom="readingOrder {index:3;}">
                <Coords points="471,230 1763,272 1764,200 471,194"/>
                <Baseline points="479,236 542,236 606,236 670,236 734,236 797,237 861,237 925,238 989,239 1052,240 1116,241 1180,241 1244,242 1307,243 1371,244 1435,245 1499,246 1562,247 1626,247 1690,248 1754,248"/>
                <TextEquiv>
                    <Unicode>Wien. Es kamen damals auch jene ja heute noch geltenden und</Unicode>
                </TextEquiv>
            </TextLine>
            <TextLine id="r1l5" custom="readingOrder {index:4;}">
                <Coords points="454,268 1751,312 1763,241 454,245"/>
                <Baseline points="463,277 527,277 592,277 656,277 721,277 785,277 850,278 914,278 979,279 1043,280 1108,281 1173,282 1237,283 1302,284 1366,285 1431,286 1495,287 1560,288 1624,289 1689,291 1754,292"/>
                <TextEquiv>
                    <Unicode>viel umstrittenen Waidenhofener Beschlüsse zustande, worin die</Unicode>
                </TextEquiv>
            </TextLine>
            <TextLine id="r1l6" custom="readingOrder {index:5;}">
                <Coords points="464,326 1766,325 1766,275 1652,306 465,286"/>
                <Baseline points="473,320 537,320 601,320 665,320 729,321 793,322 857,322 922,323 986,324 1050,325 1114,326 1178,327 1242,329 1306,329 1371,330 1435,331 1499,331 1563,332 1627,332 1691,332 1756,331"/>
                <TextEquiv>
                    <Unicode>nationale Studentenschaft jeden Jnden von vornherein für</Unicode>
                </TextEquiv>
            </TextLine>
            <TextLine id="r1l7" custom="readingOrder {index:6;}">
                <Coords points="468,369 1778,387 1767,326 469,329"/>
                <Baseline points="478,362 542,362 607,363 671,363 736,364 801,365 865,365 930,366 994,367 1059,368 1124,370 1188,370 1253,372 1317,373 1382,374 1446,375 1511,376 1576,376 1640,377 1705,378 1770,379"/>
                <TextEquiv>
                    <Unicode>satisfaktionsunfähig erklärte. In diese Epoche also fällt</Unicode>
                </TextEquiv>
            </TextLine>
            <TextLine id="r1l8" custom="readingOrder {index:7;}">
                <Coords points="470,405 509,419 576,407 596,418 801,409 832,421 925,411 925,375 887,366 788,378 743,365 470,371"/>
                <Baseline points="478,402 503,403 529,403 555,404 581,405 606,405 632,405 658,405 684,404 709,404 735,404 761,404 787,403 812,403 838,403 864,404 890,404 916,405"/>
                <TextEquiv>
                    <Unicode>Schnitzlers Schauspiel.</Unicode>
                </TextEquiv>
            </TextLine>
            <TextLine id="r1l9" custom="readingOrder {index:8;}">
                <Coords points="537,448 1711,474 1756,465 1757,408 538,416"/>
                <Baseline points="547,444 607,445 667,446 727,447 787,447 847,448 907,449 967,450 1027,451 1087,451 1147,452 1207,453 1267,454 1327,455 1387,456 1447,457 1507,457 1567,458 1627,459 1687,460 1747,460"/>
                <TextEquiv>
                    <Unicode>Seine Handlung ist kurz erzählt. Der jüdische Professor für</Unicode>
                </TextEquiv>
            </TextLine>
            <TextLine id="r1l10" custom="readingOrder {index:9;}">
                <Coords points="464,501 1518,518 1727,510 1757,467 464,459"/>
                <Baseline points="473,487 536,487 600,488 664,489 727,490 791,491 855,492 918,494 982,495 1046,496 1110,497 1173,498 1237,500 1301,501 1364,502 1428,503 1492,503 1555,504 1619,504 1683,504 1747,504"/>
                <TextEquiv>
                    <Unicode>interne Medizin Dr. Bernhardi wirkt als Direktor in einer Wiener</Unicode>
                </TextEquiv>
            </TextLine>
            <TextLine id="r1l11" custom="readingOrder {index:10;}">
                <Coords points="458,533 1710,561 1760,495 458,508"/>
                <Baseline points="467,533 531,533 595,534 659,534 723,535 788,536 852,537 916,538 980,539 1044,540 1109,541 1173,542 1237,543 1301,544 1365,545 1430,545 1494,546 1558,546 1622,546 1686,546 1751,546"/>
                <TextEquiv>
                    <Unicode>Heilanstalt, dem unter einem Kuratorium angesehener Persönlich¬</Unicode>
                </TextEquiv>
            </TextLine>
            <TextLine id="r1l12" custom="readingOrder {index:11;}">
                <Coords points="451,561 1644,607 1752,586 1753,552 451,531"/>
                <Baseline points="460,577 524,577 588,577 652,577 716,577 781,578 845,579 909,580 973,581 1037,583 1102,584 1166,585 1230,586 1294,587 1358,587 1423,588 1487,588 1551,588 1615,587 1679,587 1744,585"/>
                <TextEquiv>
                    <Unicode>keiten stehenden Elisabethinum. Nun befindet sich in seiner Behand¬</Unicode>
                </TextEquiv>
            </TextLine>
            <TextLine id="r1l13" custom="readingOrder {index:12;}">
                <Coords points="459,614 1659,646 1724,644 1750,588 459,576"/>
                <Baseline points="467,620 530,620 594,619 657,619 721,619 785,620 848,621 912,622 976,623 1039,624 1103,625 1167,626 1230,627 1294,628 1358,629 1421,630 1485,631 1549,631 1612,631 1676,631 1740,630"/>
                <TextEquiv>
                    <Unicode>lung ein hoffnungslos erkranktes Mädchen, bei dem kurz vor dem</Unicode>
                </TextEquiv>
            </TextLine>
            <TextLine id="r1l14" custom="readingOrder {index:13;}">
                <Coords points="459,660 1757,678 1757,631 459,624"/>
                <Baseline points="467,662 531,661 595,661 659,661 723,661 787,662 851,663 915,664 979,665 1043,666 1107,667 1171,668 1235,669 1299,671 1363,672 1427,673 1491,674 1555,674 1619,675 1683,675 1748,675"/>
                <TextEquiv>
                    <Unicode>Tode Euphorie eingetreten ist, d. h., die sich vollständig wohl und</Unicode>
                </TextEquiv>
            </TextLine>
            <TextLine id="r1l15" custom="readingOrder {index:14;}">
                <Coords points="450,706 1688,730 1757,677 450,681"/>
                <Baseline points="458,703 522,703 587,703 651,703 716,704 780,704 845,705 909,706 974,707 1038,708 1103,709 1167,710 1232,711 1296,712 1361,713 1425,714 1490,715 1554,716 1619,716 1683,717 1748,717"/>
                <TextEquiv>
                    <Unicode>munter fühlt und ans baldige Aufstehen denkt. Da wird durch eine</Unicode>
                </TextEquiv>
            </TextLine>
            <TextLine id="r1l16" custom="readingOrder {index:15;}">
                <Coords points="456,741 1739,784 1754,707 1556,742 456,714"/>
                <Baseline points="465,744 532,744 599,745 666,746 734,746 801,747 868,748 936,749 1003,750 1070,751 1138,752 1205,753 1272,754 1340,755 1407,756 1474,757 1542,758 1609,759 1676,760 1744,760"/>
                <TextEquiv>
                    <Unicode>Krankenschwester des Elisabethinums ein Geistlicher an das</Unicode>
                </TextEquiv>
            </TextLine>
            <TextLine id="r1l17" custom="readingOrder {index:16;}">
                <Coords points="456,783 1748,809 1735,761 457,745"/>
                <Baseline points="465,788 528,788 592,789 656,789 720,789 783,790 847,791 911,792 975,793 1038,794 1102,795 1166,796 1230,797 1293,798 1357,800 1421,801 1485,802 1548,803 1612,804 1676,804 1740,805"/>
                <TextEquiv>
                    <Unicode>Sterbebett des Mädchens gerusen, um ihm die letzte Hlung zu</Unicode>
                </TextEquiv>
            </TextLine>
            <TextLine id="r1l18" custom="readingOrder {index:17;}">
                <Coords points="459,840 1755,858 1755,811 1582,801 459,801"/>
                <Baseline points="467,833 530,833 594,833 658,833 722,833 786,833 850,834 914,835 978,836 1042,836 1106,837 1169,838 1233,839 1297,840 1361,841 1425,842 1489,843 1553,843 1617,844 1681,844 1745,845"/>
                <TextEquiv>
                    <Unicode>erteilen. Professor Bernhardi will aber seine ahnungslose Pati¬</Unicode>
                </TextEquiv>
            </TextLine>
            <TextLine id="r1l19" custom="readingOrder {index:18;}">
                <Coords points="454,871 1746,889 1671,849 454,844"/>
                <Baseline points="463,877 526,877 590,876 654,876 717,876 781,876 845,877 908,877 972,877 1036,878 1100,878 1163,879 1227,880 1291,881 1354,882 1418,883 1482,884 1545,885 1609,887 1673,888 1737,890"/>
                <TextEquiv>
                    <Unicode>entin vor dem Schreck bewahren, den ihr die Spendung der</Unicode>
                </TextEquiv>
            </TextLine>
            <TextLine id="r1l20" custom="readingOrder {index:19;}">
                <Coords points="453,916 1619,947 1722,943 1748,896 454,886"/>
                <Baseline points="462,918 525,918 589,917 653,917 717,918 781,918 844,919 908,919 972,920 1036,921 1100,922 1163,923 1227,924 1291,925 1355,926 1419,927 1482,928 1546,929 1610,930 1674,930 1738,930"/>
                <TextEquiv>
                    <Unicode>Sterbesakramente einflößen würde, und weist dem Pfarrer</Unicode>
                </TextEquiv>
            </TextLine>
            <TextLine id="r1l21" custom="readingOrder {index:20;}">
                <Coords points="454,974 1745,966 1562,924 455,922"/>
                <Baseline points="463,964 526,964 590,963 653,963 717,963 781,963 844,964 908,964 971,965 1035,965 1099,966 1162,967 1226,968 1289,968 1353,969 1417,970 1480,971 1544,971 1607,972 1671,972 1735,973"/>
                <TextEquiv>
                    <Unicode>sehr bestimmt die Tür. Daraus drehen ihm jetzt seine anti¬</Unicode>
                </TextEquiv>
            </TextLine>
            <TextLine id="r1l22" custom="readingOrder {index:21;}">
                <Coords points="446,1013 1753,1022 1753,987 1548,975 446,977"/>
                <Baseline points="454,1015 518,1013 582,1012 647,1011 711,1011 776,1010 840,1010 905,1010 969,1010 1034,1011 1098,1011 1162,1012 1227,1013 1291,1014 1356,1015 1420,1016 1485,1017 1549,1019 1614,1020 1678,1021 1743,1022"/>
                <TextEquiv>
                    <Unicode>semitischen Gegner unter den Kollegen einen Strick. Die Sache</Unicode>
                </TextEquiv>
            </TextLine>
            <TextLine id="r1l23" custom="readingOrder {index:22;}">
                <Coords points="448,1063 1739,1068 1723,1030 1613,1020 448,1025"/>
                <Baseline points="457,1057 520,1056 584,1056 647,1056 711,1056 775,1056 838,1056 902,1056 966,1056 1029,1056 1093,1057 1157,1057 1220,1058 1284,1058 1348,1059 1411,1060 1475,1060 1539,1061 1602,1061 1666,1062 1730,1063"/>
                <TextEquiv>
                    <Unicode>wird kolossal aufgebauscht, die Christlichsozialen bringen im Parla¬</Unicode>
                </TextEquiv>
            </TextLine>
            <TextLine id="r1l24" custom="readingOrder {index:23;}">
                <Coords points="444,1111 1744,1104 1528,1064 444,1057"/>
                <Baseline points="453,1098 517,1098 581,1098 645,1098 709,1099 773,1099 837,1099 901,1099 965,1099 1029,1100 1093,1100 1157,1101 1221,1101 1285,1102 1349,1103 1413,1104 1477,1105 1541,1106 1605,1107 1669,1108 1734,1110"/>
                <TextEquiv>
                    <Unicode>ment eine Interpellation ein, der Unterrichtsminister, ein früherer</Unicode>
                </TextEquiv>
            </TextLine>
            <TextLine id="r1l25" custom="readingOrder {index:24;}">
                <Coords points="447,1132 1681,1163 1748,1146 1749,1092 1423,1129 447,1112"/>
                <Baseline points="455,1142 519,1141 583,1141 647,1140 711,1140 776,1141 840,1141 904,1142 968,1143 1032,1144 1097,1145 1161,1147 1225,1148 1289,1149 1353,1150 1418,1150 1482,1151 1546,1151 1610,1151 1674,1150 1739,1150"/>
                <TextEquiv>
                    <Unicode>Studiengenosse Bernhardis, veranlaßt sogar, daß gegen den Pro¬</Unicode>
                </TextEquiv>
            </TextLine>
            <TextLine id="r1l26" custom="readingOrder {index:25;}">
                <Coords points="451,1193 1741,1216 1742,1163 451,1145"/>
                <Baseline points="459,1184 522,1183 586,1183 649,1182 713,1183 777,1183 840,1183 904,1184 968,1185 1031,1186 1095,1187 1159,1188 1222,1190 1286,1191 1350,1192 1413,1192 1477,1193 1541,1194 1604,1194 1668,1194 1732,1194"/>
                <TextEquiv>
                    <Unicode>fessor ein Verfahren wegen Religionsstörung eingeleitet wird. Der</Unicode>
                </TextEquiv>
            </TextLine>
            <TextLine id="r1l27" custom="readingOrder {index:26;}">
                <Coords points="446,1227 1737,1251 1725,1206 1559,1194 447,1191"/>
                <Baseline points="455,1228 518,1226 582,1226 645,1225 709,1225 773,1225 836,1225 900,1225 964,1226 1027,1226 1091,1227 1155,1228 1218,1229 1282,1229 1346,1230 1409,1231 1473,1232 1537,1232 1600,1233 1664,1233 1728,1234"/>
                <TextEquiv>
                    <Unicode>Prozeß findet statt, die durchaus voreingenommenen Geschworenen</Unicode>
                </TextEquiv>
            </TextLine>
            <TextLine id="r1l28" custom="readingOrder {index:27;}">
                <Coords points="448,1266 1735,1293 1736,1250 1664,1240 449,1239"/>
                <Baseline points="457,1268 520,1267 583,1267 647,1267 710,1267 774,1268 837,1269 901,1270 964,1271 1028,1272 1091,1273 1154,1275 1218,1276 1281,1277 1345,1278 1408,1279 1472,1279 1535,1279 1599,1279 1662,1279 1726,1278"/>
                <TextEquiv>
                    <Unicode>sprechen Bernhardi schuldig und die nicht weniger fanatischen</Unicode>
                </TextEquiv>
            </TextLine>
            <TextLine id="r1l29" custom="readingOrder {index:28;}">
                <Coords points="449,1309 1461,1313 1743,1353 1744,1281 450,1273"/>
                <Baseline points="459,1308 522,1308 586,1308 650,1309 714,1310 777,1311 841,1311 905,1313 969,1314 1032,1315 1096,1317 1160,1318 1224,1319 1287,1320 1351,1321 1415,1321 1479,1321 1542,1322 1606,1321 1670,1321 1734,1319"/>
                <TextEquiv>
                    <Unicode>Richter verurteilen ihn zu zwei Monaten Gefängnis. Der Gelehrte</Unicode>
                </TextEquiv>
            </TextLine>
            <TextLine id="r1l30" custom="readingOrder {index:29;}">
                <Coords points="437,1345 1742,1379 1732,1323 437,1330"/>
                <Baseline points="445,1351 509,1352 573,1353 638,1354 702,1355 766,1356 831,1357 895,1359 959,1360 1024,1361 1088,1362 1152,1362 1217,1363 1281,1364 1345,1365 1410,1365 1474,1365 1538,1366 1603,1366 1667,1365 1732,1365"/>
                <TextEquiv>
                    <Unicode>verzichtet auf jede Revision, sitzt seine Strafe ab und kehrt als</Unicode>
                </TextEquiv>
            </TextLine>
            <TextLine id="r1l31" custom="readingOrder {index:30;}">
                <Coords points="438,1392 1405,1440 1670,1429 1735,1412 1736,1363 438,1347"/>
                <Baseline points="447,1397 511,1396 575,1397 639,1397 703,1397 767,1398 831,1398 895,1399 959,1400 1023,1401 1087,1402 1151,1404 1215,1404 1279,1406 1343,1407 1407,1407 1471,1408 1535,1409 1599,1409 1663,1410 1727,1410"/>
                <TextEquiv>
                    <Unicode>Märtyrer seiner überzeugung und Märtyrer des Judentums aus</Unicode>
                </TextEquiv>
            </TextLine>
            <TextLine id="r1l32" custom="readingOrder {index:31;}">
                <Coords points="450,1442 513,1453 553,1439 663,1443 718,1456 843,1439 843,1412 785,1395 742,1411 699,1398 672,1409 647,1391 609,1407 476,1397 450,1407"/>
                <Baseline points="459,1436 485,1437 512,1437 539,1438 565,1439 592,1439 619,1439 646,1439 672,1439 699,1439 726,1439 752,1439 779,1439 806,1440 833,1440"/>
                <TextEquiv>
                    <Unicode>dem Kerker zurück.</Unicode>
                </TextEquiv>
            </TextLine>
            <TextLine id="r1l33" custom="readingOrder {index:32;}">
                <Coords points="517,1482 1725,1491 1697,1445 1562,1439 517,1451"/>
                <Baseline points="527,1482 586,1482 645,1483 705,1483 764,1484 824,1484 883,1485 943,1486 1002,1486 1062,1487 1121,1488 1180,1488 1240,1489 1299,1489 1359,1490 1418,1491 1478,1492 1537,1492 1597,1493 1656,1493 1716,1494"/>
                <TextEquiv>
                    <Unicode>Ob der von Schnitzler hier sehr gewaltsam konstruterte „Fall“</Unicode>
                </TextEquiv>
            </TextLine>
            <TextLine id="r1l34" custom="readingOrder {index:33;}">
                <Coords points="436,1514 1737,1527 436,1485"/>
                <Baseline points="445,1522 509,1524 573,1525 637,1527 701,1528 765,1530 829,1531 893,1532 957,1533 1021,1534 1086,1534 1150,1535 1214,1536 1278,1536 1342,1537 1406,1537 1470,1537 1534,1537 1598,1538 1662,1538 1727,1538"/>
                <TextEquiv>
                    <Unicode>überhaupt möglich wäre, ist belanglos. Jedenfalls kam es dem</Unicode>
                </TextEquiv>
            </TextLine>
            <TextLine id="r1l35" custom="readingOrder {index:34;}">
                <Coords points="438,1579 1683,1598 1733,1550 439,1521"/>
                <Baseline points="447,1570 510,1570 574,1571 638,1572 702,1573 766,1573 830,1574 893,1575 957,1577 1021,1577 1085,1578 1149,1580 1213,1580 1277,1581 1340,1582 1404,1583 1468,1583 1532,1583 1596,1583 1660,1583 1724,1583"/>
                <TextEquiv>
                    <Unicode>Verfassei darauf an zu zeigen, daß der vornehme Jude im Kampf</Unicode>
                </TextEquiv>
            </TextLine>
            <TextLine id="r1l36" custom="readingOrder {index:35;}">
                <Coords points="444,1610 1704,1637 1741,1566 1683,1598 445,1574"/>
                <Baseline points="453,1618 520,1617 587,1615 654,1615 722,1615 789,1615 856,1616 924,1617 991,1618 1058,1619 1126,1621 1193,1622 1260,1624 1328,1625 1395,1625 1462,1626 1530,1626 1597,1625 1664,1624 1732,1623"/>
                <TextEquiv>
                    <Unicode>gegen christliche (oder arische) Heuchelei und Gemeinheit unterliegen</Unicode>
                </TextEquiv>
            </TextLine>
            <TextLine id="r1l37" custom="readingOrder {index:36;}">
                <Coords points="442,1646 1709,1683 1742,1628 442,1626"/>
                <Baseline points="450,1659 514,1657 578,1656 642,1656 706,1656 770,1656 834,1657 898,1658 962,1659 1026,1661 1091,1662 1155,1664 1219,1665 1283,1666 1347,1668 1411,1669 1475,1669 1539,1670 1603,1670 1667,1669 1732,1668"/>
                <TextEquiv>
                    <Unicode>muß. Es verschlägt dabei wenig, daß es auch unter den Christen</Unicode>
                </TextEquiv>
            </TextLine>
            <TextLine id="r1l38" custom="readingOrder {index:37;}">
                <Coords points="440,1690 1732,1730 1733,1681 1546,1667 441,1663"/>
                <Baseline points="449,1698 512,1698 576,1698 640,1699 703,1699 767,1700 831,1701 894,1702 958,1703 1022,1704 1086,1705 1149,1706 1213,1708 1277,1709 1340,1710 1404,1711 1468,1712 1531,1713 1595,1714 1659,1714 1723,1714"/>
                <TextEquiv>
                    <Unicode>des Stücks anständige Menschen gibt, wie den Pfarrer Reder und</Unicode>
                </TextEquiv>
            </TextLine>
            <TextLine id="r1l39" custom="readingOrder {index:38;}">
                <Coords points="444,1738 1709,1769 1738,1694 1642,1727 445,1706"/>
                <Baseline points="453,1743 516,1742 580,1741 644,1740 708,1740 771,1741 835,1742 899,1743 963,1744 1026,1746 1090,1748 1154,1750 1218,1751 1281,1753 1345,1754 1409,1755 1473,1755 1536,1755 1600,1755 1664,1754 1728,1752"/>
                <TextEquiv>
                    <Unicode>den „altliberalen“ Professor Pflugfelder, der sozusagen die Rolle des</Unicode>
                </TextEquiv>
            </TextLine>
            <TextLine id="r1l40" custom="readingOrder {index:39;}">
                <Coords points="447,1787 1626,1814 1729,1767 447,1742"/>
                <Baseline points="455,1785 518,1785 581,1785 644,1785 708,1785 771,1786 834,1787 897,1788 961,1789 1024,1791 1087,1792 1150,1794 1214,1795 1277,1796 1340,1797 1403,1798 1467,1798 1530,1798 1593,1798 1656,1798 1720,1797"/>
                <TextEquiv>
                    <Unicode>Raisonneurs übernommen hat; auch daß unter den vorgeführten</Unicode>
                </TextEquiv>
            </TextLine>
            <TextLine id="r1l41" custom="readingOrder {index:40;}">
                <Coords points="442,1828 1736,1865 1737,1803 443,1789"/>
                <Baseline points="451,1830 514,1830 578,1831 642,1831 706,1832 770,1833 834,1833 897,1834 961,1835 1025,1836 1089,1837 1153,1838 1217,1839 1281,1839 1344,1840 1408,1841 1472,1841 1536,1842 1600,1842 1664,1842 1728,1842"/>
                <TextEquiv>
                    <Unicode>Juden sich einige zweifelhafte Charaktere befinden, ändert nichts</Unicode>
                </TextEquiv>
            </TextLine>
            <TextLine id="r1l42" custom="readingOrder {index:41;}">
                <Coords points="442,1867 1737,1875 443,1840"/>
                <Baseline points="451,1870 514,1871 578,1871 642,1872 706,1873 770,1873 834,1874 897,1875 961,1876 1025,1877 1089,1878 1153,1879 1217,1880 1281,1880 1344,1881 1408,1882 1472,1883 1536,1884 1600,1884 1664,1885 1728,1885"/>
                <TextEquiv>
                    <Unicode>an Schnitzlers Tendenz: die moralische überlegenheit des</Unicode>
                </TextEquiv>
            </TextLine>
            <TextLine id="r1l43" custom="readingOrder {index:42;}">
                <Coords points="439,1909 1751,1950 1717,1883 439,1878"/>
                <Baseline points="447,1915 511,1914 576,1915 641,1915 706,1915 770,1916 835,1917 900,1918 965,1919 1029,1920 1094,1921 1159,1922 1224,1923 1288,1924 1353,1925 1418,1926 1483,1927 1547,1928 1612,1928 1677,1929 1742,1929"/>
                <TextEquiv>
                    <Unicode>Juden über die christlichen Gegner darzutun. Der Minister</Unicode>
                </TextEquiv>
            </TextLine>
            <TextLine id="r1l44" custom="readingOrder {index:43;}">
                <Coords points="431,1961 1752,1992 1753,1949 1685,1933 432,1925"/>
                <Baseline points="441,1956 506,1957 571,1957 636,1958 701,1959 766,1959 831,1960 897,1961 962,1962 1027,1963 1092,1964 1157,1965 1222,1965 1287,1967 1353,1968 1418,1969 1483,1970 1548,1972 1613,1973 1678,1974 1744,1976"/>
                <TextEquiv>
                    <Unicode>Dr. Flint wird als Streber, als mit heuchlerischen Syllogismen sich;</Unicode>
                </TextEquiv>
            </TextLine>
            <TextLine id="r1l45" custom="readingOrder {index:44;}">
                <Coords points="435,1990 1745,2012 1641,1971 435,1962"/>
                <Baseline points="443,1998 507,1999 572,2001 636,2002 701,2004 766,2005 830,2006 895,2007 960,2008 1024,2009 1089,2010 1154,2010 1218,2011 1283,2012 1348,2013 1412,2014 1477,2015 1542,2015 1606,2016 1671,2018 1736,2019"/>
                <TextEquiv>
                    <Unicode>verteidigender Schuft gezeichnet; Bernhardis Kollege, Professo¬</Unicode>
                </TextEquiv>
            </TextLine>
            <TextLine id="r1l46" custom="readingOrder {index:45;}">
                <Coords points="437,2046 1750,2053 1723,2006 438,1999"/>
                <Baseline points="447,2044 511,2044 576,2045 641,2046 705,2047 770,2048 835,2049 899,2050 964,2051 1029,2052 1094,2053 1158,2054 1223,2055 1288,2056 1352,2057 1417,2058 1482,2059 1546,2059 1611,2059 1676,2060 1741,2060"/>
                <TextEquiv>
                    <Unicode>Ebenwald, welcher der christlichsozialen Partei nahesteht, ist ein aus¬</Unicode>
                </TextEquiv>
            </TextLine>
            <TextLine id="r1l47" custom="readingOrder {index:46;}">
                <Coords points="435,2090 1702,2120 1732,2052 436,2056"/>
                <Baseline points="445,2088 508,2089 572,2089 636,2090 700,2091 764,2091 828,2092 891,2093 955,2094 1019,2095 1083,2096 1147,2097 1211,2098 1275,2099 1338,2100 1402,2100 1466,2101 1530,2101 1594,2101 1658,2102 1722,2101"/>
                <TextEquiv>
                    <Unicode>gemachter Charakterlump, der deutschnational gesinnte, aus Tirol</Unicode>
                </TextEquiv>
            </TextLine>
            <TextLine id="r1l48" custom="readingOrder {index:47;}">
                <Coords points="439,2128 1346,2163 1559,2135 1735,2175 1736,2099 440,2094"/>
                <Baseline points="448,2131 511,2132 575,2132 639,2133 703,2133 767,2134 831,2134 895,2135 959,2136 1023,2136 1087,2137 1150,2138 1214,2139 1278,2140 1342,2141 1406,2142 1470,2143 1534,2144 1598,2145 1662,2146 1726,2147"/>
                <TextEquiv>
                    <Unicode>stammende Kandidat Hochroitzpointner vollends schreckt in seinem</Unicode>
                </TextEquiv>
            </TextLine>
            <TextLine id="r1l49" custom="readingOrder {index:48;}">
                <Coords points="444,2176 1709,2212 1740,2140 444,2143"/>
                <Baseline points="452,2174 515,2173 579,2173 643,2173 707,2174 771,2174 835,2175 899,2176 963,2177 1027,2178 1091,2179 1154,2181 1218,2182 1282,2183 1346,2184 1410,2185 1474,2186 1538,2187 1602,2188 1666,2188 1730,2188"/>
                <TextEquiv>
                    <Unicode>Haß gegen Bernhardi auch vor einem Meineid nicht zurück. Man</Unicode>
                </TextEquiv>
            </TextLine>
            <TextLine id="r1l50" custom="readingOrder {index:49;}">
                <Coords points="444,2219 1726,2249 1726,2210 1595,2188 445,2175"/>
                <Baseline points="453,2220 516,2220 579,2220 642,2220 705,2220 768,2221 831,2221 895,2222 958,2222 1021,2223 1084,2224 1147,2224 1210,2225 1273,2226 1337,2227 1400,2227 1463,2228 1526,2229 1589,2230 1652,2231 1716,2231"/>
                <TextEquiv>
                    <Unicode>oogreift, daß die Wiener Behörden die Aufführung eines derartigen</Unicode>
                </TextEquiv>
            </TextLine>
            <TextLine id="r1l51" custom="readingOrder {index:50;}">
                <Coords points="436,2245 1721,2282 1676,2237 436,2216"/>
                <Baseline points="445,2260 508,2260 571,2260 635,2261 698,2261 761,2262 825,2263 888,2264 951,2265 1015,2266 1078,2267 1141,2267 1205,2269 1268,2270 1331,2270 1395,2271 1458,2272 1521,2273 1585,2274 1648,2275 1712,2275"/>
                <TextEquiv>
                    <Unicode>Schauspiels verboten haben, denn man könnte sich schließlich auch ein</Unicode>
                </TextEquiv>
            </TextLine>
            <TextLine id="r1l52" custom="readingOrder {index:51;}">
                <Coords points="440,2305 1715,2343 1734,2289 440,2256"/>
                <Baseline points="448,2303 511,2303 575,2304 639,2304 703,2305 767,2306 830,2307 894,2308 958,2309 1022,2310 1086,2311 1149,2312 1213,2313 1277,2314 1341,2315 1405,2316 1468,2317 1532,2317 1596,2318 1660,2318 1724,2318"/>
                <TextEquiv>
                    <Unicode>Publikum vorstellen, das aufs heftigste gegen solche Einseitigkeiten</Unicode>
                </TextEquiv>
            </TextLine>
            <TextLine id="r1l53" custom="readingOrder {index:52;}">
                <Coords points="424,2356 1700,2373 1732,2325 425,2307"/>
                <Baseline points="433,2345 497,2345 561,2346 626,2346 690,2347 755,2348 819,2349 884,2350 948,2351 1013,2352 1077,2353 1141,2355 1206,2356 1270,2357 1335,2358 1399,2359 1464,2359 1528,2360 1593,2361 1657,2361 1722,2361"/>
                <TextEquiv>
                    <Unicode>sprotestieren würde. Soll einmal jemand den Spieß umndrehen und ein</Unicode>
                </TextEquiv>
            </TextLine>
            <TextLine id="r1l54" custom="readingOrder {index:53;}">
                <Coords points="437,2398 1571,2416 1714,2383 438,2355"/>
                <Baseline points="447,2390 509,2390 572,2390 635,2390 698,2390 761,2391 824,2392 886,2393 949,2394 1012,2396 1075,2397 1138,2398 1201,2399 1264,2400 1326,2401 1389,2402 1452,2403 1515,2403 1578,2403 1641,2403 1704,2402"/>
                <TextEquiv>
                    <Unicode>ähnlich scharfes, aber antisemitisches Tendenzstück schreiben —</Unicode>
                </TextEquiv>
            </TextLine>
            <TextLine id="r1l55" custom="readingOrder {index:54;}">
                <Coords points="437,2431 1720,2461 1732,2396 437,2395"/>
                <Baseline points="445,2431 508,2431 572,2431 636,2432 700,2432 764,2433 828,2434 891,2435 955,2436 1019,2437 1083,2439 1147,2440 1211,2442 1275,2444 1338,2445 1402,2446 1466,2448 1530,2449 1594,2450 1658,2451 1722,2452"/>
                <TextEquiv>
                    <Unicode>nun, wir brauchen uns über die eventuellen Folgen nicht den Kopf</Unicode>
                </TextEquiv>
            </TextLine>
            <TextLine id="r1l56" custom="readingOrder {index:55;}">
                <Coords points="430,2475 1735,2492 1658,2451 430,2435"/>
                <Baseline points="438,2473 502,2473 566,2474 631,2474 695,2475 760,2476 824,2477 888,2479 953,2480 1017,2481 1082,2483 1146,2484 1210,2486 1275,2487 1339,2489 1404,2490 1468,2491 1532,2492 1597,2493 1661,2494 1726,2494"/>
                <TextEquiv>
                    <Unicode>zu zerbrechen: kein Theaterdirektor auf der ganzen Welt würde ein </Unicode>
                </TextEquiv>
            </TextLine>
            <TextLine id="r1l57" custom="readingOrder {index:56;}">
                <Coords points="433,2527 574,2517 617,2534 691,2515 712,2532 939,2523 1006,2542 1105,2525 1105,2500 1013,2484 434,2474"/>
                <Baseline points="442,2517 474,2517 507,2517 539,2517 572,2517 605,2517 637,2518 670,2518 703,2519 735,2519 768,2519 801,2520 833,2520 866,2521 899,2521 931,2522 964,2522 997,2522 1029,2522 1062,2523 1095,2523"/>
                <TextEquiv>
                    <Unicode>solches Werk aufzuführen wagen.</Unicode>
                </TextEquiv>
            </TextLine>
            <TextLine id="r1l58" custom="readingOrder {index:57;}">
                <Coords points="504,2563 1692,2592 1720,2562 1404,2511 505,2531"/>
                <Baseline points="514,2558 573,2559 633,2560 693,2561 753,2562 813,2563 873,2564 932,2565 992,2566 1052,2567 1112,2568 1172,2569 1232,2570 1292,2571 1351,2572 1411,2573 1471,2574 1531,2575 1591,2576 1651,2577 1711,2578"/>
                <TextEquiv>
                    <Unicode>Was nun die Darstellung betrifft, so gebührt vor allem wieder</Unicode>
                </TextEquiv>
            </TextLine>
            <TextLine id="r1l59" custom="readingOrder {index:58;}">
                <Coords points="420,2609 1680,2630 1717,2579 421,2564"/>
                <Baseline points="429,2602 492,2602 556,2602 620,2603 684,2604 748,2605 812,2606 876,2607 940,2608 1004,2609 1068,2610 1131,2612 1195,2613 1259,2615 1323,2616 1387,2617 1451,2619 1515,2620 1579,2621 1643,2622 1707,2623"/>
                <TextEquiv>
                    <Unicode>der Regie des Herrn Dr Meyer die lebhafteste Anerkennung. Die</Unicode>
                </TextEquiv>
            </TextLine>
            <TextLine id="r1l60" custom="readingOrder {index:59;}">
                <Coords points="427,2643 1726,2686 1727,2632 1598,2617 428,2609"/>
                <Baseline points="437,2643 501,2644 565,2644 629,2645 693,2646 757,2648 821,2650 885,2651 949,2653 1013,2655 1077,2656 1141,2658 1205,2660 1269,2661 1333,2663 1397,2664 1461,2665 1525,2665 1589,2665 1653,2665 1718,2664"/>
                <TextEquiv>
                    <Unicode>vier verschiedenen Zimmer sahen samt und sonders sehr anständig</Unicode>
                </TextEquiv>
            </TextLine>
            <TextLine id="r1l61" custom="readingOrder {index:60;}">
                <Coords points="431,2690 1725,2718 1726,2671 432,2646"/>
                <Baseline points="441,2688 504,2688 568,2688 632,2689 696,2690 759,2692 823,2693 887,2695 951,2696 1014,2698 1078,2700 1142,2702 1206,2703 1269,2705 1333,2706 1397,2707 1461,2708 1524,2708 1588,2709 1652,2709 1716,2708"/>
                <TextEquiv>
                    <Unicode>aus, besonders der Bilderschmuck der Wände war jewails mit gutem</Unicode>
                </TextEquiv>
            </TextLine>
            <TextLine id="r1l62" custom="readingOrder {index:61;}">
                <Coords points="425,2741 1554,2763 1685,2758 1715,2715 426,2701"/>
                <Baseline points="435,2733 498,2732 562,2732 625,2733 689,2733 752,2734 816,2736 879,2737 943,2739 1006,2741 1070,2742 1133,2744 1197,2746 1260,2747 1324,2748 1387,2749 1451,2750 1514,2750 1578,2750 1641,2750 1705,2748"/>
                <TextEquiv>
                    <Unicode>Geschmack ausgewählt. Unter den Mitwirkenden lernten wir wieder</Unicode>
                </TextEquiv>
            </TextLine>
            <TextLine id="r1l63" custom="readingOrder {index:62;}">
                <Coords points="433,2775 1723,2812 1724,2740 433,2746"/>
                <Baseline points="441,2774 504,2774 568,2774 632,2774 695,2775 759,2776 823,2777 886,2779 950,2780 1014,2782 1078,2783 1141,2786 1205,2787 1269,2788 1332,2790 1396,2791 1460,2792 1523,2792 1587,2792 1651,2792 1715,2791"/>
                <TextEquiv>
                    <Unicode>ein paar neue Kräfte kennen. So Herrn Pfanz, der den Titel¬</Unicode>
                </TextEquiv>
            </TextLine>
            <TextLine id="r1l64" custom="readingOrder {index:63;}">
                <Coords points="418,2816 1643,2847 1715,2841 1716,2799 418,2789"/>
                <Baseline points="427,2817 491,2817 555,2817 619,2818 683,2818 747,2819 811,2820 875,2821 939,2823 1003,2823 1067,2825 1131,2826 1195,2827 1259,2828 1323,2829 1387,2830 1451,2831 1515,2832 1579,2832 1643,2832 1707,2832"/>
                <TextEquiv>
                    <Unicode>helden im Ganzen recht wirksam gab. Nur eine etwas selbst¬</Unicode>
                </TextEquiv>
            </TextLine>
            <TextLine id="r1l65" custom="readingOrder {index:64;}">
                <Coords points="422,2860 1718,2881 1688,2835 422,2816"/>
                <Baseline points="431,2857 494,2858 558,2860 622,2861 686,2862 750,2863 814,2864 878,2865 942,2866 1006,2866 1070,2867 1133,2868 1197,2869 1261,2870 1325,2871 1389,2872 1453,2873 1517,2874 1581,2875 1645,2876 1709,2878"/>
                <TextEquiv>
                    <Unicode>bewußtere Haltung hätte gelegentlich der Idee des Dichters wohl</Unicode>
                </TextEquiv>
            </TextLine>
            <TextLine id="r1l66" custom="readingOrder {index:65;}">
                <Coords points="422,2900 1597,2932 1713,2892 422,2872"/>
                <Baseline points="431,2901 494,2902 558,2903 621,2904 685,2905 749,2906 812,2907 876,2909 940,2910 1003,2910 1067,2911 1131,2912 1194,2913 1258,2914 1322,2914 1385,2915 1449,2916 1513,2916 1576,2917 1640,2917 1704,2917"/>
                <TextEquiv>
                    <Unicode>mehr entsprochen. Der Minister des Herrn Marlitz ließ gleich¬</Unicode>
                </TextEquiv>
            </TextLine>
            <TextLine id="r1l67" custom="readingOrder {index:66;}">
                <Coords points="419,2947 1704,2981 1683,2923 420,2906"/>
                <Baseline points="428,2946 491,2946 554,2946 618,2946 681,2946 744,2947 808,2948 871,2949 934,2951 998,2952 1061,2953 1124,2955 1188,2957 1251,2958 1314,2959 1378,2961 1441,2962 1504,2963 1568,2963 1631,2964 1695,2964"/>
                <TextEquiv>
                    <Unicode>falls die nötige überlegenheit vermissen; er müßte zwischen sich</Unicode>
                </TextEquiv>
            </TextLine>
            <TextLine id="r1l68" custom="readingOrder {index:67;}">
                <Coords points="422,2988 1717,3004 1615,2963 423,2947"/>
                <Baseline points="432,2987 495,2988 559,2989 623,2989 687,2990 751,2992 814,2993 878,2994 942,2996 1006,2997 1070,2998 1133,3000 1197,3001 1261,3002 1325,3003 1389,3004 1452,3004 1516,3005 1580,3005 1644,3005 1708,3005"/>
                <TextEquiv>
                    <Unicode>##d Bernhardi eine größere Distanz herstellen. Ausgezeichnet</Unicode>
                </TextEquiv>
            </TextLine>
            <TextLine id="r1l69" custom="readingOrder {index:68;}">
                <Coords points="418,3043 1721,3058 1705,3007 1410,2990 418,2994"/>
                <Baseline points="426,3030 490,3031 554,3031 618,3032 683,3033 747,3034 811,3035 876,3036 940,3037 1004,3038 1069,3039 1133,3040 1197,3042 1261,3043 1326,3043 1390,3044 1454,3045 1519,3045 1583,3046 1647,3046 1712,3046"/>
                <TextEquiv>
                    <Unicode>ware. Herr Barna als Professor Cyprian, desgleichen Herr</Unicode>
                </TextEquiv>
            </TextLine>
            <TextLine id="r1l70" custom="readingOrder {index:69;}">
                <Coords points="424,3067 1716,3109 1717,3059 1575,3042 425,3041"/>
                <Baseline points="433,3068 496,3070 560,3071 624,3072 687,3073 751,3074 815,3075 878,3076 942,3077 1006,3078 1070,3079 1133,3080 1197,3081 1261,3082 1324,3083 1388,3084 1452,3084 1515,3085 1579,3086 1643,3087 1707,3087"/>
                <TextEquiv>
                    <Unicode>Johon als der biedere Pflugfelder. Herr Gorter stattete den</Unicode>
                </TextEquiv>
            </TextLine>
            <TextLine id="r1l71" custom="readingOrder {index:70;}">
                <Coords points="425,3108 1712,3129 1617,3086 425,3074"/>
                <Baseline points="433,3113 496,3113 560,3113 623,3113 687,3114 750,3114 814,3115 877,3116 941,3117 1004,3118 1068,3119 1131,3120 1195,3121 1258,3122 1322,3123 1385,3125 1449,3126 1512,3127 1576,3128 1639,3129 1703,3131"/>
                <TextEquiv>
                    <Unicode>Ebenwald mit der entsprechenden Heimtücke aus Herr Knaack als</Unicode>
                </TextEquiv>
            </TextLine>
            <TextLine id="r1l72" custom="readingOrder {index:71;}">
                <Coords points="411,3139 1705,3194 1719,3113 1648,3144 412,3114"/>
                <Baseline points="420,3154 484,3155 548,3156 613,3156 677,3157 742,3158 806,3159 870,3160 935,3161 999,3162 1064,3163 1128,3164 1192,3165 1257,3167 1321,3168 1386,3169 1450,3170 1514,3171 1579,3172 1643,3172 1708,3173"/>
                <TextEquiv>
                    <Unicode>Dr. Löwenstein bot eine leicht ans Karikaturistische streifende, sonst</Unicode>
                </TextEquiv>
            </TextLine>
            <TextLine id="r1l73" custom="readingOrder {index:72;}">
                <Coords points="418,3199 1679,3228 1717,3162 419,3160"/>
                <Baseline points="427,3198 494,3198 561,3199 628,3199 696,3200 763,3201 830,3202 898,3203 965,3204 1032,3205 1100,3207 1167,3208 1234,3210 1302,3211 1369,3212 1436,3214 1504,3215 1571,3216 1638,3217 1706,3218"/>
                <TextEquiv>
                    <Unicode>aber vorzügliche Leistung. Ein sehr guter Chargenspieler scheint auch</Unicode>
                </TextEquiv>
            </TextLine>
            <TextLine id="r1l74" custom="readingOrder {index:73;}">
                <Coords points="419,3234 1625,3272 1715,3248 1716,3205 420,3208"/>
                <Baseline points="429,3241 492,3242 556,3242 620,3243 684,3244 748,3245 812,3246 875,3247 939,3248 1003,3249 1067,3250 1131,3251 1195,3252 1259,3253 1322,3254 1386,3255 1450,3255 1514,3256 1578,3256 1642,3257 1706,3257"/>
                <TextEquiv>
                    <Unicode>Herr Schäfer zu sein, der die kleine Rolle des Journalisten</Unicode>
                </TextEquiv>
            </TextLine>
            <TextLine id="r1l75" custom="readingOrder {index:74;}">
                <Coords points="419,3290 1664,3315 1714,3308 1715,3249 419,3245"/>
                <Baseline points="427,3285 490,3285 554,3286 618,3286 682,3286 746,3287 810,3288 874,3288 938,3289 1002,3290 1066,3291 1129,3292 1193,3293 1257,3294 1321,3296 1385,3297 1449,3298 1513,3299 1577,3300 1641,3301 1705,3303"/>
                <TextEquiv>
                    <Unicode>Kulka recht ergötzlich durchführte. Der Sohn Bernhardi wurde in</Unicode>
                </TextEquiv>
            </TextLine>
            <TextLine id="r1l76" custom="readingOrder {index:75;}">
                <Coords points="418,3330 1716,3337 1644,3304 418,3288"/>
                <Baseline points="426,3327 490,3327 554,3327 618,3327 682,3327 746,3328 810,3329 874,3330 938,3332 1002,3333 1066,3335 1130,3336 1194,3338 1258,3339 1322,3340 1386,3341 1450,3342 1514,3342 1578,3342 1642,3342 1706,3341"/>
                <TextEquiv>
                    <Unicode>der Wiedergabe des Herrn Heidtmann, ein sehr eleganter!</Unicode>
                </TextEquiv>
            </TextLine>
            <TextLine id="r1l77" custom="readingOrder {index:76;}">
                <Coords points="419,3370 1706,3408 1707,3343 420,3328"/>
                <Baseline points="429,3371 492,3371 555,3371 619,3371 682,3371 746,3372 809,3373 873,3374 936,3375 1000,3376 1063,3377 1126,3378 1190,3379 1253,3380 1317,3381 1380,3382 1444,3383 1507,3383 1571,3384 1634,3384 1698,3383"/>
                <TextEquiv>
                    <Unicode>und sympathisch berührender Herr, auch Herrn Macholds zynisch¬</Unicode>
                </TextEquiv>
            </TextLine>
            <TextLine id="r1l78" custom="readingOrder {index:77;}">
                <Coords points="414,3409 1693,3450 1716,3384 414,3387"/>
                <Baseline points="423,3412 487,3413 551,3413 615,3414 679,3415 743,3415 807,3416 871,3417 935,3418 999,3419 1064,3420 1128,3421 1192,3422 1256,3423 1320,3424 1384,3425 1448,3427 1512,3428 1576,3429 1640,3430 1705,3432"/>
                <TextEquiv>
                    <Unicode>gemütvoller Hofrat Winckler war eine echte Type. Aus dem</Unicode>
                </TextEquiv>
            </TextLine>
            <TextLine id="r1l79" custom="readingOrder {index:78;}">
                <Coords points="416,3461 1701,3476 1701,3434 416,3409"/>
                <Baseline points="425,3456 488,3456 551,3457 614,3458 678,3458 741,3459 804,3460 868,3460 931,3461 994,3462 1058,3463 1121,3464 1184,3465 1247,3465 1311,3466 1374,3467 1437,3468 1501,3469 1564,3470 1627,3470 1691,3471"/>
                <TextEquiv>
                    <Unicode>Pfarrer Reder ließe sich zweifellos mehr machen, als Herr Kuster¬</Unicode>
                </TextEquiv>
            </TextLine>
            <TextLine id="r1l80" custom="readingOrder {index:79;}">
                <Coords points="411,3490 1705,3518 1705,3482 1642,3475 411,3463"/>
                <Baseline points="419,3499 482,3499 546,3500 610,3501 674,3502 738,3503 801,3504 865,3505 929,3506 993,3507 1057,3509 1120,3510 1184,3511 1248,3511 1312,3513 1376,3513 1439,3514 1503,3515 1567,3515 1631,3515 1695,3516"/>
                <TextEquiv>
                    <Unicode>mann es vermochte und der Dr. Filitz des Herrn Lingen war</Unicode>
                </TextEquiv>
            </TextLine>
            <TextLine id="r1l81" custom="readingOrder {index:80;}">
                <Coords points="405,3542 1708,3550 1588,3512 405,3508"/>
                <Baseline points="413,3540 477,3541 541,3542 605,3543 670,3544 734,3545 798,3547 863,3548 927,3549 991,3550 1056,3552 1120,3553 1184,3554 1248,3555 1313,3556 1377,3557 1441,3557 1506,3558 1570,3558 1634,3558 1699,3558"/>
                <TextEquiv>
                    <Unicode>kaum viel besser als neulich im „Hamlet“ sein Rosenkranz. Zum</Unicode>
                </TextEquiv>
            </TextLine>
            <TextLine id="r1l82" custom="readingOrder {index:81;}">
                <Coords points="404,3585 1616,3616 1711,3585 1711,3549 404,3542"/>
                <Baseline points="413,3583 477,3584 541,3584 606,3585 670,3586 735,3587 799,3588 864,3589 928,3591 993,3592 1057,3593 1121,3594 1186,3596 1250,3597 1315,3597 1379,3598 1444,3599 1508,3600 1573,3600 1637,3600 1702,3600"/>
                <TextEquiv>
                    <Unicode>Schluß seien noch erwähnt Herr Glasemann, der zuerst einen</Unicode>
                </TextEquiv>
            </TextLine>
            <TextLine id="r1l83" custom="readingOrder {index:82;}">
                <Coords points="408,3632 1709,3668 1710,3597 408,3592"/>
                <Baseline points="417,3625 481,3626 545,3628 609,3629 673,3630 737,3631 801,3633 866,3634 930,3635 994,3636 1058,3637 1122,3638 1186,3639 1250,3640 1315,3641 1379,3641 1443,3642 1507,3643 1571,3644 1635,3644 1700,3645"/>
                <TextEquiv>
                    <Unicode>der Professoren und dann (weniger überzeugend) den Advokaten</Unicode>
                </TextEquiv>
            </TextLine>
            <TextLine id="r1l84" custom="readingOrder {index:83;}">
                <Coords points="407,3679 1548,3706 1703,3694 1704,3655 408,3636"/>
                <Baseline points="417,3672 480,3672 544,3672 608,3673 672,3674 736,3675 800,3675 864,3676 928,3677 992,3678 1056,3679 1119,3680 1183,3682 1247,3683 1311,3684 1375,3686 1439,3687 1503,3688 1567,3690 1631,3691 1695,3693"/>
                <TextEquiv>
                    <Unicode>Goldenthal darstellte, ferner Herr Halpern als dialektstarker</Unicode>
                </TextEquiv>
            </TextLine>
            <TextLine id="r1l85" custom="readingOrder {index:84;}">
                <Coords points="412,3712 1670,3750 1709,3745 1710,3677 412,3676"/>
                <Baseline points="421,3720 485,3720 549,3720 613,3720 677,3721 741,3722 805,3722 869,3724 933,3725 997,3725 1061,3727 1125,3728 1189,3729 1253,3730 1317,3731 1381,3732 1445,3733 1509,3734 1573,3734 1637,3735 1701,3735"/>
                <TextEquiv>
                    <Unicode>Hochroitzpointner, Herr Froon als komischer Landarzt, Herr</Unicode>
                </TextEquiv>
            </TextLine>
            <TextLine id="r1l86" custom="readingOrder {index:85;}">
                <Coords points="418,3761 1480,3796 1700,3763 419,3714"/>
                <Baseline points="428,3765 491,3764 554,3763 617,3763 680,3764 743,3764 806,3765 870,3766 933,3767 996,3768 1059,3770 1122,3771 1185,3772 1248,3773 1312,3775 1375,3776 1438,3777 1501,3777 1564,3777 1627,3777 1691,3777"/>
                <TextEquiv>
                    <Unicode>Goldberg als Dr. Adler und Frl. Probst in der einzig weib¬</Unicode>
                </TextEquiv>
            </TextLine>
            <TextLine id="r1l87" custom="readingOrder {index:86;}">
                <Coords points="406,3808 1620,3837 1703,3825 1704,3759 548,3787 406,3747"/>
                <Baseline points="415,3806 479,3807 543,3807 607,3808 671,3808 735,3808 799,3809 863,3809 927,3810 991,3811 1055,3811 1119,3812 1183,3813 1247,3814 1311,3815 1375,3816 1439,3817 1503,3818 1567,3819 1631,3820 1695,3821"/>
                <TextEquiv>
                    <Unicode>lichen, aber sehr unbedeutender Rolle der hysterischen Schwester</Unicode>
                </TextEquiv>
            </TextLine>
            <TextLine id="r1l88" custom="readingOrder {index:87;}">
                <Coords points="406,3849 1711,3851 407,3804"/>
                <Baseline points="415,3848 479,3849 543,3849 608,3850 672,3851 736,3852 801,3852 865,3853 929,3853 994,3854 1058,3854 1122,3855 1187,3856 1251,3856 1315,3857 1380,3858 1444,3859 1508,3860 1573,3861 1637,3862 1702,3863"/>
                <TextEquiv>
                    <Unicode>Ludmilla. Jedenfalls konnten wir der Aufführung an sich mehr!</Unicode>
                </TextEquiv>
            </TextLine>
            <TextLine id="r1l89" custom="readingOrder {index:88;}">
                <Coords points="419,3893 1706,3895 1706,3853 419,3852"/>
                <Baseline points="428,3889 491,3890 554,3890 618,3891 681,3891 745,3891 808,3892 872,3892 935,3893 999,3893 1062,3894 1125,3895 1189,3895 1252,3897 1316,3898 1379,3898 1443,3900 1506,3901 1570,3903 1633,3904 1697,3906"/>
                <TextEquiv>
                    <Unicode>Geschmack abgewinnen als der Komödie Schnitzlers, die den Beweis</Unicode>
                </TextEquiv>
            </TextLine>
            <TextLine id="r1l90" custom="readingOrder {index:89;}">
                <Coords points="417,3947 1702,3972 1689,3889 418,3893"/>
                <Baseline points="426,3935 489,3936 552,3936 616,3937 679,3937 743,3938 806,3938 869,3939 933,3940 996,3941 1060,3941 1123,3942 1186,3943 1250,3943 1313,3944 1377,3945 1440,3946 1503,3947 1567,3947 1630,3948 1694,3949"/>
                <TextEquiv>
                    <Unicode>erbringt, daß nicht nur ein politisch' Lied ein garstig' Lied, sondern,</Unicode>
                </TextEquiv>
            </TextLine>
            <TextLine id="r1l91" custom="readingOrder {index:90;}">
                <Coords points="406,3998 1716,4011 1681,3939 407,3947"/>
                <Baseline points="416,3975 480,3977 545,3978 609,3979 674,3980 739,3981 803,3982 868,3982 932,3983 997,3984 1062,3984 1126,3985 1191,3985 1255,3986 1320,3986 1384,3987 1449,3988 1514,3989 1578,3991 1643,3992 1708,3994"/>
                <TextEquiv>
                    <Unicode>auch ein politisches Theaterstück ein garstiges Theaterstück sein kann,</Unicode>
                </TextEquiv>
            </TextLine>
            <TextLine id="r1l92" custom="readingOrder {index:91;}">
                <Coords points="1468,4047 1493,4049 1510,4060 1518,4051 1533,4054 1556,4036 1569,4037 1591,4053 1625,4058 1624,4003 1603,4010 1570,3989 1523,4004 1507,3991 1500,3999 1468,4010"/>
                <Baseline points="1477,4033 1504,4032 1532,4032 1560,4031 1588,4031 1616,4032"/>
                <TextEquiv>
                    <Unicode>A. D.</Unicode>
                </TextEquiv>
            </TextLine>
            <TextEquiv>
                <Unicode>reichischen Staaten. Die Christlichsozialen mit Lueger an de¬
Spitze und die Alldeutschen unter Schönerers Führung bekämpften
beide den immer größer werdenden Einfluß des Jndentums in
Wien. Es kamen damals auch jene ja heute noch geltenden und
viel umstrittenen Waidenhofener Beschlüsse zustande, worin die
nationale Studentenschaft jeden Jnden von vornherein für
satisfaktionsunfähig erklärte. In diese Epoche also fällt
Schnitzlers Schauspiel.
Seine Handlung ist kurz erzählt. Der jüdische Professor für
interne Medizin Dr. Bernhardi wirkt als Direktor in einer Wiener
Heilanstalt, dem unter einem Kuratorium angesehener Persönlich¬
keiten stehenden Elisabethinum. Nun befindet sich in seiner Behand¬
lung ein hoffnungslos erkranktes Mädchen, bei dem kurz vor dem
Tode Euphorie eingetreten ist, d. h., die sich vollständig wohl und
munter fühlt und ans baldige Aufstehen denkt. Da wird durch eine
Krankenschwester des Elisabethinums ein Geistlicher an das
Sterbebett des Mädchens gerusen, um ihm die letzte Hlung zu
erteilen. Professor Bernhardi will aber seine ahnungslose Pati¬
entin vor dem Schreck bewahren, den ihr die Spendung der
Sterbesakramente einflößen würde, und weist dem Pfarrer
sehr bestimmt die Tür. Daraus drehen ihm jetzt seine anti¬
semitischen Gegner unter den Kollegen einen Strick. Die Sache
wird kolossal aufgebauscht, die Christlichsozialen bringen im Parla¬
ment eine Interpellation ein, der Unterrichtsminister, ein früherer
Studiengenosse Bernhardis, veranlaßt sogar, daß gegen den Pro¬
fessor ein Verfahren wegen Religionsstörung eingeleitet wird. Der
Prozeß findet statt, die durchaus voreingenommenen Geschworenen
sprechen Bernhardi schuldig und die nicht weniger fanatischen
Richter verurteilen ihn zu zwei Monaten Gefängnis. Der Gelehrte
verzichtet auf jede Revision, sitzt seine Strafe ab und kehrt als
Märtyrer seiner überzeugung und Märtyrer des Judentums aus
dem Kerker zurück.
Ob der von Schnitzler hier sehr gewaltsam konstruterte „Fall“
überhaupt möglich wäre, ist belanglos. Jedenfalls kam es dem
Verfassei darauf an zu zeigen, daß der vornehme Jude im Kampf
gegen christliche (oder arische) Heuchelei und Gemeinheit unterliegen
muß. Es verschlägt dabei wenig, daß es auch unter den Christen
des Stücks anständige Menschen gibt, wie den Pfarrer Reder und
den „altliberalen“ Professor Pflugfelder, der sozusagen die Rolle des
Raisonneurs übernommen hat; auch daß unter den vorgeführten
Juden sich einige zweifelhafte Charaktere befinden, ändert nichts
an Schnitzlers Tendenz: die moralische überlegenheit des
Juden über die christlichen Gegner darzutun. Der Minister
Dr. Flint wird als Streber, als mit heuchlerischen Syllogismen sich;
verteidigender Schuft gezeichnet; Bernhardis Kollege, Professo¬
Ebenwald, welcher der christlichsozialen Partei nahesteht, ist ein aus¬
gemachter Charakterlump, der deutschnational gesinnte, aus Tirol
stammende Kandidat Hochroitzpointner vollends schreckt in seinem
Haß gegen Bernhardi auch vor einem Meineid nicht zurück. Man
oogreift, daß die Wiener Behörden die Aufführung eines derartigen
Schauspiels verboten haben, denn man könnte sich schließlich auch ein
Publikum vorstellen, das aufs heftigste gegen solche Einseitigkeiten
sprotestieren würde. Soll einmal jemand den Spieß umndrehen und ein
ähnlich scharfes, aber antisemitisches Tendenzstück schreiben —
nun, wir brauchen uns über die eventuellen Folgen nicht den Kopf
zu zerbrechen: kein Theaterdirektor auf der ganzen Welt würde ein 
solches Werk aufzuführen wagen.
Was nun die Darstellung betrifft, so gebührt vor allem wieder
der Regie des Herrn Dr Meyer die lebhafteste Anerkennung. Die
vier verschiedenen Zimmer sahen samt und sonders sehr anständig
aus, besonders der Bilderschmuck der Wände war jewails mit gutem
Geschmack ausgewählt. Unter den Mitwirkenden lernten wir wieder
ein paar neue Kräfte kennen. So Herrn Pfanz, der den Titel¬
helden im Ganzen recht wirksam gab. Nur eine etwas selbst¬
bewußtere Haltung hätte gelegentlich der Idee des Dichters wohl
mehr entsprochen. Der Minister des Herrn Marlitz ließ gleich¬
falls die nötige überlegenheit vermissen; er müßte zwischen sich
##d Bernhardi eine größere Distanz herstellen. Ausgezeichnet
ware. Herr Barna als Professor Cyprian, desgleichen Herr
Johon als der biedere Pflugfelder. Herr Gorter stattete den
Ebenwald mit der entsprechenden Heimtücke aus Herr Knaack als
Dr. Löwenstein bot eine leicht ans Karikaturistische streifende, sonst
aber vorzügliche Leistung. Ein sehr guter Chargenspieler scheint auch
Herr Schäfer zu sein, der die kleine Rolle des Journalisten
Kulka recht ergötzlich durchführte. Der Sohn Bernhardi wurde in
der Wiedergabe des Herrn Heidtmann, ein sehr eleganter!
und sympathisch berührender Herr, auch Herrn Macholds zynisch¬
gemütvoller Hofrat Winckler war eine echte Type. Aus dem
Pfarrer Reder ließe sich zweifellos mehr machen, als Herr Kuster¬
mann es vermochte und der Dr. Filitz des Herrn Lingen war
kaum viel besser als neulich im „Hamlet“ sein Rosenkranz. Zum
Schluß seien noch erwähnt Herr Glasemann, der zuerst einen
der Professoren und dann (weniger überzeugend) den Advokaten
Goldenthal darstellte, ferner Herr Halpern als dialektstarker
Hochroitzpointner, Herr Froon als komischer Landarzt, Herr
Goldberg als Dr. Adler und Frl. Probst in der einzig weib¬
lichen, aber sehr unbedeutender Rolle der hysterischen Schwester
Ludmilla. Jedenfalls konnten wir der Aufführung an sich mehr!
Geschmack abgewinnen als der Komödie Schnitzlers, die den Beweis
erbringt, daß nicht nur ein politisch' Lied ein garstig' Lied, sondern,
auch ein politisches Theaterstück ein garstiges Theaterstück sein kann,
A. D.</Unicode>
            </TextEquiv>
        </TextRegion>
        <TextRegion orientation="0.0" id="r2" custom="readingOrder {index:1;}">
            <Coords points="1889,1056 1889,3304 3336,3304 3336,1056"/>
            <TextLine id="r2l1" custom="readingOrder {index:0;}">
                <Coords points="1961,1099 2255,1083 2600,1169 3033,1163 3038,1097 2971,1071 1966,1046"/>
                <Baseline points="1972,1087 2024,1082 2077,1081 2130,1081 2182,1082 2235,1085 2288,1089 2340,1094 2393,1100 2446,1107 2499,1113 2551,1120 2604,1126 2657,1132 2709,1138 2762,1142 2815,1145 2867,1148 2920,1148 2973,1146 3026,1143"/>
                <TextEquiv>
                    <Unicode>Ausschnitt ausßyoelauer Mornon Zeit#</Unicode>
                </TextEquiv>
            </TextLine>
            <TextLine id="r2l2" custom="readingOrder {index:1;}">
                <Coords points="2230,1180 2260,1186 2273,1174 2289,1179 2304,1167 2329,1186 2363,1190 2378,1185 2379,1142 2368,1143 2357,1134 2328,1141 2316,1135 2298,1140 2260,1117 2255,1123 2231,1124"/>
                <Baseline points="2239,1170 2264,1169 2290,1170 2316,1170 2342,1171 2368,1173"/>
                <TextEquiv>
                    <Unicode>7 9</Unicode>
                </TextEquiv>
            </TextLine>
            <TextLine id="r2l3" custom="readingOrder {index:2;}">
                <Coords points="1970,1170 1984,1169 2006,1191 2025,1185 2035,1193 2050,1188 2060,1193 2123,1193 2126,1148 2106,1151 2103,1147 2094,1152 2056,1145 2049,1150 2017,1134 1996,1150 1988,1142 1972,1139"/>
                <Baseline points="1978,1179 2005,1180 2032,1181 2060,1183 2087,1186 2115,1188"/>
                <TextEquiv>
                    <Unicode>vom:</Unicode>
                </TextEquiv>
            </TextLine>
            <TextLine id="r2l4" custom="readingOrder {index:3;}">
                <Coords points="2419,1256 2430,1256 2443,1243 2450,1247 2461,1240 2486,1248 2506,1242 2529,1252 2547,1248 2556,1256 2569,1254 2569,1194 2551,1194 2533,1185 2517,1194 2481,1197 2470,1190 2463,1193 2443,1179 2420,1184"/>
                <Baseline points="2429,1234 2455,1232 2481,1232 2507,1233 2533,1233 2560,1235"/>
                <TextEquiv>
                    <Unicode></Unicode>
                </TextEquiv>
            </TextLine>
            <TextLine id="r2l5" custom="readingOrder {index:4;}">
                <Coords points="3163,1293 3178,1292 3188,1281 3209,1276 3221,1283 3228,1277 3246,1284 3265,1275 3296,1285 3332,1272 3330,1227 3315,1232 3306,1223 3271,1241 3250,1226 3235,1237 3207,1228 3197,1236 3189,1231 3161,1236"/>
                <Baseline points="3172,1278 3197,1274 3222,1273 3247,1272 3272,1271 3297,1270 3323,1269"/>
                <TextEquiv>
                    <Unicode>große M</Unicode>
                </TextEquiv>
            </TextLine>
            <TextLine id="r2l6" custom="readingOrder {index:5;}">
                <Coords points="3180,1320 3209,1324 3216,1321 3237,1330 3263,1322 3277,1325 3286,1333 3299,1333 3299,1279 3281,1284 3263,1277 3242,1285 3227,1278 3220,1283 3209,1276 3204,1281 3180,1281"/>
                <Baseline points="3188,1320 3213,1319 3239,1320 3264,1321 3290,1320"/>
                <TextEquiv>
                    <Unicode>klerika</Unicode>
                </TextEquiv>
            </TextLine>
            <TextLine id="r2l7" custom="readingOrder {index:6;}">
                <Coords points="2322,1342 2412,1346 2469,1326 2548,1348 2606,1331 2764,1360 2765,1278 2666,1255 2561,1267 2520,1244 2471,1269 2441,1245 2430,1256 2322,1246"/>
                <Baseline points="2331,1324 2356,1323 2381,1323 2406,1323 2431,1323 2456,1323 2481,1323 2506,1323 2531,1324 2556,1324 2581,1324 2606,1324 2631,1325 2656,1325 2681,1325 2706,1325 2731,1325 2756,1324"/>
                <TextEquiv>
                    <Unicode>Lobetheater.</Unicode>
                </TextEquiv>
            </TextLine>
            <TextLine id="r2l8" custom="readingOrder {index:7;}">
                <Coords points="3175,1373 3191,1376 3202,1371 3209,1378 3215,1372 3224,1372 3229,1378 3245,1376 3258,1386 3265,1385 3276,1374 3289,1377 3288,1330 3274,1331 3263,1322 3258,1327 3238,1331 3214,1322 3175,1322"/>
                <Baseline points="3185,1368 3216,1368 3247,1367 3279,1368"/>
                <TextEquiv>
                    <Unicode>Kultu</Unicode>
                </TextEquiv>
            </TextLine>
            <TextLine id="r2l9" custom="readingOrder {index:8;}">
                <Coords points="1946,1387 2101,1420 3095,1407 3136,1400 3137,1328 2481,1372 1947,1346"/>
                <Baseline points="1955,1388 2013,1388 2072,1389 2130,1390 2189,1390 2248,1391 2306,1391 2365,1392 2423,1393 2482,1393 2541,1393 2599,1394 2658,1394 2716,1395 2775,1395 2834,1395 2892,1395 2951,1395 3009,1394 3068,1394 3127,1394"/>
                <TextEquiv>
                    <Unicode>Sonnabend, 7. September. „Professor Bernhardi“.*)</Unicode>
                </TextEquiv>
            </TextLine>
            <TextLine id="r2l10" custom="readingOrder {index:9;}">
                <Coords points="3166,1415 3177,1415 3186,1424 3220,1415 3240,1422 3256,1418 3269,1425 3279,1420 3297,1425 3314,1418 3333,1420 3333,1378 3311,1377 3304,1371 3286,1382 3274,1377 3258,1386 3225,1373 3209,1377 3202,1370 3196,1375 3166,1372"/>
                <Baseline points="3175,1417 3200,1417 3225,1417 3250,1417 3275,1417 3300,1417 3325,1415"/>
                <TextEquiv>
                    <Unicode>sind när</Unicode>
                </TextEquiv>
            </TextLine>
            <TextLine id="r2l11" custom="readingOrder {index:10;}">
                <Coords points="2112,1444 2231,1466 2711,1445 2797,1485 2880,1464 2881,1428 2600,1393 2573,1418 2112,1409"/>
                <Baseline points="2120,1449 2157,1450 2195,1451 2232,1451 2270,1451 2307,1451 2345,1451 2382,1450 2420,1450 2457,1450 2495,1449 2533,1449 2570,1449 2608,1449 2645,1450 2683,1450 2720,1451 2758,1453 2795,1455 2833,1457 2871,1460"/>
                <TextEquiv>
                    <Unicode>Komödie von Arthur Schnitzler.</Unicode>
                </TextEquiv>
            </TextLine>
            <TextLine id="r2l12" custom="readingOrder {index:11;}">
                <Coords points="3164,1491 3180,1487 3207,1466 3227,1480 3245,1471 3261,1479 3291,1464 3313,1479 3331,1472 3330,1421 3313,1418 3279,1428 3250,1416 3227,1421 3220,1415 3187,1425 3176,1415 3162,1415"/>
                <Baseline points="3173,1461 3202,1462 3232,1461 3261,1460 3291,1458 3321,1459"/>
                <TextEquiv>
                    <Unicode>Wille</Unicode>
                </TextEquiv>
            </TextLine>
            <TextLine id="r2l13" custom="readingOrder {index:12;}">
                <Coords points="1957,1504 3334,1527 3305,1473 2923,1447 2828,1481 2594,1441 2538,1475 1957,1470"/>
                <Baseline points="1965,1500 2036,1503 2108,1505 2179,1507 2251,1508 2322,1509 2394,1510 2465,1510 2537,1510 2608,1510 2680,1510 2751,1509 2823,1509 2894,1508 2966,1508 3037,1508 3109,1508 3180,1508 3252,1508 3324,1509"/>
                <TextEquiv>
                    <Unicode>Der Dichter nennt sein Stück, in dem er mit starker Hand Prozsgot enn</Unicode>
                </TextEquiv>
            </TextLine>
            <TextLine id="r2l14" custom="readingOrder {index:13;}">
                <Coords points="1892,1563 3341,1587 3341,1528 3136,1508 1892,1521"/>
                <Baseline points="1901,1552 1972,1554 2044,1555 2115,1557 2187,1557 2259,1558 2330,1559 2402,1559 2473,1559 2545,1560 2617,1560 2688,1559 2760,1559 2831,1559 2903,1559 2975,1558 3046,1558 3118,1558 3189,1558 3261,1558 3333,1558"/>
                <TextEquiv>
                    <Unicode>bleme der geistigen und praktischen Gegenwartskämpfe anrührt, eine Bernha#</Unicode>
                </TextEquiv>
            </TextLine>
            <TextLine id="r2l15" custom="readingOrder {index:14;}">
                <Coords points="1892,1606 3336,1614 3312,1568 3141,1556 1892,1576"/>
                <Baseline points="1901,1602 1972,1604 2043,1605 2114,1606 2186,1607 2257,1608 2328,1608 2400,1609 2471,1609 2542,1609 2614,1609 2685,1609 2756,1608 2827,1608 2899,1608 2970,1608 3041,1608 3113,1609 3184,1609 3255,1610 3327,1611"/>
                <TextEquiv>
                    <Unicode>Komödie. Wohl, es ist eine Komödie, aber keine Amüsierkomödie lich mi</Unicode>
                </TextEquiv>
            </TextLine>
            <TextLine id="r2l16" custom="readingOrder {index:15;}">
                <Coords points="1891,1657 3338,1681 3338,1615 3178,1598 1891,1614"/>
                <Baseline points="1899,1652 1970,1654 2042,1655 2113,1656 2185,1657 2256,1657 2328,1658 2399,1658 2471,1658 2542,1658 2614,1658 2685,1658 2757,1658 2828,1658 2900,1658 2971,1658 3043,1657 3114,1657 3186,1657 3257,1657 3329,1657"/>
                <TextEquiv>
                    <Unicode>des Theaters, sondern eine von den bitter ernsten Komödien des er so ##</Unicode>
                </TextEquiv>
            </TextLine>
            <TextLine id="r2l17" custom="readingOrder {index:16;}">
                <Coords points="1880,1707 3336,1707 3234,1658 1880,1669"/>
                <Baseline points="1889,1701 1964,1704 2040,1706 2116,1707 2191,1708 2267,1709 2343,1710 2419,1710 2494,1710 2570,1710 2646,1709 2722,1709 2797,1708 2873,1708 2949,1707 3025,1706 3100,1706 3176,1705 3252,1705 3328,1705"/>
                <TextEquiv>
                    <Unicode>Lebens. Sie zeigt, daß heute, wie im Mittelalter, die reinsten Mittelp</Unicode>
                </TextEquiv>
            </TextLine>
            <TextLine id="r2l18" custom="readingOrder {index:17;}">
                <Coords points="1893,1763 3327,1768 3327,1719 3180,1701 1893,1709"/>
                <Baseline points="1901,1753 1971,1753 2042,1754 2113,1755 2184,1755 2255,1755 2326,1756 2396,1756 2467,1756 2538,1756 2609,1756 2680,1756 2751,1755 2822,1755 2892,1755 2963,1755 3034,1755 3105,1755 3176,1755 3247,1755 3318,1755"/>
                <TextEquiv>
                    <Unicode>Herzen, die feinsten Köpfe ohnmächtig sind vor den Unduldsamen, den Stück 3</Unicode>
                </TextEquiv>
            </TextLine>
            <TextLine id="r2l19" custom="readingOrder {index:18;}">
                <Coords points="1888,1811 3316,1804 3181,1750 1888,1764"/>
                <Baseline points="1897,1802 1967,1803 2038,1803 2108,1803 2179,1803 2249,1803 2320,1803 2390,1804 2461,1804 2531,1804 2602,1804 2672,1804 2743,1804 2813,1804 2884,1804 2954,1804 3025,1803 3095,1803 3166,1803 3236,1802 3307,1802"/>
                <TextEquiv>
                    <Unicode>Formengläubigen und ihrem streberischem Anhang, den Geschäfts= seinen</Unicode>
                </TextEquiv>
            </TextLine>
            <TextLine id="r2l20" custom="readingOrder {index:19;}">
                <Coords points="1889,1851 3335,1865 3315,1809 1889,1811"/>
                <Baseline points="1899,1852 1970,1852 2041,1853 2113,1853 2184,1853 2255,1854 2327,1854 2398,1854 2469,1854 2541,1854 2612,1854 2683,1854 2755,1854 2826,1854 2897,1853 2969,1853 3040,1853 3111,1852 3183,1852 3254,1852 3326,1851"/>
                <TextEquiv>
                    <Unicode>politikern. Nur daß die Art, die Ketzer zu verbrennen, mit der Zeit ihnen</Unicode>
                </TextEquiv>
            </TextLine>
            <TextLine id="r2l21" custom="readingOrder {index:20;}">
                <Coords points="1896,1904 3338,1914 3338,1863 3180,1850 1896,1862"/>
                <Baseline points="1906,1896 1977,1898 2048,1900 2119,1902 2190,1903 2261,1903 2332,1904 2403,1904 2474,1904 2545,1903 2617,1903 2688,1903 2759,1902 2830,1902 2901,1901 2972,1901 3043,1901 3114,1901 3185,1901 3256,1902 3328,1903"/>
                <TextEquiv>
                    <Unicode>doch  ein wenig milder geworden ist. Die Scheiterhaufen lohen nicht aber seh</Unicode>
                </TextEquiv>
            </TextLine>
            <TextLine id="r2l22" custom="readingOrder {index:21;}">
                <Coords points="1883,1945 3321,1973 3340,1912 1883,1915"/>
                <Baseline points="1892,1945 1963,1948 2035,1949 2107,1951 2179,1952 2251,1952 2323,1952 2395,1952 2467,1952 2539,1952 2611,1951 2682,1950 2754,1950 2826,1950 2898,1949 2970,1949 3042,1949 3114,1950 3186,1951 3258,1952 3330,1954"/>
                <TextEquiv>
                    <Unicode>mehr zum Himmel, aber dem freien Geiste wird die Betätigung nach bei anz</Unicode>
                </TextEquiv>
            </TextLine>
            <TextLine id="r2l23" custom="readingOrder {index:22;}">
                <Coords points="1884,2020 3337,2005 3337,1968 3133,1951 1884,1959"/>
                <Baseline points="1893,1996 1964,1997 2036,1999 2108,1999 2180,2000 2251,2001 2323,2001 2395,2001 2467,2001 2538,2001 2610,2001 2682,2001 2754,2001 2825,2000 2897,2000 2969,2000 3041,2000 3112,2000 3184,2000 3256,2000 3328,2001"/>
                <TextEquiv>
                    <Unicode>Möglichkeit abgeschnitten und er wird, so sich die Möglichkeit bietet, fechten</Unicode>
                </TextEquiv>
            </TextLine>
            <TextLine id="r2l24" custom="readingOrder {index:23;}">
                <Coords points="1893,2056 3182,2036 3254,2074 3344,1995 1893,2011"/>
                <Baseline points="1902,2043 1973,2045 2045,2047 2116,2048 2188,2049 2260,2050 2331,2050 2403,2050 2475,2050 2546,2050 2618,2049 2690,2049 2761,2048 2833,2048 2905,2048 2976,2047 3048,2048 3120,2048 3191,2049 3263,2050 3335,2051"/>
                <TextEquiv>
                    <Unicode>ein bißchen ins Gefängnis gesteckt. Von Rechtswegen, da das Recht Schicksa</Unicode>
                </TextEquiv>
            </TextLine>
            <TextLine id="r2l25" custom="readingOrder {index:24;}">
                <Coords points="1895,2096 2821,2115 2885,2090 2788,2050 1895,2051"/>
                <Baseline points="1904,2088 1952,2089 2001,2090 2049,2091 2098,2091 2147,2093 2195,2094 2244,2095 2292,2096 2341,2097 2390,2098 2438,2098 2487,2099 2535,2099 2584,2099 2633,2099 2681,2098 2730,2097 2778,2096 2827,2094 2876,2092"/>
                <TextEquiv>
                    <Unicode>immer noch zu den Handlangern der Kirche gehört.</Unicode>
                </TextEquiv>
            </TextLine>
            <TextLine id="r2l26" custom="readingOrder {index:25;}">
                <Coords points="1964,2144 3330,2174 3330,2120 3068,2077 1964,2101"/>
                <Baseline points="1974,2137 2041,2141 2108,2143 2176,2145 2243,2146 2311,2147 2378,2147 2445,2147 2513,2147 2580,2147 2648,2146 2715,2146 2782,2145 2850,2145 2917,2145 2985,2146 3052,2146 3119,2148 3187,2150 3254,2153 3322,2157"/>
                <TextEquiv>
                    <Unicode>Der Professor Bernhardi ist ein ausgezeichneter Arzt und ein Liebesg</Unicode>
                </TextEquiv>
            </TextLine>
            <TextLine id="r2l27" custom="readingOrder {index:26;}">
                <Coords points="1885,2186 3185,2220 3321,2214 3322,2174 1885,2163"/>
                <Baseline points="1894,2186 1968,2189 2043,2191 2118,2193 2192,2194 2267,2194 2342,2195 2416,2195 2491,2195 2566,2194 2640,2194 2715,2194 2790,2194 2864,2195 2939,2195 3014,2196 3088,2198 3163,2200 3238,2204 3313,2208"/>
                <TextEquiv>
                    <Unicode>vortrefflicher Mensch. Aber leider hat er die Torheit begangen; als steht a</Unicode>
                </TextEquiv>
            </TextLine>
            <TextLine id="r2l28" custom="readingOrder {index:27;}">
                <Coords points="1894,2248 3333,2261 3333,2213 3119,2195 1895,2198"/>
                <Baseline points="1904,2240 1975,2240 2046,2240 2117,2240 2188,2241 2259,2241 2330,2241 2401,2242 2472,2242 2543,2242 2614,2243 2685,2243 2756,2244 2827,2245 2898,2245 2969,2246 3040,2247 3111,2248 3182,2249 3253,2250 3324,2251"/>
                <TextEquiv>
                    <Unicode>Jude auf die Welt zu kommen. Ueberdies fühnt er diese Torheis Mater</Unicode>
                </TextEquiv>
            </TextLine>
            <TextLine id="r2l29" custom="readingOrder {index:28;}">
                <Coords points="1901,2306 3325,2304 3325,2265 3126,2248 1902,2257"/>
                <Baseline points="1910,2287 1980,2288 2050,2289 2120,2289 2191,2290 2261,2290 2331,2290 2402,2290 2472,2291 2542,2291 2613,2291 2683,2291 2753,2292 2823,2292 2894,2293 2964,2294 3034,2296 3105,2297 3175,2300 3245,2302 3316,2305"/>
                <TextEquiv>
                    <Unicode>nicht durch Demut und Kriecherei, sondern ist ein Querkopf, der Kunst</Unicode>
                </TextEquiv>
            </TextLine>
            <TextLine id="r2l30" custom="readingOrder {index:29;}">
                <Coords points="1886,2339 3326,2369 3327,2306 3157,2294 1887,2308"/>
                <Baseline points="1896,2338 1967,2339 2038,2340 2109,2340 2180,2341 2251,2341 2322,2341 2393,2341 2464,2341 2535,2341 2607,2341 2678,2341 2749,2341 2820,2341 2891,2342 2962,2343 3033,2345 3104,2346 3175,2348 3246,2351 3318,2354"/>
                <TextEquiv>
                    <Unicode>nicht mit den Mächtigen paktiert, der allemal. ohne Schielen nachlumreiß</Unicode>
                </TextEquiv>
            </TextLine>
            <TextLine id="r2l31" custom="readingOrder {index:30;}">
                <Coords points="1893,2383 3319,2413 3319,2367 3172,2345 1893,2353"/>
                <Baseline points="1902,2384 1972,2385 2042,2386 2113,2387 2183,2387 2254,2388 2324,2388 2394,2388 2465,2389 2535,2389 2606,2389 2676,2390 2746,2390 2817,2391 2887,2391 2958,2392 3028,2393 3098,2394 3169,2396 3239,2398 3310,2399"/>
                <TextEquiv>
                    <Unicode>oben und ins — Zentrum, das tut, was er für richtig und sittlich ein bis</Unicode>
                </TextEquiv>
            </TextLine>
            <TextLine id="r2l32" custom="readingOrder {index:31;}">
                <Coords points="1901,2446 3338,2459 3338,2399 1902,2399"/>
                <Baseline points="1910,2434 1980,2435 2051,2436 2122,2437 2193,2437 2264,2437 2335,2437 2406,2437 2477,2437 2548,2437 2619,2437 2689,2437 2760,2437 2831,2437 2902,2438 2973,2438 3044,2440 3115,2441 3186,2444 3257,2447 3328,2450"/>
                <TextEquiv>
                    <Unicode>hält. Trotz allen diesen „Defekten“ hat ihn seine unbestrittene medil Medizt</Unicode>
                </TextEquiv>
            </TextLine>
            <TextLine id="r2l33" custom="readingOrder {index:32;}">
                <Coords points="1892,2491 3336,2500 3336,2458 3171,2434 1892,2447"/>
                <Baseline points="1902,2481 1973,2484 2044,2485 2115,2486 2186,2487 2258,2488 2329,2488 2400,2488 2471,2488 2542,2488 2614,2487 2685,2487 2756,2487 2827,2487 2898,2488 2970,2488 3041,2489 3112,2491 3183,2493 3254,2496 3326,2499"/>
                <TextEquiv>
                    <Unicode>zinische Tüchtigkeit an die Spitze eines großen privaten Krankene Medizi</Unicode>
                </TextEquiv>
            </TextLine>
            <TextLine id="r2l34" custom="readingOrder {index:33;}">
                <Coords points="1892,2539 3335,2565 3335,2500 3166,2489 1892,2503"/>
                <Baseline points="1900,2530 1971,2533 2042,2535 2114,2536 2185,2537 2256,2538 2328,2538 2399,2538 2470,2537 2542,2537 2613,2536 2684,2536 2756,2536 2827,2536 2898,2536 2970,2536 3041,2537 3112,2539 3184,2540 3255,2543 3327,2547"/>
                <TextEquiv>
                    <Unicode>hauses gestellt. So hat er der Neider unter den lieben Kollege#anderer</Unicode>
                </TextEquiv>
            </TextLine>
            <TextLine id="r2l35" custom="readingOrder {index:34;}">
                <Coords points="1889,2588 3335,2605 3335,2565 3159,2541 1890,2541"/>
                <Baseline points="1898,2577 1969,2580 2040,2583 2112,2584 2183,2585 2254,2585 2326,2586 2397,2586 2468,2585 2540,2585 2611,2585 2682,2584 2754,2584 2825,2584 2896,2584 2968,2585 3039,2586 3110,2588 3182,2591 3253,2594 3325,2598"/>
                <TextEquiv>
                    <Unicode>nicht wenige, und seine rücksichtslose Geradheit macht ihm die Neiderflich zu</Unicode>
                </TextEquiv>
            </TextLine>
            <TextLine id="r2l36" custom="readingOrder {index:35;}">
                <Coords points="1894,2640 3322,2656 3302,2597 3106,2585 1894,2591"/>
                <Baseline points="1904,2630 1974,2631 2044,2632 2115,2633 2185,2634 2256,2634 2326,2634 2397,2634 2467,2633 2538,2633 2608,2633 2678,2633 2749,2633 2819,2633 2890,2633 2960,2634 3031,2635 3101,2637 3172,2639 3242,2641 3313,2645"/>
                <TextEquiv>
                    <Unicode>zu Feinden. Und nun begibt sich eines Tages ein Fall, der diesesziner i</Unicode>
                </TextEquiv>
            </TextLine>
            <TextLine id="r2l37" custom="readingOrder {index:36;}">
                <Coords points="1892,2673 3343,2691 3340,2647 3151,2634 1893,2644"/>
                <Baseline points="1902,2677 1973,2678 2045,2679 2116,2680 2188,2680 2260,2681 2331,2681 2403,2681 2474,2681 2546,2682 2618,2682 2689,2682 2761,2682 2832,2682 2904,2683 2976,2683 3047,2684 3119,2685 3190,2686 3262,2687 3334,2689"/>
                <TextEquiv>
                    <Unicode>Gefindel frohlocken läßt. Ein armes junges Ding liegt sterbend i Schwelc</Unicode>
                </TextEquiv>
            </TextLine>
            <TextLine id="r2l38" custom="readingOrder {index:37;}">
                <Coords points="1891,2736 3332,2767 3333,2702 1891,2675"/>
                <Baseline points="1899,2726 1970,2727 2041,2728 2112,2729 2183,2729 2255,2729 2326,2729 2397,2729 2468,2729 2539,2729 2611,2729 2682,2729 2753,2730 2824,2730 2895,2731 2967,2732 3038,2733 3109,2735 3180,2737 3251,2740 3323,2743"/>
                <TextEquiv>
                    <Unicode>Bernhardis Klinik. Sie hat von ihrem hoffnungslosen Zustand keinssum au</Unicode>
                </TextEquiv>
            </TextLine>
            <TextLine id="r2l39" custom="readingOrder {index:38;}">
                <Coords points="1889,2778 3335,2804 3335,2755 3070,2732 1889,2751"/>
                <Baseline points="1899,2774 1970,2775 2041,2777 2112,2778 2184,2778 2255,2779 2326,2779 2398,2779 2469,2779 2540,2778 2612,2778 2683,2778 2754,2778 2825,2779 2897,2779 2968,2780 3039,2781 3111,2783 3182,2785 3253,2788 3325,2791"/>
                <TextEquiv>
                    <Unicode>Ahnung, meint vielmehr, daß sie bald wieder ins Leben zurückkehren Stückes</Unicode>
                </TextEquiv>
            </TextLine>
            <TextLine id="r2l40" custom="readingOrder {index:39;}">
                <Coords points="1892,2824 3334,2859 3334,2805 3165,2787 1892,2797"/>
                <Baseline points="1902,2822 1973,2823 2044,2825 2115,2826 2186,2826 2257,2826 2328,2826 2400,2826 2471,2826 2542,2826 2613,2826 2684,2826 2755,2826 2826,2827 2898,2827 2969,2828 3040,2830 3111,2832 3182,2834 3253,2838 3325,2842"/>
                <TextEquiv>
                    <Unicode>wird. Von einer glaubensstarken Krankenschwester gerufen, erscheinfgezeicht</Unicode>
                </TextEquiv>
            </TextLine>
            <TextLine id="r2l41" custom="readingOrder {index:40;}">
                <Coords points="1894,2882 3338,2903 3313,2851 3117,2832 1894,2841"/>
                <Baseline points="1903,2874 1974,2875 2045,2876 2116,2877 2188,2877 2259,2877 2330,2877 2402,2876 2473,2876 2544,2876 2616,2875 2687,2875 2758,2875 2829,2875 2901,2876 2972,2877 3043,2878 3115,2880 3186,2882 3257,2885 3329,2889"/>
                <TextEquiv>
                    <Unicode>ein Priester, um der Aermsten den Trost der Religion zu spendemstimmer</Unicode>
                </TextEquiv>
            </TextLine>
            <TextLine id="r2l42" custom="readingOrder {index:41;}">
                <Coords points="1902,2931 3342,2937 3342,2903 3164,2880 1902,2881"/>
                <Baseline points="1910,2921 1981,2924 2052,2925 2123,2926 2194,2927 2265,2927 2336,2927 2408,2926 2479,2926 2550,2926 2621,2925 2692,2925 2763,2925 2834,2925 2906,2925 2977,2926 3048,2927 3119,2929 3190,2932 3261,2935 3333,2939"/>
                <TextEquiv>
                    <Unicode>Bernhardi aber will nicht, daß der Kranken auf solche Weise der Materi#</Unicode>
                </TextEquiv>
            </TextLine>
            <TextLine id="r2l43" custom="readingOrder {index:42;}">
                <Coords points="1889,2971 3329,2984 3160,2934 1889,2938"/>
                <Baseline points="1898,2970 1969,2972 2040,2973 2111,2973 2182,2974 2253,2974 2324,2974 2396,2974 2467,2973 2538,2973 2609,2973 2680,2973 2751,2973 2822,2973 2894,2974 2965,2974 3036,2975 3107,2977 3178,2979 3249,2982 3321,2985"/>
                <TextEquiv>
                    <Unicode>holde Wahn der baldigen Genesung gestört wird und hindert darumsso fein</Unicode>
                </TextEquiv>
            </TextLine>
            <TextLine id="r2l44" custom="readingOrder {index:43;}">
                <Coords points="1898,3035 3163,3021 3332,3058 3333,2979 1898,2990"/>
                <Baseline points="1906,3021 1976,3021 2047,3022 2118,3022 2189,3022 2260,3022 2331,3022 2401,3022 2472,3021 2543,3021 2614,3021 2685,3021 2756,3021 2827,3022 2897,3022 2968,3023 3039,3025 3110,3026 3181,3029 3252,3032 3323,3035"/>
                <TextEquiv>
                    <Unicode>aus menschlicher Güte für die Sterbende, den Priester an der Ausflichkeit</Unicode>
                </TextEquiv>
            </TextLine>
            <TextLine id="r2l45" custom="readingOrder {index:44;}">
                <Coords points="1893,3073 3326,3090 3326,3049 3162,3023 1893,3031"/>
                <Baseline points="1902,3068 1972,3070 2043,3071 2114,3072 2185,3073 2255,3072 2326,3072 2397,3072 2468,3071 2538,3070 2609,3069 2680,3069 2751,3068 2821,3068 2892,3069 2963,3070 3034,3071 3104,3073 3175,3076 3246,3081 3317,3085"/>
                <TextEquiv>
                    <Unicode>übung seines Amtes. „Das bricht ihm den Kragen“ — prophezeittlich sta</Unicode>
                </TextEquiv>
            </TextLine>
            <TextLine id="r2l46" custom="readingOrder {index:45;}">
                <Coords points="1897,3132 3324,3155 3337,3092 1897,3082"/>
                <Baseline points="1906,3116 1977,3117 2048,3118 2119,3119 2190,3119 2261,3119 2332,3118 2403,3117 2474,3117 2545,3116 2616,3115 2687,3115 2758,3115 2829,3115 2900,3115 2971,3117 3042,3118 3113,3121 3184,3125 3255,3129 3327,3134"/>
                <TextEquiv>
                    <Unicode>einer von den jungen Medizinern, die rechtzeitig mit der Macht der Gegens</Unicode>
                </TextEquiv>
            </TextLine>
            <TextLine id="r2l47" custom="readingOrder {index:46;}">
                <Coords points="1896,3175 3057,3170 2987,3120 1896,3134"/>
                <Baseline points="1905,3164 1962,3165 2019,3166 2076,3166 2133,3167 2190,3167 2247,3167 2305,3167 2362,3167 2419,3167 2476,3167 2533,3167 2590,3167 2647,3167 2705,3167 2762,3167 2819,3167 2876,3167 2933,3168 2990,3168 3048,3169"/>
                <TextEquiv>
                    <Unicode>Kirche zu rechnen gelernt haben. Und der Gute behält Recht.</Unicode>
                </TextEquiv>
            </TextLine>
            <TextLine id="r2l48" custom="readingOrder {index:47;}">
                <Coords points="3174,3202 3193,3207 3210,3192 3225,3198 3259,3185 3275,3193 3300,3191 3305,3185 3324,3192 3332,3184 3343,3184 3342,3137 3325,3134 3306,3144 3280,3137 3248,3149 3235,3140 3205,3140 3190,3131 3172,3135"/>
                <Baseline points="3183,3180 3208,3178 3233,3177 3258,3176 3283,3176 3308,3176 3333,3173"/>
                <TextEquiv>
                    <Unicode>lebnisse</Unicode>
                </TextEquiv>
            </TextLine>
            <TextLine id="r2l49" custom="readingOrder {index:48;}">
                <Coords points="1954,3216 3193,3217 3148,3168 1954,3192"/>
                <Baseline points="1963,3218 2024,3217 2085,3217 2146,3217 2207,3217 2268,3217 2329,3217 2390,3217 2451,3218 2512,3218 2573,3218 2634,3219 2695,3219 2756,3219 2817,3219 2878,3219 2939,3218 3000,3217 3061,3216 3122,3215 3183,3213"/>
                <TextEquiv>
                    <Unicode>Die menschliche Gemeinheit offenbart sich aufs herrlichste. Dier</Unicode>
                </TextEquiv>
            </TextLine>
            <TextLine id="r2l50" custom="readingOrder {index:49;}">
                <Coords points="3174,3315 3211,3317 3251,3298 3269,3309 3278,3305 3292,3310 3323,3289 3344,3290 3344,3258 3312,3258 3301,3247 3285,3255 3259,3251 3230,3225 3200,3234 3184,3218 3173,3218"/>
                <Baseline points="3183,3287 3208,3285 3234,3285 3259,3284 3285,3284 3310,3284 3336,3286"/>
                <TextEquiv>
                    <Unicode>unerpr</Unicode>
                </TextEquiv>
            </TextLine>
            <TextLine id="r2l51" custom="readingOrder {index:50;}">
                <Coords points="1965,3301 2844,3313 2844,3273 2698,3229 1966,3257"/>
                <Baseline points="1974,3292 2017,3290 2060,3289 2103,3288 2146,3287 2189,3287 2232,3287 2275,3287 2318,3288 2361,3288 2404,3289 2447,3289 2490,3290 2533,3290 2576,3291 2619,3291 2662,3291 2705,3291 2748,3291 2791,3290 2835,3289"/>
                <TextEquiv>
                    <Unicode>*) Buchausgabe bei S. Fischer, Verlag, Berlin.</Unicode>
                </TextEquiv>
            </TextLine>
            <TextEquiv>
                <Unicode>Ausschnitt ausßyoelauer Mornon Zeit#
7 9
vom:

große M
klerika
Lobetheater.
Kultu
Sonnabend, 7. September. „Professor Bernhardi“.*)
sind när
Komödie von Arthur Schnitzler.
Wille
Der Dichter nennt sein Stück, in dem er mit starker Hand Prozsgot enn
bleme der geistigen und praktischen Gegenwartskämpfe anrührt, eine Bernha#
Komödie. Wohl, es ist eine Komödie, aber keine Amüsierkomödie lich mi
des Theaters, sondern eine von den bitter ernsten Komödien des er so ##
Lebens. Sie zeigt, daß heute, wie im Mittelalter, die reinsten Mittelp
Herzen, die feinsten Köpfe ohnmächtig sind vor den Unduldsamen, den Stück 3
Formengläubigen und ihrem streberischem Anhang, den Geschäfts= seinen
politikern. Nur daß die Art, die Ketzer zu verbrennen, mit der Zeit ihnen
doch  ein wenig milder geworden ist. Die Scheiterhaufen lohen nicht aber seh
mehr zum Himmel, aber dem freien Geiste wird die Betätigung nach bei anz
Möglichkeit abgeschnitten und er wird, so sich die Möglichkeit bietet, fechten
ein bißchen ins Gefängnis gesteckt. Von Rechtswegen, da das Recht Schicksa
immer noch zu den Handlangern der Kirche gehört.
Der Professor Bernhardi ist ein ausgezeichneter Arzt und ein Liebesg
vortrefflicher Mensch. Aber leider hat er die Torheit begangen; als steht a
Jude auf die Welt zu kommen. Ueberdies fühnt er diese Torheis Mater
nicht durch Demut und Kriecherei, sondern ist ein Querkopf, der Kunst
nicht mit den Mächtigen paktiert, der allemal. ohne Schielen nachlumreiß
oben und ins — Zentrum, das tut, was er für richtig und sittlich ein bis
hält. Trotz allen diesen „Defekten“ hat ihn seine unbestrittene medil Medizt
zinische Tüchtigkeit an die Spitze eines großen privaten Krankene Medizi
hauses gestellt. So hat er der Neider unter den lieben Kollege#anderer
nicht wenige, und seine rücksichtslose Geradheit macht ihm die Neiderflich zu
zu Feinden. Und nun begibt sich eines Tages ein Fall, der diesesziner i
Gefindel frohlocken läßt. Ein armes junges Ding liegt sterbend i Schwelc
Bernhardis Klinik. Sie hat von ihrem hoffnungslosen Zustand keinssum au
Ahnung, meint vielmehr, daß sie bald wieder ins Leben zurückkehren Stückes
wird. Von einer glaubensstarken Krankenschwester gerufen, erscheinfgezeicht
ein Priester, um der Aermsten den Trost der Religion zu spendemstimmer
Bernhardi aber will nicht, daß der Kranken auf solche Weise der Materi#
holde Wahn der baldigen Genesung gestört wird und hindert darumsso fein
aus menschlicher Güte für die Sterbende, den Priester an der Ausflichkeit
übung seines Amtes. „Das bricht ihm den Kragen“ — prophezeittlich sta
einer von den jungen Medizinern, die rechtzeitig mit der Macht der Gegens
Kirche zu rechnen gelernt haben. Und der Gute behält Recht.
lebnisse
Die menschliche Gemeinheit offenbart sich aufs herrlichste. Dier
unerpr
*) Buchausgabe bei S. Fischer, Verlag, Berlin.</Unicode>
            </TextEquiv>
        </TextRegion>
    </Page>
</PcGts>
