3344 4320
626 127 779 212 eSS
1544 134 2024 239 box 31/7
186 139 1419 265 25. PrefzenBernhand
2137 1187 2258 1271 1
921 1241 3081 1367 schmäht auch die falsche Sentimentalität nicht, Priester, dem er scheinbar sympathische Züge
82 1237 810 1345 Professor Bernhardi.“
910 1298 3054 1379 mit der er den Wiener markieren möchte, und gegeben hat, läßt er zum Schlusse als Unter¬
903 1330 3059 1438 versucht es jetzt einmal mit Weltanschauung, legenen in beträchtlicher Kläglichkeit abgehen.
264 1330 909 1430 Salzburg, 12 Februar.
910 1377 3055 1494 wobei er eine Anleihe bei Lessing machte, in=Auch sonst läßt Schnitzler es an Deutlichkeit in
87 1395 934 1502 bekannte Wiener Literat Artur
910 1431 3058 1546 dem er seinem „Helden“ jene Züge ins Antlitz der Präzisierung seines Standpunktes nicht
115 1471 926 1557 F hat ein neues Theaterstück ge¬
914 1482 3059 1571 grub, welche seit dem weisen Nathan weltbe= fehlen, und man begreift ganz gut, daß
78 1495 918 1602 ches den Titel führt „Professor
921 1529 1435 1604 kannt geworden sind.
1958 1540 3046 1629 [dieses Stück in Oesterreich ver¬
112 1566 930 1641 ,dessen Aufführung die Zensur in
970 1578 3058 1681 Es war unsere Absicht, dieses Werk Schnitz=lboten ist; denn die Kritik, die es an den
88 1605 910 1687 oten hat. Es ist in diesem Falle
920 1618 3043 1729 lers erst zu besprechen, wenn es, wie ange=innerpolitischen Verhältnissen Wiens und
93 1672 911 1728 wichtig, sondern geradezu notwen¬
921 1677 3052 1775 kündigt worden war, auch hier zum Vortrage Deutschösterreichs übt, ist von nicht mißzuver¬
95 1717 918 1780 ücklich zu betonen, daß der Ver¬
916 1727 2457 1801 gebracht worden wäre; eine feuilletonistische Be=stehender Schärfe.“ —
2475 1755 3054 1824 In liberalen Kreisen
105 1776 3043 1823 de ist, denn sein Judentum spielt sprechung im „Salzburger Volksblatt“ am Münchens begreift man also die Berechti¬
85 1819 3026 1870 ödie eine große Rolle. Selbstver=s11. Februar zwingt uns aber, jetzt schon unsigung des Zensurverbotes, welches das „S. V.“
83 1858 912 1930 it die gesamte Judenpresse diesem
906 1871 1895 1944 mit dem „Professor Bernhardi“ zu befassen.
1957 1890 3045 1973 in seiner bekannten „eleganten Seriösität“, die
89 1906 918 1976 mehr Reklame gemacht, als es be¬
963 1916 3043 2023 Das „S. V.“ kann nicht begreifen, welche „geschmackloseste und vernunftwidrigste Tyran¬
83 1950 916 2022 Wiener Zensurverbot getan hatte, und
909 1945 1964 2041 „Ursache für das Zensurverbot“ in Wien
1961 1963 2828 2059 nei“ nennt, „von der die Welt gehört“.
89 2004 1975 2095 ter Geschäftsmann will Artur vorlag: „sie ist wahrhaftig nicht zu erraten.“
2017 2027 3043 2120 Eine kurze Skizzierung des Inhaltes ent¬
94 2056 3039 2114 sich auf die Reise begeben, um seine! Man wird sich über diese geistige Minderwer=nehmen wir mit guter Absicht dem schon ge¬
103 2114 2920 2164 größeren Städten Oesterreichs vor=tigkeit des „S. V.“ nicht wundern, uns aber nannten liberalen Münchner Blatte,
166 2162 3045 2248 „Neue Freie Presse“ hat mit vielleicht zustimmen, wenn wir das Urteilsso unparteiisch wie nur möglich darüber zu
109 2205 3040 2260 und politischen Artikeln das Stück Richard Branngarts hierhersetzen, wel=berichten: „Der Konfliktsfall ist einfach.
124 2254 913 2307 ihre kleineren Nachbeter in der
896 2269 3034 2349 ches er nach der Erstaufführung im Münchner Dr. Bernhardi, der jüdische Direktor des
99 2298 903 2365 ben für ihren Schnitzler weiter ge¬
904 2307 1403 2371 Schauspielhaus in
1381 2317 3036 2409 der liberalen (!) Elisahethinums, verweigert einem katholi¬
101 2346 901 2416 In Berlin, München usw. wird
903 2359 3034 2413 „Münchner Zeitung“ (Nr. 33 vom 10. Februar)ischen Priester den Zutritt zu einer Sterben¬
86 2367 905 2479 atürlich mit dem gewohnten Presse¬
902 2413 3037 2517 abgab: „Das Unkünstlerische dieses zweck= und den, weil er als Menschenfreund nicht will, daß
74 2443 329 2505 fgeführt.
898 2460 3037 2551 endlosen Streitens verstimmt doch, ebenso wie dem armen Geschöpf, das keine Ahnung von
79 2495 1969 2570 chnitzler hat bisher seine Komödien die offensichtliche Parteilichkeit,
1949 2519 3030 2598 seinem nahen Ende hat, die letzte Stunde seines
86 2543 3030 2644 =Erotische getaucht, er liebte die mit der Schnitzler Juden und Chri=Lebens getrübt werde. Selbstverständlich ent¬
104 2590 3046 2716 d was drum und dran hängt, ver=ssten behandelt. Und auch den katholischen wickelt sich daraus rasch und prompt eine
107 2692 849 2870 ar Gi
538 2821 637 2905 77
