3344 4256
731 162 858 213 S S
979 154 1061 217 B
273 143 1484 253 25. PrO
824 1003 1579 1081 #ue second being especially memorable.
989 1068 1480 1152 Professor Bernhardi.“
870 1108 1613 1213 Before an overflowing and enthusiastie
844 1182 1611 1246 audience, Arthur Schnitzler's comedy in
842 1220 1602 1290 five acts, entitled“ Professor Bernhardi,“
1607 1217 1684 1287 in
846 1257 1604 1324 which is forbidden by the censor in Aus¬
1602 1278 1698 1335 Rei
832 1313 1601 1372 tria, but has scored successes in Germany,
1613 1326 1692 1375 re¬
829 1342 1694 1409 was presented last evening in the Irving] pu
822 1384 1617 1460 Place Theatre for the first time in this
830 1438 1696 1504 country. Its presentation proved a success att
829 1456 1597 1540 here, too. Conceived with particular ref¬
1607 1491 1693 1546 sig
820 1514 1586 1578 erence to conditions in Austria, with
1606 1529 1681 1583 all
828 1555 1673 1635 the prevalence there of the clerical and in
825 1582 1591 1673 antl-Semitie spirit, it illustrates the old
1598 1614 1668 1667 di
827 1627 1666 1709 struggle between liberalism and conserva- of
822 1686 1588 1744 tism, and bears fa- universal message. lt
1600 1698 1667 1749 le
818 1724 1592 1788 depiets the fate of an eminent Hebrew
1594 1744 1656 1799 Ce
833 1758 1595 1842 hysiclan who in the pursuit of his calling
1593 1782 1657 1844 t
833 1812 1607 1873 nwittingly antagonizes the spiritual claims
836 1846 1626 1923 ##the Church, and thereby challenges1
844 1877 1628 1959 Isastrous consequences. The director of
849 1929 1596 1999 famous sapitarium, and the head of its
839 1970 1615 2045 iedical staff, Professor Bernhardi has
825 2023 1572 2078 ist come from the chamber of a dying
816 2047 1626 2140 irl who in happy delirium fancles herself:
815 2093 1572 2161 estored to health and presently to be tak¬
810 2138 1585 2208 en away by her lover, when a priest, called
808 2183 1586 2247 by a subordinate, arrives to offer her the#
807 2231 1576 2286 consolations of religion. Professor Bern¬
800 2264 1577 2343 hardi does not wish his patient disturbed,
799 2302 1579 2374 believing that the interruption might be
799 2333 1585 2419 fatal, and refuses the priest admission.
805 2386 1580 2469 While they are discussing their differences
794 2444 1568 2503 the patient dies. The incident is seized up¬
795 2472 1571 2535 on by the professor’s jealous rivals and
782 2512 1574 2585 brought to the attention of the Government
780 2546 1560 2621 in a false and distorted version, and Bern¬
776 2585 1567 2664 hardi is suspended from his office, tried
780 2619 1551 2694 for heresy, found guilty on perjured testi¬
787 2684 1556 2747 mony, and sent to prison. In the end, when
791 2721 1562 2793 redress is impossible, he is justified by the
785 2776 1559 2834 confession of the false witness. The play is
789 2811 1561 2878 cleverly written and full of vigorous char¬
780 2841 1045 2906 acterization.
806 2886 1556 2957 The actors gave an intelligent rendering
776 2914 1568 3000 of the piece, but Heinrich Marlow would
792 2973 1546 3045 have made a fairer impression as Profes¬
780 3014 1556 3082 sor Bernbardi if his manner had been more
771 3041 1549 3142 dignified. Rudolf Christians excelled both
773 3094 1552 3152 as the priest and as Hofrat Winkler in the
772 3151 1546 3210 last act. Otto Stoeckel made an excellent
770 3180 1547 3247 Minister Flint; and all three were capi¬
772 3228 1554 3302 tally supported by thegremainder of the#
769 3261 1224 3358 east. Eutun
1277 3328 1460 3402 A
787 3317 1316 3426 Deote Artarranse
1625 153 2065 253 box 31/1
2501 198 3062 318 sun dun dten
2556 220 3239 372 All# ab. geechahte
2771 275 3208 382 FAud epeteds
3035 313 3215 390 #at#
2444 366 3181 431 THURSDAT, JANUARY
2434 461 3133 536 SCHNITZLER IN A NEW FORM.
2418 530 3193 604 4 Serious Plag br the Sophistieated)
2548 591 2750 644 Viennese
2445 634 2648 686 The admi
3068 637 3162 692 ing
2410 670 2565 717 Place T
3053 681 3146 722 1 the
2410 707 2489 745 late
3113 742 3150 788 a
2994 3694 3096 3753 in a
2955 3706 3094 3778 heatre-
2892 3764 2962 3804 thro
2978 3768 3096 3810 ghout,
2895 3801 3096 3842 aS 80 ac¬
2818 3822 3099 3870 stage manager
2366 3822 2461 3897 aun
2783 3860 3085 3905 the imitation of
2362 3888 2642 3935 life and action,
2643 3892 3095 3939 as to be photographic in
2358 3921 2593 3963 reproduction
2665 3927 3081 3977 he actual. No actor, it
2362 3953 3089 3996 thus happens, deserves more praise than
2352 3983 3090 4038 his associates. But all the participants
2356 4026 3085 4082 are entitled to highest praise. The play
2344 4057 2869 4112 was uncommonly well acted.
