<?xml version="1.0" encoding="UTF-8" standalone="yes"?>
<PcGts xmlns="http://schema.primaresearch.org/PAGE/gts/pagecontent/2013-07-15" xmlns:xsi="http://www.w3.org/2001/XMLSchema-instance" xsi:schemaLocation="http://schema.primaresearch.org/PAGE/gts/pagecontent/2013-07-15 http://schema.primaresearch.org/PAGE/gts/pagecontent/2013-07-15/pagecontent.xsd">
    <Metadata>
        <Creator>prov=University of Rostock/Institute of Mathematics/CITlab/Gundram Leifert/gundram.leifert@uni-rostock.de:name=ONB_Newseye_GT_M1+(htr_id=10810)::::v=2.4.2
prov=University of Rostock/Institute of Mathematics/CITlab/Tobias Gruening/tobias.gruening@uni-rostock.de:name=de.uros.citlab.module.baseline2polygon.B2PSeamMultiOriented:v=2.4.2
prov=University of Rostock/Institute of Mathematics/CITlab/Tobias Gruening/tobias.gruening@uni-rostock.de:name=/mnt/transkribus/LA/DEA/URO/LA_news_onb_att.pb:de.uros.citlab.segmentation.CITlab_LA_ML:v=2.4.2
Transkribus</Creator>
        <Created>2019-10-07T11:15:23.012+02:00</Created>
        <LastChange>2019-10-08T05:29:39.010+02:00</LastChange>
        <TranskribusMetadata docId="223963" pageId="9498228" pageNr="724" tsid="16503022" status="IN_PROGRESS" userId="40391" imgUrl="https://files.transkribus.eu/Get?id=CAESIHDCNUXEUBVJQQDLPSSR&amp;fileType=view" xmlUrl="https://files.transkribus.eu/Get?id=NDFAULOCCGFGUGWLRYEGASTF" imageId="6188454"/>
    </Metadata>
    <Page imageFilename="223963_0724.jpeg" imageWidth="3392" imageHeight="4352">
        <ReadingOrder>
            <OrderedGroup id="ro_1711442805689" caption="Regions reading order">
                <RegionRefIndexed index="0" regionRef="r1"/>
                <RegionRefIndexed index="1" regionRef="r2"/>
                <RegionRefIndexed index="2" regionRef="r3"/>
                <RegionRefIndexed index="3" regionRef="r4"/>
            </OrderedGroup>
        </ReadingOrder>
        <TextRegion orientation="0.0" id="r1" custom="readingOrder {index:0;}">
            <Coords points="236,2446 236,2597 250,2597 250,2446"/>
            <TextLine id="r1l1" custom="readingOrder {index:0;}">
                <Coords points="226,2554 237,2555 239,2553 246,2560 250,2556 259,2557 264,2506 255,2506 250,2501 246,2503 242,2502 240,2504 231,2503"/>
                <Baseline points="236,2546 250,2547"/>
                <TextEquiv>
                    <Unicode>1</Unicode>
                </TextEquiv>
            </TextLine>
            <TextEquiv>
                <Unicode>1</Unicode>
            </TextEquiv>
        </TextRegion>
        <TextRegion orientation="0.0" id="r2" custom="readingOrder {index:1;}">
            <Coords points="250,3438 250,3590 282,3590 282,3438"/>
            <TextLine id="r2l1" custom="readingOrder {index:0;}">
                <Coords points="241,3549 268,3553 275,3559 289,3560 293,3500 286,3500 276,3493 262,3502 254,3494 245,3493"/>
                <Baseline points="250,3538 282,3540"/>
                <TextEquiv>
                    <Unicode>d</Unicode>
                </TextEquiv>
            </TextLine>
            <TextEquiv>
                <Unicode>d</Unicode>
            </TextEquiv>
        </TextRegion>
        <TextRegion orientation="0.0" id="r3" custom="readingOrder {index:2;}">
            <Coords points="276,1943 276,2093 309,2093 309,1943"/>
            <TextLine id="r3l1" custom="readingOrder {index:0;}">
                <Coords points="268,2053 284,2054 290,2058 306,2056 310,2060 319,2060 319,1992 299,1992 295,1989 284,1991 279,1985 268,1985"/>
                <Baseline points="276,2043 309,2043"/>
                <TextEquiv>
                    <Unicode>en</Unicode>
                </TextEquiv>
            </TextLine>
            <TextEquiv>
                <Unicode>en</Unicode>
            </TextEquiv>
        </TextRegion>
        <TextRegion orientation="0.0" id="r4" custom="readingOrder {index:3;}">
            <Coords points="252,201 252,3563 2717,3563 2717,201"/>
            <TextLine id="r4l1" custom="readingOrder {index:0;}">
                <Coords points="1639,238 1741,256 1760,240 1809,250 1851,227 1929,259 2009,235 2051,250 2097,220 2097,187 2021,171 1975,187 1892,169 1831,194 1684,171 1640,187"/>
                <Baseline points="1648,232 1673,231 1699,231 1725,231 1751,231 1777,231 1803,232 1829,232 1855,233 1880,234 1906,235 1932,235 1958,236 1984,236 2010,236 2036,236 2062,236 2088,235"/>
                <TextEquiv>
                    <Unicode>box 31/6</Unicode>
                </TextEquiv>
            </TextLine>
            <TextLine id="r4l2" custom="readingOrder {index:1;}">
                <Coords points="283,235 614,279 1481,261 1482,172 1444,169 284,195"/>
                <Baseline points="292,225 351,230 410,234 469,237 528,240 587,242 646,244 705,246 764,247 823,247 882,248 941,248 1000,248 1059,248 1118,247 1177,247 1236,247 1295,246 1354,246 1413,246 1473,246"/>
                <TextEquiv>
                    <Unicode>25. ProfessenBernhandi</Unicode>
                </TextEquiv>
            </TextLine>
            <TextLine id="r4l3" custom="readingOrder {index:2;}">
                <Coords points="1256,983 2716,979 2716,941 1256,935"/>
                <Baseline points="1265,983 1337,983 1409,984 1481,984 1553,985 1625,985 1697,985 1770,985 1842,985 1914,985 1986,986 2058,986 2130,986 2202,985 2275,985 2347,985 2419,985 2491,985 2563,985 2635,985 2708,985"/>
                <TextEquiv>
                    <Unicode>ist der ernstere, schwerere und verantwortungsvollere Begriff:</Unicode>
                </TextEquiv>
            </TextLine>
            <TextLine id="r4l4" custom="readingOrder {index:3;}">
                <Coords points="1246,1030 2610,1046 2707,1028 2707,988 1246,1002"/>
                <Baseline points="1256,1025 1328,1025 1400,1026 1472,1026 1544,1027 1616,1028 1688,1028 1760,1029 1832,1029 1904,1030 1977,1031 2049,1031 2121,1031 2193,1032 2265,1032 2337,1032 2409,1032 2481,1032 2553,1031 2625,1031 2698,1030"/>
                <TextEquiv>
                    <Unicode>und was Du Deine Mission nennst, das muß notwendig in Deiner</Unicode>
                </TextEquiv>
            </TextLine>
            <TextLine id="r4l5" custom="readingOrder {index:4;}">
                <Coords points="1256,1073 1308,1088 1421,1071 1498,1087 1629,1079 1669,1096 1713,1077 1778,1081 1779,1037 1491,1032 1429,1049 1371,1030 1256,1033"/>
                <Baseline points="1264,1063 1289,1064 1314,1065 1339,1066 1365,1066 1390,1067 1415,1068 1441,1068 1466,1068 1491,1069 1517,1069 1542,1069 1567,1069 1592,1069 1618,1069 1643,1070 1668,1070 1694,1070 1719,1070 1744,1071 1770,1071"/>
                <TextEquiv>
                    <Unicode>Pflicht enthalten sein:</Unicode>
                </TextEquiv>
            </TextLine>
            <TextLine id="r4l6" custom="readingOrder {index:5;}">
                <Coords points="1828,1090 2030,1075 2264,1102 2324,1075 2517,1075 2688,1100 2726,1085 2726,1034 1828,1050"/>
                <Baseline points="1837,1075 1881,1075 1925,1075 1969,1075 2013,1075 2057,1075 2101,1075 2145,1075 2189,1075 2233,1075 2277,1075 2321,1075 2365,1075 2409,1075 2453,1075 2497,1075 2541,1075 2585,1074 2629,1074 2673,1073 2717,1073"/>
                <TextEquiv>
                    <Unicode>oder Du bist Deiner Mission niemals</Unicode>
                </TextEquiv>
            </TextLine>
            <TextLine id="r4l7" custom="readingOrder {index:6;}">
                <Coords points="1253,1127 1352,1121 1457,1143 1534,1120 1563,1132 1592,1128 1593,1101 1569,1102 1533,1078 1498,1087 1360,1079 1287,1091 1274,1078 1254,1083"/>
                <Baseline points="1262,1113 1288,1114 1315,1115 1342,1116 1369,1117 1396,1117 1423,1117 1449,1117 1476,1117 1503,1118 1530,1118 1557,1118 1584,1119"/>
                <TextEquiv>
                    <Unicode>wertgewesen.</Unicode>
                </TextEquiv>
            </TextLine>
            <TextLine id="r4l8" custom="readingOrder {index:7;}">
                <Coords points="1505,1300 2247,1328 2399,1322 2442,1310 2443,1279 2292,1241 2266,1265 1988,1237 1896,1265 1505,1256"/>
                <Baseline points="1513,1301 1559,1301 1605,1302 1651,1302 1697,1303 1743,1303 1789,1304 1835,1305 1881,1305 1927,1306 1973,1307 2019,1307 2065,1308 2111,1308 2157,1308 2203,1309 2249,1308 2295,1308 2341,1308 2387,1307 2434,1305"/>
                <TextEquiv>
                    <Unicode>Schauspieler-Bekenntnisse.</Unicode>
                </TextEquiv>
            </TextLine>
            <TextLine id="r4l9" custom="readingOrder {index:8;}">
                <Coords points="1259,1379 2713,1397 2675,1325 1260,1332"/>
                <Baseline points="1269,1369 1340,1369 1412,1368 1484,1368 1556,1369 1627,1369 1699,1370 1771,1370 1843,1371 1914,1371 1986,1372 2058,1372 2130,1373 2201,1373 2273,1373 2345,1373 2417,1373 2488,1373 2560,1372 2632,1371 2704,1369"/>
                <TextEquiv>
                    <Unicode>(Aus einem Brief des 17jährigen Adolf Sonnenthal an seine Eltern.)</Unicode>
                </TextEquiv>
            </TextLine>
            <TextLine id="r4l10" custom="readingOrder {index:9;}">
                <Coords points="1388,1455 2717,1450 2601,1386 2349,1424 1612,1386 1524,1430 1388,1417"/>
                <Baseline points="1397,1450 1462,1449 1528,1448 1593,1448 1659,1448 1724,1448 1790,1448 1855,1448 1921,1448 1986,1448 2052,1448 2118,1448 2183,1448 2249,1449 2314,1449 2380,1449 2445,1449 2511,1450 2576,1450 2642,1450 2708,1450"/>
                <TextEquiv>
                    <Unicode>.Gott hat jedem Menschen ein gewisses Etwas in sein</Unicode>
                </TextEquiv>
            </TextLine>
            <TextLine id="r4l11" custom="readingOrder {index:10;}">
                <Coords points="1255,1502 2721,1500 2592,1454 1255,1457"/>
                <Baseline points="1264,1495 1336,1496 1408,1496 1481,1497 1553,1497 1626,1498 1698,1498 1770,1499 1843,1499 1915,1499 1988,1499 2060,1500 2132,1500 2205,1500 2277,1500 2350,1500 2422,1500 2494,1499 2567,1499 2639,1499 2712,1498"/>
                <TextEquiv>
                    <Unicode>Innerstes gepflanzt, welches man Hang nennt, und welcher den</Unicode>
                </TextEquiv>
            </TextLine>
            <TextLine id="r4l12" custom="readingOrder {index:11;}">
                <Coords points="1255,1545 2708,1557 2694,1502 1255,1499"/>
                <Baseline points="1264,1544 1335,1544 1407,1545 1479,1545 1551,1546 1623,1546 1694,1547 1766,1547 1838,1548 1910,1548 1982,1548 2053,1549 2125,1549 2197,1549 2269,1550 2341,1550 2412,1550 2484,1550 2556,1550 2628,1550 2700,1550"/>
                <TextEquiv>
                    <Unicode>Menschen veranlaßt, etwas zu tun oder zu lassen. Er hat ihm</Unicode>
                </TextEquiv>
            </TextLine>
            <TextLine id="r4l13" custom="readingOrder {index:12;}">
                <Coords points="1246,1592 2719,1594 2719,1559 2492,1549 1246,1558"/>
                <Baseline points="1255,1595 1327,1595 1400,1595 1473,1595 1546,1595 1618,1595 1691,1595 1764,1596 1837,1596 1909,1596 1982,1597 2055,1597 2128,1598 2200,1598 2273,1598 2346,1599 2419,1599 2491,1599 2564,1599 2637,1598 2710,1598"/>
                <TextEquiv>
                    <Unicode>auch zugleich die Macht gegeben, diesen Hang zu verfolgen und</Unicode>
                </TextEquiv>
            </TextLine>
            <TextLine id="r4l14" custom="readingOrder {index:13;}">
                <Coords points="1251,1645 2716,1665 2716,1610 2628,1605 1251,1609"/>
                <Baseline points="1261,1643 1333,1643 1405,1644 1477,1644 1550,1644 1622,1644 1694,1645 1767,1645 1839,1645 1911,1645 1984,1646 2056,1646 2128,1646 2200,1646 2273,1646 2345,1646 2417,1646 2490,1646 2562,1646 2634,1646 2707,1646"/>
                <TextEquiv>
                    <Unicode>auch zu meiden. Mir hat der liebe Himmel schon in meiner zarte¬</Unicode>
                </TextEquiv>
            </TextLine>
            <TextLine id="r4l15" custom="readingOrder {index:14;}">
                <Coords points="1245,1704 2719,1695 2591,1653 1245,1659"/>
                <Baseline points="1255,1690 1327,1691 1400,1692 1473,1692 1546,1692 1618,1693 1691,1693 1764,1693 1837,1693 1909,1693 1982,1693 2055,1693 2128,1693 2200,1693 2273,1693 2346,1694 2419,1694 2491,1694 2564,1695 2637,1695 2710,1696"/>
                <TextEquiv>
                    <Unicode>sten Kindheit den Hang zur Schauspielkunst eingegeben, und von</Unicode>
                </TextEquiv>
            </TextLine>
            <TextLine id="r4l16" custom="readingOrder {index:15;}">
                <Coords points="1255,1745 2709,1752 2672,1699 1255,1709"/>
                <Baseline points="1265,1741 1336,1741 1408,1741 1480,1741 1552,1741 1623,1741 1695,1741 1767,1742 1839,1742 1910,1742 1982,1742 2054,1742 2126,1742 2197,1742 2269,1743 2341,1743 2413,1743 2484,1743 2556,1743 2628,1743 2700,1743"/>
                <TextEquiv>
                    <Unicode>meiner frühesten Jugend an verfolgte ich diesen Hang mit einer</Unicode>
                </TextEquiv>
            </TextLine>
            <TextLine id="r4l17" custom="readingOrder {index:16;}">
                <Coords points="1256,1799 2722,1803 2722,1743 1256,1744"/>
                <Baseline points="1265,1789 1337,1789 1409,1790 1482,1790 1554,1790 1626,1790 1699,1790 1771,1790 1843,1790 1916,1790 1988,1790 2060,1791 2133,1791 2205,1791 2277,1791 2350,1791 2422,1792 2494,1792 2567,1793 2639,1793 2712,1794"/>
                <TextEquiv>
                    <Unicode>Leidenschaft, die sich nicht beschreiben läßt. Wie und wann ich</Unicode>
                </TextEquiv>
            </TextLine>
            <TextLine id="r4l18" custom="readingOrder {index:17;}">
                <Coords points="1251,1847 2716,1838 2483,1793 1252,1798"/>
                <Baseline points="1260,1837 1332,1837 1404,1837 1477,1837 1549,1838 1621,1838 1694,1838 1766,1838 1838,1839 1911,1839 1983,1839 2055,1840 2128,1840 2200,1840 2272,1841 2345,1841 2417,1842 2489,1842 2562,1843 2634,1843 2707,1844"/>
                <TextEquiv>
                    <Unicode>nur konnte, besuchte ich das Theater, spielte selbst in einigen</Unicode>
                </TextEquiv>
            </TextLine>
            <TextLine id="r4l19" custom="readingOrder {index:18;}">
                <Coords points="1245,1876 2719,1888 2539,1846 1245,1840"/>
                <Baseline points="1254,1888 1326,1888 1399,1887 1472,1887 1545,1886 1618,1886 1690,1887 1763,1887 1836,1887 1909,1888 1982,1888 2054,1889 2127,1889 2200,1890 2273,1890 2346,1890 2418,1891 2491,1891 2564,1890 2637,1890 2710,1889"/>
                <TextEquiv>
                    <Unicode>Haustheatern mit, und dies, wie auch Sie wohl wissen, mit dem</Unicode>
                </TextEquiv>
            </TextLine>
            <TextLine id="r4l20" custom="readingOrder {index:19;}">
                <Coords points="1252,1941 2614,1959 2713,1952 2713,1888 1252,1906"/>
                <Baseline points="1261,1938 1333,1937 1405,1937 1477,1936 1549,1936 1621,1936 1693,1936 1765,1936 1837,1936 1909,1936 1982,1937 2054,1937 2126,1938 2198,1938 2270,1939 2342,1939 2414,1939 2486,1939 2558,1939 2630,1939 2703,1939"/>
                <TextEquiv>
                    <Unicode>günstigen Erfolg, mit einem Wort, ich weihte mich dem Tempel</Unicode>
                </TextEquiv>
            </TextLine>
            <TextLine id="r4l21" custom="readingOrder {index:20;}">
                <Coords points="427,1948 436,1948 445,1955 453,1949 460,1953 473,1949 484,1958 491,1950 517,1964 527,1953 538,1953 536,1878 526,1879 516,1870 505,1874 496,1870 486,1881 467,1887 425,1879"/>
                <Baseline points="435,1939 466,1940 497,1939 529,1937"/>
                <TextEquiv>
                    <Unicode>ssart</Unicode>
                </TextEquiv>
            </TextLine>
            <TextLine id="r4l22" custom="readingOrder {index:21;}">
                <Coords points="374,1970 385,1971 391,1967 393,1969 408,1958 417,1959 422,1903 413,1902 404,1907 390,1892 381,1892"/>
                <Baseline points="386,1937 410,1939"/>
                <TextEquiv>
                    <Unicode>zre</Unicode>
                </TextEquiv>
            </TextLine>
            <TextLine id="r4l23" custom="readingOrder {index:22;}">
                <Coords points="1255,1984 2679,2002 2709,1946 1255,1950"/>
                <Baseline points="1265,1984 1336,1984 1408,1985 1480,1985 1552,1985 1623,1985 1695,1985 1767,1986 1839,1986 1910,1986 1982,1986 2054,1986 2126,1987 2197,1987 2269,1987 2341,1987 2413,1988 2484,1988 2556,1989 2628,1989 2700,1990"/>
                <TextEquiv>
                    <Unicode>Thalias von ganzer Seele, denn eine innere Stimme sagte mir,</Unicode>
                </TextEquiv>
            </TextLine>
            <TextLine id="r4l24" custom="readingOrder {index:23;}">
                <Coords points="1255,2037 2577,2051 2721,1999 1255,2005"/>
                <Baseline points="1263,2033 1335,2033 1407,2034 1480,2034 1552,2034 1625,2034 1697,2034 1770,2034 1842,2034 1915,2034 1987,2033 2059,2033 2132,2033 2204,2033 2277,2033 2349,2033 2422,2034 2494,2034 2567,2035 2639,2036 2712,2038"/>
                <TextEquiv>
                    <Unicode>ich würde glücklich werden, da Gott diesen Hang in mein Innerstes</Unicode>
                </TextEquiv>
            </TextLine>
            <TextLine id="r4l25" custom="readingOrder {index:24;}">
                <Coords points="459,2050 498,2048 518,2059 550,2048 565,2056 576,2047 610,2058 700,2054 700,2018 683,2021 632,2003 616,2010 591,1998 549,2014 527,2012 481,1986 459,1985"/>
                <Baseline points="468,2044 495,2044 523,2043 551,2043 579,2043 606,2044 634,2044 662,2044 690,2044"/>
                <TextEquiv>
                    <Unicode>bleiben.</Unicode>
                </TextEquiv>
            </TextLine>
            <TextLine id="r4l26" custom="readingOrder {index:25;}">
                <Coords points="1639,2088 2717,2087 2651,2043 1639,2046"/>
                <Baseline points="1647,2080 1700,2081 1753,2081 1806,2082 1859,2082 1912,2082 1965,2083 2018,2083 2071,2083 2124,2084 2177,2084 2230,2084 2283,2085 2336,2085 2389,2085 2442,2085 2495,2085 2548,2085 2601,2085 2654,2085 2708,2085"/>
                <TextEquiv>
                    <Unicode>— Nun rückte die Zeit heran, wo Sie mich fragten.</Unicode>
                </TextEquiv>
            </TextLine>
            <TextLine id="r4l27" custom="readingOrder {index:26;}">
                <Coords points="1245,2092 1333,2097 1340,2089 1426,2089 1457,2093 1473,2105 1504,2087 1504,2049 1460,2040 1426,2051 1349,2037 1304,2053 1285,2042 1265,2063 1245,2066"/>
                <Baseline points="1255,2084 1281,2085 1308,2085 1335,2085 1361,2085 1388,2085 1415,2085 1441,2084 1468,2084 1495,2083"/>
                <TextEquiv>
                    <Unicode>gepflanzt!</Unicode>
                </TextEquiv>
            </TextLine>
            <TextLine id="r4l28" custom="readingOrder {index:27;}">
                <Coords points="520,2104 536,2104 572,2087 622,2105 647,2099 665,2106 685,2099 700,2102 700,2060 674,2062 663,2053 647,2061 628,2052 590,2056 581,2063 556,2049 519,2053"/>
                <Baseline points="529,2089 556,2089 583,2088 610,2088 637,2088 664,2088 691,2087"/>
                <TextEquiv>
                    <Unicode>rk seine</Unicode>
                </TextEquiv>
            </TextLine>
            <TextLine id="r4l29" custom="readingOrder {index:28;}">
                <Coords points="1249,2140 2714,2141 2554,2090 1249,2097"/>
                <Baseline points="1259,2131 1331,2131 1403,2131 1475,2131 1548,2131 1620,2131 1692,2131 1764,2131 1837,2131 1909,2131 1981,2131 2053,2131 2126,2131 2198,2131 2270,2131 2342,2132 2415,2132 2487,2132 2559,2133 2631,2134 2704,2135"/>
                <TextEquiv>
                    <Unicode>was ich werden möchte. Ich antwortete eines Tages „Schau¬</Unicode>
                </TextEquiv>
            </TextLine>
            <TextLine id="r4l30" custom="readingOrder {index:29;}">
                <Coords points="488,2147 517,2157 541,2141 577,2143 593,2153 631,2146 640,2156 662,2147 682,2154 701,2149 701,2106 616,2106 572,2087 532,2108 488,2102"/>
                <Baseline points="497,2136 524,2135 552,2136 580,2136 608,2137 636,2137 664,2138 692,2139"/>
                <TextEquiv>
                    <Unicode>es Wesen</Unicode>
                </TextEquiv>
            </TextLine>
            <TextLine id="r4l31" custom="readingOrder {index:30;}">
                <Coords points="1252,2184 1396,2192 1441,2159 1489,2188 1607,2199 1984,2189 1984,2149 1842,2135 1746,2166 1653,2133 1569,2154 1472,2130 1252,2151"/>
                <Baseline points="1262,2181 1297,2180 1333,2180 1369,2179 1404,2179 1440,2179 1476,2179 1511,2179 1547,2179 1583,2179 1619,2179 1654,2179 1690,2179 1726,2179 1761,2179 1797,2179 1833,2179 1868,2178 1904,2178 1940,2177 1976,2177"/>
                <TextEquiv>
                    <Unicode>spieler“ Sie lachten, und ich -</Unicode>
                </TextEquiv>
            </TextLine>
            <TextLine id="r4l32" custom="readingOrder {index:31;}">
                <Coords points="2091,2186 2128,2196 2199,2179 2217,2198 2243,2187 2259,2198 2290,2187 2374,2195 2374,2147 2354,2142 2336,2151 2314,2138 2301,2151 2292,2143 2252,2150 2205,2136 2179,2154 2159,2141 2092,2146"/>
                <Baseline points="2101,2179 2127,2179 2153,2180 2180,2181 2206,2181 2233,2181 2259,2181 2285,2181 2312,2181 2338,2180 2365,2179"/>
                <TextEquiv>
                    <Unicode>ich weinte!</Unicode>
                </TextEquiv>
            </TextLine>
            <TextLine id="r4l33" custom="readingOrder {index:32;}">
                <Coords points="2411,2182 2433,2192 2482,2173 2516,2194 2535,2185 2578,2196 2608,2184 2647,2196 2671,2185 2711,2186 2712,2152 2685,2162 2671,2147 2621,2142 2601,2151 2574,2137 2548,2149 2511,2132 2476,2149 2459,2142 2437,2159 2412,2153"/>
                <Baseline points="2420,2176 2445,2178 2471,2180 2496,2182 2522,2183 2548,2184 2573,2184 2599,2185 2625,2185 2650,2185 2676,2184 2702,2183"/>
                <TextEquiv>
                    <Unicode>— Nun be¬</Unicode>
                </TextEquiv>
            </TextLine>
            <TextLine id="r4l34" custom="readingOrder {index:33;}">
                <Coords points="1244,2241 2546,2248 2707,2199 1244,2192"/>
                <Baseline points="1254,2227 1326,2228 1398,2229 1470,2230 1542,2230 1614,2230 1686,2230 1759,2230 1831,2230 1903,2230 1975,2230 2047,2230 2119,2230 2191,2230 2264,2230 2336,2230 2408,2231 2480,2231 2552,2232 2624,2233 2697,2234"/>
                <TextEquiv>
                    <Unicode>schlossen Sie, ich sollte ein Handwerk lernen. O wie brach mir</Unicode>
                </TextEquiv>
            </TextLine>
            <TextLine id="r4l35" custom="readingOrder {index:34;}">
                <Coords points="519,2241 575,2248 617,2238 626,2245 642,2240 657,2249 681,2235 699,2245 700,2196 682,2193 660,2177 629,2201 602,2186 549,2200 520,2192"/>
                <Baseline points="527,2234 554,2233 581,2234 608,2235 635,2236 662,2236 690,2235"/>
                <TextEquiv>
                    <Unicode>dle übel¬</Unicode>
                </TextEquiv>
            </TextLine>
            <TextLine id="r4l36" custom="readingOrder {index:35;}">
                <Coords points="395,2250 404,2251 408,2247 416,2245 419,2245 422,2249 424,2247 433,2248 441,2180 432,2179 426,2182 412,2173 403,2172"/>
                <Baseline points="406,2233 426,2235"/>
                <TextEquiv>
                    <Unicode>11</Unicode>
                </TextEquiv>
            </TextLine>
            <TextLine id="r4l37" custom="readingOrder {index:36;}">
                <Coords points="413,2283 495,2292 511,2281 598,2284 615,2294 662,2282 702,2293 702,2244 680,2235 642,2250 613,2241 560,2250 516,2237 467,2250 455,2241 413,2243"/>
                <Baseline points="421,2278 448,2279 475,2279 502,2278 529,2278 557,2278 584,2277 611,2277 638,2278 665,2278 693,2280"/>
                <TextEquiv>
                    <Unicode>angeborenen.</Unicode>
                </TextEquiv>
            </TextLine>
            <TextLine id="r4l38" custom="readingOrder {index:37;}">
                <Coords points="1243,2273 2716,2288 2678,2235 1243,2242"/>
                <Baseline points="1252,2278 1324,2278 1397,2278 1470,2278 1543,2278 1616,2278 1688,2278 1761,2278 1834,2278 1907,2278 1980,2279 2052,2279 2125,2279 2198,2279 2271,2280 2344,2280 2416,2280 2489,2281 2562,2281 2635,2282 2708,2282"/>
                <TextEquiv>
                    <Unicode>das Herz bei dem Giedanken, alle meine Hoffnungen auf einmal</Unicode>
                </TextEquiv>
            </TextLine>
            <TextLine id="r4l39" custom="readingOrder {index:38;}">
                <Coords points="436,2330 466,2333 482,2324 498,2335 522,2335 564,2323 648,2337 659,2327 708,2323 707,2303 682,2304 649,2286 616,2293 602,2286 594,2294 585,2285 534,2278 496,2293 487,2286 436,2292"/>
                <Baseline points="446,2324 471,2323 496,2323 521,2322 547,2322 572,2321 597,2321 623,2321 648,2321 673,2321 699,2321"/>
                <TextEquiv>
                    <Unicode>und Besser¬</Unicode>
                </TextEquiv>
            </TextLine>
            <TextLine id="r4l40" custom="readingOrder {index:39;}">
                <Coords points="1247,2342 2650,2341 2712,2305 1247,2309"/>
                <Baseline points="1256,2329 1328,2329 1400,2328 1473,2328 1545,2327 1617,2327 1690,2327 1762,2327 1834,2327 1907,2327 1979,2328 2051,2328 2124,2328 2196,2329 2268,2329 2341,2330 2413,2330 2485,2330 2558,2331 2630,2331 2703,2332"/>
                <TextEquiv>
                    <Unicode>gescheitert zu sehen, diesem unwillkürlichen Hange, den ich so</Unicode>
                </TextEquiv>
            </TextLine>
            <TextLine id="r4l41" custom="readingOrder {index:40;}">
                <Coords points="354,2372 516,2379 539,2364 603,2380 663,2368 713,2388 712,2351 628,2329 353,2332"/>
                <Baseline points="363,2365 389,2366 415,2367 441,2367 467,2367 494,2367 520,2366 546,2366 572,2364 599,2364 625,2363 651,2363 677,2363 704,2364"/>
                <TextEquiv>
                    <Unicode>als der Ueber¬</Unicode>
                </TextEquiv>
            </TextLine>
            <TextLine id="r4l42" custom="readingOrder {index:41;}">
                <Coords points="1244,2381 2673,2392 2716,2343 1244,2355"/>
                <Baseline points="1253,2378 1325,2377 1398,2376 1470,2375 1543,2375 1616,2374 1688,2374 1761,2374 1834,2374 1906,2374 1979,2375 2052,2375 2124,2376 2197,2376 2270,2377 2342,2377 2415,2378 2488,2379 2560,2379 2633,2380 2706,2381"/>
                <TextEquiv>
                    <Unicode>lange mit so vieler Sorgfalt in meinem Geiste genährt, plötzlich</Unicode>
                </TextEquiv>
            </TextLine>
            <TextLine id="r4l43" custom="readingOrder {index:42;}">
                <Coords points="417,2422 442,2411 473,2423 499,2414 531,2421 571,2401 590,2417 646,2415 674,2426 695,2411 714,2413 713,2384 666,2369 650,2382 622,2371 606,2382 560,2377 540,2364 504,2381 416,2371"/>
                <Baseline points="425,2410 450,2411 475,2412 501,2412 526,2412 551,2411 577,2411 602,2410 627,2410 653,2410 678,2410 704,2411"/>
                <TextEquiv>
                    <Unicode>eit sein wird.</Unicode>
                </TextEquiv>
            </TextLine>
            <TextLine id="r4l44" custom="readingOrder {index:43;}">
                <Coords points="1255,2424 2712,2433 2610,2384 1255,2382"/>
                <Baseline points="1265,2422 1340,2423 1416,2424 1492,2424 1567,2424 1643,2424 1719,2424 1795,2424 1870,2424 1946,2424 2022,2424 2098,2424 2173,2424 2249,2424 2325,2424 2401,2425 2476,2426 2552,2427 2628,2428 2704,2430"/>
                <TextEquiv>
                    <Unicode>weichen zu müssen, die goldenen Luftschlösser, die ich gebaut,</Unicode>
                </TextEquiv>
            </TextLine>
            <TextLine id="r4l45" custom="readingOrder {index:44;}">
                <Coords points="361,2460 370,2460 378,2463 383,2457 388,2463 396,2460 400,2456 412,2457 414,2428 403,2427 399,2423 396,2425 382,2412 363,2413"/>
                <Baseline points="370,2450 404,2451"/>
                <TextEquiv>
                    <Unicode>IS</Unicode>
                </TextEquiv>
            </TextLine>
            <TextLine id="r4l46" custom="readingOrder {index:45;}">
                <Coords points="427,2467 471,2477 495,2461 518,2468 529,2461 574,2486 615,2463 665,2481 715,2473 717,2408 676,2427 607,2412 565,2427 429,2414"/>
                <Baseline points="436,2451 463,2453 490,2455 517,2455 544,2456 571,2456 598,2457 625,2457 652,2458 679,2460 706,2461"/>
                <TextEquiv>
                    <Unicode>dessen Güte</Unicode>
                </TextEquiv>
            </TextLine>
            <TextLine id="r4l47" custom="readingOrder {index:46;}">
                <Coords points="1243,2476 2642,2492 2700,2443 1243,2445"/>
                <Baseline points="1252,2473 1327,2473 1403,2473 1479,2473 1554,2473 1630,2473 1706,2473 1782,2473 1857,2473 1933,2473 2009,2473 2085,2473 2160,2473 2236,2473 2312,2474 2388,2474 2463,2474 2539,2474 2615,2474 2691,2475"/>
                <TextEquiv>
                    <Unicode>den Beifall, den ich schon in Gedanken erntete, mit einem Schlage</Unicode>
                </TextEquiv>
            </TextLine>
            <TextLine id="r4l48" custom="readingOrder {index:47;}">
                <Coords points="1244,2506 2701,2530 2701,2481 1244,2492"/>
                <Baseline points="1253,2522 1324,2521 1396,2521 1468,2521 1540,2521 1612,2521 1684,2521 1756,2521 1828,2521 1900,2521 1972,2522 2043,2522 2115,2522 2187,2522 2259,2522 2331,2522 2403,2522 2475,2523 2547,2523 2619,2523 2691,2523"/>
                <TextEquiv>
                    <Unicode>vernichtet zu sehen; allein ich dachte mir, es ist Gottes und meiner</Unicode>
                </TextEquiv>
            </TextLine>
            <TextLine id="r4l49" custom="readingOrder {index:48;}">
                <Coords points="465,2563 525,2573 537,2566 590,2568 599,2559 638,2570 649,2561 699,2569 700,2498 680,2503 662,2492 638,2516 620,2510 598,2524 558,2509 536,2527 490,2525 476,2512 465,2514"/>
                <Baseline points="474,2549 501,2551 528,2551 555,2551 582,2551 609,2551 636,2551 663,2552 690,2553"/>
                <TextEquiv>
                    <Unicode>enschaften</Unicode>
                </TextEquiv>
            </TextLine>
            <TextLine id="r4l50" custom="readingOrder {index:49;}">
                <Coords points="1253,2574 2715,2570 2606,2530 1253,2532"/>
                <Baseline points="1262,2572 1334,2572 1406,2571 1478,2571 1550,2571 1623,2571 1695,2571 1767,2571 1839,2571 1911,2572 1984,2572 2056,2572 2128,2572 2200,2572 2272,2572 2345,2572 2417,2572 2489,2572 2561,2571 2633,2571 2706,2570"/>
                <TextEquiv>
                    <Unicode>teuren Eltern Wille, und ich ergab mich in mein Geschick. Nun</Unicode>
                </TextEquiv>
            </TextLine>
            <TextLine id="r4l51" custom="readingOrder {index:50;}">
                <Coords points="505,2611 517,2616 530,2603 571,2601 581,2610 614,2604 634,2618 647,2607 658,2615 679,2612 691,2601 704,2602 705,2567 675,2568 661,2560 641,2569 614,2568 599,2560 592,2567 555,2568 535,2580 524,2570 506,2568"/>
                <Baseline points="514,2595 539,2596 565,2597 591,2598 617,2598 643,2599 669,2600 695,2602"/>
                <TextEquiv>
                    <Unicode>1 seinen</Unicode>
                </TextEquiv>
            </TextLine>
            <TextLine id="r4l52" custom="readingOrder {index:51;}">
                <Coords points="1249,2619 2621,2636 2703,2579 1249,2592"/>
                <Baseline points="1258,2620 1329,2620 1401,2620 1473,2620 1545,2620 1617,2619 1688,2619 1760,2619 1832,2619 1904,2619 1976,2619 2047,2619 2119,2619 2191,2619 2263,2619 2335,2619 2406,2619 2478,2618 2550,2618 2622,2618 2694,2618"/>
                <TextEquiv>
                    <Unicode>schlug ich Ihnen vor, ich möchte, um mich doch wenigstens einer</Unicode>
                </TextEquiv>
            </TextLine>
            <TextLine id="r4l53" custom="readingOrder {index:52;}">
                <Coords points="1243,2669 2706,2667 2560,2627 1243,2627"/>
                <Baseline points="1252,2670 1324,2670 1396,2669 1468,2669 1540,2669 1613,2669 1685,2669 1757,2669 1829,2669 1901,2669 1974,2669 2046,2669 2118,2669 2190,2669 2262,2669 2335,2669 2407,2669 2479,2670 2551,2670 2623,2670 2696,2670"/>
                <TextEquiv>
                    <Unicode>Kunst zu widmen, ein Lithograph werden; Sie wendeten mir</Unicode>
                </TextEquiv>
            </TextLine>
            <TextLine id="r4l54" custom="readingOrder {index:53;}">
                <Coords points="1244,2722 2658,2733 2709,2679 1244,2683"/>
                <Baseline points="1253,2719 1325,2719 1397,2719 1470,2719 1542,2718 1614,2718 1687,2718 1759,2718 1831,2717 1904,2717 1976,2717 2048,2716 2121,2716 2193,2716 2265,2716 2338,2717 2410,2717 2482,2717 2555,2718 2627,2719 2700,2721"/>
                <TextEquiv>
                    <Unicode>dagegen ein, daß ein Lithograph nicht immer Arbeit habe, während¬</Unicode>
                </TextEquiv>
            </TextLine>
            <TextLine id="r4l55" custom="readingOrder {index:54;}">
                <Coords points="369,2767 424,2762 449,2774 500,2760 527,2777 540,2767 617,2764 700,2779 701,2733 628,2734 592,2707 534,2708 493,2726 444,2723 370,2700"/>
                <Baseline points="379,2754 405,2755 431,2756 457,2757 483,2758 509,2758 535,2759 561,2759 587,2759 613,2760 639,2760 665,2760 692,2761"/>
                <TextEquiv>
                    <Unicode>reitete Erkran¬</Unicode>
                </TextEquiv>
            </TextLine>
            <TextLine id="r4l56" custom="readingOrder {index:55;}">
                <Coords points="1250,2761 2709,2778 2709,2742 2518,2720 1250,2730"/>
                <Baseline points="1259,2766 1331,2766 1403,2766 1475,2766 1547,2766 1619,2766 1691,2766 1763,2766 1835,2766 1907,2766 1979,2765 2051,2765 2123,2766 2195,2766 2267,2766 2339,2766 2411,2766 2483,2766 2555,2766 2627,2767 2700,2767"/>
                <TextEquiv>
                    <Unicode>dem ein Schneider oder Schuster immer und überall hinlängliche</Unicode>
                </TextEquiv>
            </TextLine>
            <TextLine id="r4l57" custom="readingOrder {index:56;}">
                <Coords points="415,2809 427,2810 433,2813 438,2810 440,2812 449,2813 454,2777 444,2776 438,2771 419,2771"/>
                <Baseline points="424,2801 442,2803"/>
                <TextEquiv>
                    <Unicode>1</Unicode>
                </TextEquiv>
            </TextLine>
            <TextLine id="r4l58" custom="readingOrder {index:57;}">
                <Coords points="459,2812 521,2810 538,2820 561,2804 603,2824 620,2813 638,2820 711,2800 711,2780 678,2785 634,2765 618,2775 592,2767 523,2775 503,2762 476,2773 459,2768"/>
                <Baseline points="468,2804 494,2805 520,2806 546,2806 572,2806 598,2806 624,2805 650,2805 676,2804 702,2804"/>
                <TextEquiv>
                    <Unicode>oder ende¬</Unicode>
                </TextEquiv>
            </TextLine>
            <TextLine id="r4l59" custom="readingOrder {index:58;}">
                <Coords points="1246,2805 2710,2817 2710,2779 2612,2771 1246,2778"/>
                <Baseline points="1255,2813 1327,2814 1399,2814 1471,2815 1544,2815 1616,2815 1688,2814 1761,2814 1833,2814 1905,2814 1978,2813 2050,2813 2122,2813 2194,2813 2267,2813 2339,2813 2411,2814 2484,2815 2556,2815 2628,2816 2701,2818"/>
                <TextEquiv>
                    <Unicode>Beschäftigung hat. Es blieb nun bei Ihrem Willen. Ich mußte</Unicode>
                </TextEquiv>
            </TextLine>
            <TextLine id="r4l60" custom="readingOrder {index:59;}">
                <Coords points="545,2863 558,2859 587,2868 616,2854 640,2870 660,2855 667,2861 713,2864 712,2826 698,2829 674,2809 639,2819 625,2810 601,2825 585,2810 581,2814 559,2803 545,2807"/>
                <Baseline points="554,2852 579,2853 604,2853 629,2853 654,2852 679,2852 704,2852"/>
                <TextEquiv>
                    <Unicode>B. mit</Unicode>
                </TextEquiv>
            </TextLine>
            <TextLine id="r4l61" custom="readingOrder {index:60;}">
                <Coords points="1252,2863 2704,2880 2682,2825 1253,2828"/>
                <Baseline points="1261,2865 1332,2864 1404,2862 1475,2862 1547,2861 1619,2860 1690,2860 1762,2860 1834,2860 1905,2860 1977,2860 2049,2861 2120,2861 2192,2862 2264,2862 2335,2863 2407,2864 2479,2865 2550,2866 2622,2866 2694,2867"/>
                <TextEquiv>
                    <Unicode>Schneider werden! — Ein Gott weiß, wie viele Tränen ich anfangs</Unicode>
                </TextEquiv>
            </TextLine>
            <TextLine id="r4l62" custom="readingOrder {index:61;}">
                <Coords points="529,2905 580,2904 589,2911 622,2901 627,2907 658,2902 671,2908 691,2896 713,2898 712,2868 690,2869 677,2860 641,2870 619,2858 595,2860 588,2867 570,2862 550,2868 528,2865"/>
                <Baseline points="537,2899 564,2900 592,2900 620,2899 647,2898 675,2897 703,2897"/>
                <TextEquiv>
                    <Unicode>enschen</Unicode>
                </TextEquiv>
            </TextLine>
            <TextLine id="r4l63" custom="readingOrder {index:62;}">
                <Coords points="1253,2913 2708,2917 2708,2877 2584,2869 1253,2862"/>
                <Baseline points="1261,2912 1332,2912 1404,2912 1476,2912 1548,2911 1620,2911 1692,2911 1763,2911 1835,2911 1907,2912 1979,2912 2051,2912 2123,2913 2195,2913 2266,2913 2338,2914 2410,2915 2482,2915 2554,2916 2626,2917 2698,2918"/>
                <TextEquiv>
                    <Unicode>darüber vergoß, mich auf einmal von dem Gipfel des Glücks in</Unicode>
                </TextEquiv>
            </TextLine>
            <TextLine id="r4l64" custom="readingOrder {index:63;}">
                <Coords points="492,2942 514,2945 533,2960 547,2949 573,2958 593,2949 631,2956 640,2949 700,2942 700,2909 676,2912 664,2903 649,2909 633,2903 616,2914 542,2909 534,2901 514,2911 492,2909"/>
                <Baseline points="501,2944 528,2942 555,2941 582,2941 609,2941 636,2941 663,2942 691,2944"/>
                <TextEquiv>
                    <Unicode>begreif¬</Unicode>
                </TextEquiv>
            </TextLine>
            <TextLine id="r4l65" custom="readingOrder {index:64;}">
                <Coords points="1242,2968 2592,2964 2524,2919 2226,2911 1242,2936"/>
                <Baseline points="1252,2961 1318,2961 1385,2961 1451,2961 1518,2961 1584,2960 1651,2960 1717,2960 1784,2960 1850,2960 1917,2960 1984,2960 2050,2960 2117,2960 2183,2960 2250,2961 2316,2961 2383,2962 2449,2962 2516,2963 2583,2964"/>
                <TextEquiv>
                    <Unicode>den tiefsten Abgrund des Unglücks geschleudert zu sehen! —</Unicode>
                </TextEquiv>
            </TextLine>
            <TextLine id="r4l66" custom="readingOrder {index:65;}">
                <Coords points="274,2996 285,2996 291,2993 302,2996 306,2992 318,2995 324,2991 333,2992 336,2945 325,2944 311,2954 308,2950 304,2950 300,2954 297,2951 293,2955 277,2952"/>
                <Baseline points="284,2979 324,2981"/>
                <TextEquiv>
                    <Unicode>S d</Unicode>
                </TextEquiv>
            </TextLine>
            <TextLine id="r4l67" custom="readingOrder {index:66;}">
                <Coords points="474,2994 501,2987 572,2999 640,2992 669,3002 711,2987 711,2962 691,2967 646,2948 631,2957 565,2957 545,2949 531,2958 516,2949 474,2950"/>
                <Baseline points="484,2985 511,2987 538,2987 565,2988 593,2988 620,2988 647,2988 674,2988 702,2989"/>
                <TextEquiv>
                    <Unicode>s mensch¬</Unicode>
                </TextEquiv>
            </TextLine>
            <TextLine id="r4l68" custom="readingOrder {index:67;}">
                <Coords points="1252,3009 2710,3007 2614,2967 1252,2974"/>
                <Baseline points="1261,3011 1333,3010 1405,3009 1477,3008 1549,3008 1621,3007 1693,3007 1765,3007 1837,3007 1909,3008 1981,3008 2053,3008 2125,3009 2197,3009 2269,3010 2341,3011 2413,3011 2485,3012 2557,3012 2629,3012 2702,3013"/>
                <TextEquiv>
                    <Unicode>Und wenn Sie, teuerster Vater, sich in meine Lage hineindenken</Unicode>
                </TextEquiv>
            </TextLine>
            <TextLine id="r4l69" custom="readingOrder {index:68;}">
                <Coords points="362,3033 373,3036 377,3032 388,3033 391,3037 408,3034 409,3036 418,3037 421,2995 410,2994 406,2990 396,2990 390,2984 373,2992 364,2991"/>
                <Baseline points="372,3026 410,3028"/>
                <TextEquiv>
                    <Unicode>uft</Unicode>
                </TextEquiv>
            </TextLine>
            <TextLine id="r4l70" custom="readingOrder {index:69;}">
                <Coords points="488,3036 506,3038 515,3031 546,3044 583,3041 604,3050 623,3037 648,3045 701,3022 701,3007 688,3003 679,3009 639,2992 576,3001 567,2993 534,2989 488,3000"/>
                <Baseline points="497,3030 524,3029 552,3028 580,3028 608,3029 636,3029 664,3030 692,3031"/>
                <TextEquiv>
                    <Unicode>r Snobis¬</Unicode>
                </TextEquiv>
            </TextLine>
            <TextLine id="r4l71" custom="readingOrder {index:70;}">
                <Coords points="424,3038 448,3038 463,3043 483,3041 483,2950 468,2949 464,2952 455,2947 448,2954 424,2956"/>
                <Baseline points="434,3030 474,3030"/>
                <TextEquiv>
                    <Unicode>10</Unicode>
                </TextEquiv>
            </TextLine>
            <TextLine id="r4l72" custom="readingOrder {index:71;}">
                <Coords points="1240,3064 2704,3065 2657,3016 1240,3015"/>
                <Baseline points="1249,3060 1321,3060 1393,3059 1466,3059 1538,3059 1610,3058 1683,3058 1755,3058 1827,3057 1900,3057 1972,3057 2044,3057 2117,3057 2189,3057 2261,3058 2334,3058 2406,3058 2478,3059 2551,3060 2623,3062 2696,3063"/>
                <TextEquiv>
                    <Unicode>können, wenn man sich seinem langersehnten Ziele so nahe weiß,</Unicode>
                </TextEquiv>
            </TextLine>
            <TextLine id="r4l73" custom="readingOrder {index:72;}">
                <Coords points="305,3082 348,3081 367,3074 381,3078 403,3069 410,3069 425,3084 443,3077 461,3078 462,3036 433,3044 424,3039 405,3048 387,3033 349,3036 344,3041 305,3038"/>
                <Baseline points="314,3069 341,3070 369,3071 396,3071 424,3072 452,3071"/>
                <TextEquiv>
                    <Unicode>und er</Unicode>
                </TextEquiv>
            </TextLine>
            <TextLine id="r4l74" custom="readingOrder {index:73;}">
                <Coords points="476,3075 504,3086 511,3078 560,3078 571,3089 607,3082 627,3093 653,3080 667,3086 697,3080 697,3038 658,3048 624,3037 611,3048 580,3038 575,3044 518,3046 505,3036 476,3036"/>
                <Baseline points="485,3073 510,3074 535,3074 560,3074 586,3074 611,3075 636,3074 661,3074 687,3073"/>
                <TextEquiv>
                    <Unicode>kann Zu¬</Unicode>
                </TextEquiv>
            </TextLine>
            <TextLine id="r4l75" custom="readingOrder {index:74;}">
                <Coords points="1252,3109 2633,3127 2709,3072 1252,3074"/>
                <Baseline points="1261,3107 1336,3106 1412,3104 1488,3104 1563,3103 1639,3103 1715,3103 1791,3103 1866,3103 1942,3103 2018,3104 2094,3104 2169,3105 2245,3105 2321,3106 2397,3107 2472,3107 2548,3107 2624,3108 2700,3108"/>
                <TextEquiv>
                    <Unicode>und seine Hoffnungen an der Klippe des altertümlichen Vorurteils</Unicode>
                </TextEquiv>
            </TextLine>
            <TextLine id="r4l76" custom="readingOrder {index:75;}">
                <Coords points="473,3125 489,3130 533,3126 540,3131 577,3129 586,3122 604,3129 624,3116 659,3117 658,3084 629,3094 589,3083 571,3089 554,3080 511,3081 502,3090 489,3081 472,3081"/>
                <Baseline points="481,3117 509,3118 537,3118 565,3117 593,3117 621,3116 650,3116"/>
                <TextEquiv>
                    <Unicode>Sektion —</Unicode>
                </TextEquiv>
            </TextLine>
            <TextLine id="r4l77" custom="readingOrder {index:76;}">
                <Coords points="1247,3169 2712,3160 2712,3119 2652,3114 1247,3110"/>
                <Baseline points="1257,3156 1329,3156 1401,3155 1473,3154 1546,3154 1618,3153 1690,3153 1762,3153 1835,3153 1907,3153 1979,3153 2051,3153 2124,3153 2196,3154 2268,3154 2340,3155 2413,3155 2485,3156 2557,3156 2629,3157 2702,3157"/>
                <TextEquiv>
                    <Unicode>gescheitert sieht, wenn Sie sich nur die kleinste Vorstellung von</Unicode>
                </TextEquiv>
            </TextLine>
            <TextLine id="r4l78" custom="readingOrder {index:77;}">
                <Coords points="490,3148 501,3146 526,3168 548,3175 566,3177 588,3168 606,3177 670,3170 679,3179 699,3178 699,3139 674,3139 661,3128 637,3132 627,3123 599,3135 588,3124 563,3132 510,3124 490,3128"/>
                <Baseline points="498,3163 525,3164 553,3164 580,3163 608,3163 635,3163 663,3164 691,3166"/>
                <TextEquiv>
                    <Unicode>werden.</Unicode>
                </TextEquiv>
            </TextLine>
            <TextLine id="r4l79" custom="readingOrder {index:78;}">
                <Coords points="1248,3206 2708,3205 2391,3157 1248,3170"/>
                <Baseline points="1257,3203 1329,3203 1401,3204 1473,3204 1545,3204 1617,3204 1689,3204 1762,3203 1834,3203 1906,3203 1978,3202 2050,3202 2122,3202 2194,3202 2267,3202 2339,3202 2411,3203 2483,3204 2555,3205 2627,3206 2700,3207"/>
                <TextEquiv>
                    <Unicode>meiner Lage machen können, so werden Sie einsehen, wie dies</Unicode>
                </TextEquiv>
            </TextLine>
            <TextLine id="r4l80" custom="readingOrder {index:79;}">
                <Coords points="243,3217 327,3212 350,3230 376,3216 544,3217 584,3231 631,3219 651,3232 697,3218 697,3178 670,3170 614,3182 525,3166 504,3182 446,3186 404,3167 373,3180 244,3175"/>
                <Baseline points="252,3203 277,3204 303,3205 328,3206 354,3207 379,3207 405,3208 431,3209 456,3209 482,3209 507,3210 533,3210 559,3210 584,3210 610,3210 635,3211 661,3211 687,3212"/>
                <TextEquiv>
                    <Unicode>schwere, ausheilbare</Unicode>
                </TextEquiv>
            </TextLine>
            <TextLine id="r4l81" custom="readingOrder {index:80;}">
                <Coords points="1248,3247 2240,3256 2209,3214 2122,3205 1248,3221"/>
                <Baseline points="1257,3251 1305,3251 1354,3250 1403,3250 1452,3250 1500,3250 1549,3250 1598,3249 1647,3249 1695,3249 1744,3249 1793,3249 1842,3248 1890,3248 1939,3248 1988,3248 2037,3249 2085,3249 2134,3249 2183,3250 2232,3250"/>
                <TextEquiv>
                    <Unicode>ein menschlich fühlend Herz zerreißen kann!</Unicode>
                </TextEquiv>
            </TextLine>
            <TextLine id="r4l82" custom="readingOrder {index:81;}">
                <Coords points="2394,3250 2432,3265 2550,3271 2616,3261 2628,3270 2654,3261 2690,3269 2718,3257 2718,3221 2686,3227 2666,3212 2602,3221 2518,3210 2491,3222 2447,3209 2394,3221"/>
                <Baseline points="2402,3251 2427,3252 2453,3252 2478,3253 2504,3254 2529,3254 2555,3255 2580,3255 2606,3255 2631,3256 2657,3256 2682,3256 2708,3255"/>
                <TextEquiv>
                    <Unicode>Glauben Sie</Unicode>
                </TextEquiv>
            </TextLine>
            <TextLine id="r4l83" custom="readingOrder {index:82;}">
                <Coords points="329,3263 465,3275 516,3265 533,3278 558,3265 699,3267 698,3221 585,3232 491,3216 454,3235 429,3218 374,3217 361,3230 329,3230"/>
                <Baseline points="337,3258 362,3259 387,3259 412,3260 437,3260 463,3260 488,3260 513,3260 538,3259 563,3259 589,3259 614,3259 639,3258 664,3258 690,3258"/>
                <TextEquiv>
                    <Unicode>sollte schon um</Unicode>
                </TextEquiv>
            </TextLine>
            <TextLine id="r4l84" custom="readingOrder {index:83;}">
                <Coords points="1243,3298 2609,3320 2704,3267 1243,3269"/>
                <Baseline points="1251,3302 1323,3301 1395,3301 1467,3301 1539,3300 1612,3300 1684,3300 1756,3300 1828,3300 1900,3300 1973,3300 2045,3300 2117,3300 2189,3301 2261,3301 2334,3302 2406,3302 2478,3303 2550,3304 2622,3305 2695,3306"/>
                <TextEquiv>
                    <Unicode>ja nicht, teuerste Eltern, daß ich mir das Ziel gesetzt, ein mittel¬</Unicode>
                </TextEquiv>
            </TextLine>
            <TextLine id="r4l85" custom="readingOrder {index:84;}">
                <Coords points="464,3312 529,3320 566,3311 589,3327 613,3315 666,3321 677,3314 693,3328 711,3327 712,3274 688,3283 648,3268 561,3265 531,3276 517,3265 491,3270 464,3263"/>
                <Baseline points="472,3307 497,3308 523,3307 549,3307 574,3308 600,3308 626,3308 651,3308 677,3309 703,3310"/>
                <TextEquiv>
                    <Unicode>ufnehmen.</Unicode>
                </TextEquiv>
            </TextLine>
            <TextLine id="r4l86" custom="readingOrder {index:85;}">
                <Coords points="1248,3359 2714,3371 2714,3320 2601,3312 1248,3315"/>
                <Baseline points="1257,3349 1329,3349 1401,3349 1474,3348 1546,3348 1618,3348 1691,3348 1763,3348 1835,3348 1908,3348 1980,3349 2052,3349 2125,3349 2197,3350 2269,3350 2342,3351 2414,3351 2486,3352 2559,3352 2631,3353 2704,3353"/>
                <TextEquiv>
                    <Unicode>mäßiger Schauspieler zu werden, denn wenn ich nicht gesonnen</Unicode>
                </TextEquiv>
            </TextLine>
            <TextLine id="r4l87" custom="readingOrder {index:86;}">
                <Coords points="1254,3399 2711,3411 2711,3369 2636,3356 1254,3361"/>
                <Baseline points="1263,3398 1334,3396 1406,3395 1478,3395 1550,3395 1622,3395 1694,3395 1766,3395 1838,3395 1910,3396 1982,3397 2053,3397 2125,3398 2197,3399 2269,3399 2341,3400 2413,3401 2485,3401 2557,3401 2629,3401 2701,3401"/>
                <TextEquiv>
                    <Unicode>wäre, es wenigstens über die Mittelmäßigkeit zu bringen, so wäre</Unicode>
                </TextEquiv>
            </TextLine>
            <TextLine id="r4l88" custom="readingOrder {index:87;}">
                <Coords points="1253,3451 2710,3452 2683,3401 1253,3411"/>
                <Baseline points="1262,3443 1333,3443 1405,3443 1477,3443 1549,3444 1621,3444 1693,3444 1765,3445 1837,3445 1909,3446 1981,3446 2052,3446 2124,3447 2196,3447 2268,3447 2340,3448 2412,3448 2484,3448 2556,3448 2628,3448 2700,3447"/>
                <TextEquiv>
                    <Unicode>mir ein ordentlicher Gassenputzer lieber; denn ein solcher Schau¬</Unicode>
                </TextEquiv>
            </TextLine>
            <TextLine id="r4l89" custom="readingOrder {index:88;}">
                <Coords points="268,3452 283,3453 285,3451 288,3454 294,3454 302,3462 310,3457 323,3459 326,3410 317,3410 311,3404 289,3412 286,3408 271,3409"/>
                <Baseline points="277,3450 314,3452"/>
                <TextEquiv>
                    <Unicode>kli</Unicode>
                </TextEquiv>
            </TextLine>
            <TextLine id="r4l90" custom="readingOrder {index:89;}">
                <Coords points="351,3463 402,3452 519,3467 540,3458 551,3468 659,3463 695,3449 696,3410 635,3421 594,3408 561,3420 490,3409 453,3423 422,3410 411,3418 351,3410"/>
                <Baseline points="360,3454 385,3454 410,3454 435,3455 460,3455 485,3456 510,3457 536,3458 561,3458 586,3458 611,3458 636,3457 661,3455 687,3451"/>
                <TextEquiv>
                    <Unicode>gt etwas pathe¬</Unicode>
                </TextEquiv>
            </TextLine>
            <TextLine id="r4l91" custom="readingOrder {index:90;}">
                <Coords points="353,3500 661,3511 706,3499 706,3457 657,3470 570,3462 557,3475 510,3459 457,3471 428,3455 353,3460"/>
                <Baseline points="362,3496 387,3496 413,3497 439,3497 465,3497 490,3497 516,3498 542,3498 568,3498 593,3498 619,3497 645,3497 671,3496 697,3495"/>
                <TextEquiv>
                    <Unicode>and sein. unter</Unicode>
                </TextEquiv>
            </TextLine>
            <TextLine id="r4l92" custom="readingOrder {index:91;}">
                <Coords points="1254,3517 2700,3493 2529,3453 1254,3453"/>
                <Baseline points="1262,3493 1333,3494 1404,3495 1476,3496 1547,3497 1619,3498 1690,3498 1762,3499 1833,3499 1905,3499 1976,3499 2047,3499 2119,3499 2190,3499 2262,3499 2333,3498 2405,3498 2476,3497 2548,3497 2619,3496 2691,3496"/>
                <TextEquiv>
                    <Unicode>spieler ist nichts anderes als ein Marktschreier, ein Fratzen¬</Unicode>
                </TextEquiv>
            </TextLine>
            <TextLine id="r4l93" custom="readingOrder {index:92;}">
                <Coords points="299,3546 308,3546 315,3554 324,3546 342,3558 351,3558 355,3502 347,3502 344,3499 340,3503 333,3497 329,3499 324,3496 311,3505 301,3504"/>
                <Baseline points="308,3539 342,3541"/>
                <TextEquiv>
                    <Unicode>nk</Unicode>
                </TextEquiv>
            </TextLine>
            <TextLine id="r4l94" custom="readingOrder {index:93;}">
                <Coords points="424,3546 539,3559 579,3541 666,3558 694,3534 716,3534 716,3505 674,3512 619,3503 603,3512 565,3503 534,3512 483,3501 424,3505"/>
                <Baseline points="434,3541 461,3542 488,3542 515,3542 543,3542 570,3542 597,3542 625,3542 652,3542 679,3542 707,3542"/>
                <TextEquiv>
                    <Unicode>Denn dies</Unicode>
                </TextEquiv>
            </TextLine>
            <TextLine id="r4l95" custom="readingOrder {index:94;}">
                <Coords points="368,3555 377,3555 379,3553 384,3555 390,3551 393,3553 406,3542 419,3542 419,3500 393,3500 390,3504 386,3502 368,3502"/>
                <Baseline points="377,3542 409,3542"/>
                <TextEquiv>
                    <Unicode>12</Unicode>
                </TextEquiv>
            </TextLine>
            <TextLine id="r4l96" custom="readingOrder {index:95;}">
                <Coords points="1255,3560 2719,3559 2610,3506 1255,3518"/>
                <Baseline points="1264,3546 1336,3547 1408,3548 1480,3549 1553,3550 1625,3550 1697,3551 1770,3551 1842,3551 1914,3550 1987,3550 2059,3550 2131,3549 2203,3549 2276,3549 2348,3548 2420,3548 2493,3548 2565,3548 2637,3548 2710,3549"/>
                <TextEquiv>
                    <Unicode>schneider und verdient, um mich mit Shakespeare auszudrücken,</Unicode>
                </TextEquiv>
            </TextLine>
            <TextEquiv>
                <Unicode>box 31/6
25. ProfessenBernhandi
ist der ernstere, schwerere und verantwortungsvollere Begriff:
und was Du Deine Mission nennst, das muß notwendig in Deiner
Pflicht enthalten sein:
oder Du bist Deiner Mission niemals
wertgewesen.
Schauspieler-Bekenntnisse.
(Aus einem Brief des 17jährigen Adolf Sonnenthal an seine Eltern.)
.Gott hat jedem Menschen ein gewisses Etwas in sein
Innerstes gepflanzt, welches man Hang nennt, und welcher den
Menschen veranlaßt, etwas zu tun oder zu lassen. Er hat ihm
auch zugleich die Macht gegeben, diesen Hang zu verfolgen und
auch zu meiden. Mir hat der liebe Himmel schon in meiner zarte¬
sten Kindheit den Hang zur Schauspielkunst eingegeben, und von
meiner frühesten Jugend an verfolgte ich diesen Hang mit einer
Leidenschaft, die sich nicht beschreiben läßt. Wie und wann ich
nur konnte, besuchte ich das Theater, spielte selbst in einigen
Haustheatern mit, und dies, wie auch Sie wohl wissen, mit dem
günstigen Erfolg, mit einem Wort, ich weihte mich dem Tempel
ssart
zre
Thalias von ganzer Seele, denn eine innere Stimme sagte mir,
ich würde glücklich werden, da Gott diesen Hang in mein Innerstes
bleiben.
— Nun rückte die Zeit heran, wo Sie mich fragten.
gepflanzt!
rk seine
was ich werden möchte. Ich antwortete eines Tages „Schau¬
es Wesen
spieler“ Sie lachten, und ich -
ich weinte!
— Nun be¬
schlossen Sie, ich sollte ein Handwerk lernen. O wie brach mir
dle übel¬
11
angeborenen.
das Herz bei dem Giedanken, alle meine Hoffnungen auf einmal
und Besser¬
gescheitert zu sehen, diesem unwillkürlichen Hange, den ich so
als der Ueber¬
lange mit so vieler Sorgfalt in meinem Geiste genährt, plötzlich
eit sein wird.
weichen zu müssen, die goldenen Luftschlösser, die ich gebaut,
IS
dessen Güte
den Beifall, den ich schon in Gedanken erntete, mit einem Schlage
vernichtet zu sehen; allein ich dachte mir, es ist Gottes und meiner
enschaften
teuren Eltern Wille, und ich ergab mich in mein Geschick. Nun
1 seinen
schlug ich Ihnen vor, ich möchte, um mich doch wenigstens einer
Kunst zu widmen, ein Lithograph werden; Sie wendeten mir
dagegen ein, daß ein Lithograph nicht immer Arbeit habe, während¬
reitete Erkran¬
dem ein Schneider oder Schuster immer und überall hinlängliche
1
oder ende¬
Beschäftigung hat. Es blieb nun bei Ihrem Willen. Ich mußte
B. mit
Schneider werden! — Ein Gott weiß, wie viele Tränen ich anfangs
enschen
darüber vergoß, mich auf einmal von dem Gipfel des Glücks in
begreif¬
den tiefsten Abgrund des Unglücks geschleudert zu sehen! —
S d
s mensch¬
Und wenn Sie, teuerster Vater, sich in meine Lage hineindenken
uft
r Snobis¬
10
können, wenn man sich seinem langersehnten Ziele so nahe weiß,
und er
kann Zu¬
und seine Hoffnungen an der Klippe des altertümlichen Vorurteils
Sektion —
gescheitert sieht, wenn Sie sich nur die kleinste Vorstellung von
werden.
meiner Lage machen können, so werden Sie einsehen, wie dies
schwere, ausheilbare
ein menschlich fühlend Herz zerreißen kann!
Glauben Sie
sollte schon um
ja nicht, teuerste Eltern, daß ich mir das Ziel gesetzt, ein mittel¬
ufnehmen.
mäßiger Schauspieler zu werden, denn wenn ich nicht gesonnen
wäre, es wenigstens über die Mittelmäßigkeit zu bringen, so wäre
mir ein ordentlicher Gassenputzer lieber; denn ein solcher Schau¬
kli
gt etwas pathe¬
and sein. unter
spieler ist nichts anderes als ein Marktschreier, ein Fratzen¬
nk
Denn dies
12
schneider und verdient, um mich mit Shakespeare auszudrücken,</Unicode>
            </TextEquiv>
        </TextRegion>
    </Page>
</PcGts>
