3392 4256
1034 149 1164 220 Be
1681 153 2143 261 box 30/4
311 139 1555 276 25. Professerernhandi
1325 855 1526 923 B
587 904 2889 1000 dem Sterbebett. Die Aerzte wissen, daß es hier keine Hoff-naten Gefängnis verurteilt, obwohl der Geistliche selbst nicht
608 950 2893 1037 nuna mehr gibt, die Kranke selbst aber ist in einem Zustand ungünstig für ihn aussagt und ihm hinterher in einem Pri¬
602 992 1755 1064 von Euphorie, wie es die Aerzte nennen, voller Hoffnung
1743 1002 2884 1080 vatgespräch sogar zugesteht, daß er als Arzt vollständig
604 1032 1747 1094 auf baldige Wiedergenesung. Da tritt, von einer Pflege¬
1747 1049 2876 1121 pflichtgemäß gehandelt habe. Vor Gericht habe er, der
606 1078 1742 1138 schwester gerufen, der Geistliche mit den Sterbesakramenten
1742 1088 2888 1164 Priester, dieser Ueberzeugung allerdings nicht Ausdruck
605 1128 1742 1190 ins Vorzimmer. Professor Bernhardi will der Kranken die
1746 1133 2886 1210 geben können, da es für ihn als Diener der Kirche eben
600 1157 1743 1231 Todesangst, die das Erscheinen des Priesters zur Folge haben
1745 1171 2879 1255 noch höhere und heiligere Rücksichten gebe. Diese private
602 1207 1739 1275 würde, ersparen und bittet daher den Geistlichen, von seinem
1748 1215 2881 1275 Auseinandersetzung zwischen dem Geistlichen und dem Pro¬
608 1257 1751 1316 Vorhaben abzustehen. Während Arzt und Priester noch
1743 1258 2879 1323 fessor bildet wohl den Höhepunkt in den Kontroversen des
605 1290 1748 1362 süber ihre Rechte und Pflichten unterhandeln, und Professor
1742 1311 2881 1380 Stücks. Weltanschauung und Weltanschauung stehen sich
598 1331 1750 1399 Bernhardi, sich auf sein Hausrecht und seine ärztliche Macht¬
1743 1339 2896 1422 hier gegenüber und begegnen sich zum Schluß über den Ab¬
594 1376 1747 1441 vollkommenheit berufend, dem Priester nochmals entschieden
1739 1390 2889 1459 grund hin, der sie für ewig trennt, in einem kurzen Hände¬
593 1413 1749 1489 das Eindringen ins Krankenzimmer verwehrt, meldet der
1738 1430 2881 1491 druck der gegenseitigen Mannesachtung. So erscheint Re¬
611 1468 1744 1536 Assistenzart den inzwischen eingetretenen Tod des Mädchens,
1744 1473 2881 1549 signation als der Weisheit letzter Schluß. Im weiteren
613 1511 1735 1581 sodaß der Geistliche sich unverrichteter Dinge zurückziehen
1740 1523 2883 1583 nimmt Professor Bernhardi alles mit der größten Gelassen¬
611 1557 1743 1619 muß. Für den Professor Bernhardi aber hat die Angelegen¬
1739 1558 2878 1629 heit hin. Er verzichtet auf jedes Rechtsmittel, sitzt seine
605 1598 1738 1654 heit üble Folgen. Der klerikalen Partei ist der Fall ein
1741 1601 2875 1673 zwei Monate ab und will auch von Begnadigung nichts
596 1632 1736 1699 willkommener Anlaß, dem Juden und „Freigeist“ Bernhardi
1743 1642 2883 1709 wissen. Er hat gehandelt wie er handeln mußte; jetzt will er
202 1630 334 1726 ur.)
606 1689 1732 1754 etwas am Zeug zu flicken. Ihr Einfluß erstreckt sich bis ins
1741 1684 2877 1754 nur noch seine Ruhe haben. Sogar seine Rehabilitation, auf
206 1691 524 1784 er Merkur
594 1729 1743 1790 Professorenkollegium der Anstalt, das zur Hälfte für, zur
1735 1729 2884 1810 die sich am Schluß des Stücks ein Ausblick eröffnet, ist ihm
603 1762 1736 1833 Hälfte wider Bernhardi ist. Die hochadelige und sehr fromme
1746 1773 2876 1843 gleichaültig. Der Herr Kultusminister nennt ihn dafür einen
212 1768 371 1861 tgart
605 1815 1738 1874 Patronesse der Anstalt zieht sich zurück und die hohen Herren
1737 1818 2873 1885 Tragikomiker des Eigensinns“. Und ein in seiner skep¬
598 1848 1738 1926 des Kuratoriums legen ihre Aemter nieder. Bernhardi selbst
1742 1841 2872 1926 tischen Resignation schon bis zu einer Art von Anarchis¬
609 1901 1745 1965 sieht sich gar von einer Anklage wegen Religionsstörung be¬
1741 1902 2870 1963 mus gediehener Ministerialrat nennt ihn zum Schluß sogar
605 1945 1735 2014 droht. Er könnte nun den Kopf aus der Schlinge ziehen, wenn
1741 1949 2877 2013 freundschaftlich ein „Viech“. Ueber dieser Apotheose fällt der
1735 1984 1955 2049 Vorhang.
590 1986 1733 2042 er sich zu gewissen Kompromissen und Erklärungen ent¬
605 2033 1735 2096 schließen möchte. Zu einer Erklärung ist er schon halb
1750 2018 2873 2092 Der große Reiz der Schnitzler'schen Komödie besteht in den
215 2055 379 2138 Haus.
595 2079 1738 2136 und halb bereit, da wird ihm von den Klerikalen hinsichtlich
1729 2076 2875 2133 geistreichen und fesselnden Kontroversen. Sie glossieren in
603 2116 1732 2174 der Besetzung einer der Assistentenstellen an der Anstalt
1728 2114 2877 2181 einer wundervollen Weise alle möglichen Zustände und Strö¬
210 2109 602 2206 sor Bernhardi.“
594 2159 1737 2225 eine Zumutung gestellt, die er zurückweisen muß. Und so ist
1735 2158 2874 2221 mungen im politischen und sozialen Leben der schönen Donau¬
211 2184 609 2254 es einigermaßen be¬
601 2208 1738 2277 er entschlossen, den Kampf aufzunehmen als eine Art Recht¬
1735 2207 2864 2264 monarchie. Die verschiedensten politischen und unpolitischen
202 2236 616 2299 streich an Arthur
611 2245 1731 2310 lichkeitsfanatiker, der jedem Menschen die Wahrheit ins
1726 2246 2878 2299 Standpunkte urd Prinzipien, moralische Begriffe wie Wahr¬
202 2277 1735 2348 sernhardi“ keine Gesicht sagen muß, sogar dem Herrn Kultusminister, der
1728 2290 2877 2343 heitsliebe und Ueberzeugungstreue: die Politik der höheren
201 2327 1731 2395 aß sie sogar das Auf-seinst sein Jugendfreund war und der ihn aus politischen
1735 2337 2874 2400 Gesichtspunkte, Antisemitismus und Zionismus und noch
194 2373 1741 2435 gten. Schnitzler hält Zweckmäßigkeitsgründen schonen möchte, den er aber in sei¬
1726 2377 2872 2437 viele andere schöne Dinge und Begriffe werden in interessan¬
196 2400 615 2470 ant den Spiegel vor,
597 2406 1753 2459 nem Wahrheitsfanatismus in recht unangenehmer Weise an
1736 2424 2868 2487 tem Wechsel beleuchtet. Schnitzler bedient sich dazu einer sehr
197 2455 612 2510 blitische Kreise in einer
606 2458 2871 2521 gewisse Jugendsünden erinnert. Wie dann die Angelegen= umfänglichen Reihe von Typen und Charakteren, die zum
196 2501 2868 2550 ffenen unmöglich ange- heit Gegenstand einer klerikalen Interpellation im Parla= überwiegenden Teil ganz vortrefflich gezeichnet sind. Hier
192 2541 1729 2603 esselnden Stücks, das ment wird, läßt ihn der Minister trotz der schönsten Ver¬
1734 2547 2873 2610 zeigt sich Schnitzler in seiner ganzen Stärke. Die Handlung
188 2588 612 2647 dieser Stelle anläßlich
605 2593 1738 2654 sprechungen aus Gründen der höheren Politik fallen. Um
1735 2593 2874 2649 wird übrigens ausschließlich mit Männerrollen bestritten,
204 2621 612 2688 führlich berichtet wor¬
610 2636 1733 2696 die Anstalt nicht zu schädigen, legt Prof. Bernhardi seinen
1737 2637 2876 2693 wenn man von der gerinafügigen Rolle der Pflegeschwester
208 2676 616 2731 öffentlichen Mitteln
613 2675 1729 2725 Direktorposten nieder. Vor Gericht wird er weoen Religions¬
1726 2678 2872 2734 absieht. Mit der dramatischen Technik und Oekonomie ist es
206 2716 2885 2788 junge Sünderin auf terbrechens auf Grund verlogener Zeugenaussagen zu 2 Mo= nicht durchweg zum besten bestellt. Dramatisch sehr wirksam
