3392 4352
695 216 812 270 2 S
999 205 1077 269 B
277 209 1481 290 25 Enhandr
722 824 1313 918 REICHSPOST, AGGE#
554 961 1677 1019 Deutsches Voikstheater. Am Samstag wurde zum ersten¬
476 1006 1651 1060 (mal gegeben: „Professor Bernhardi“ Komödie in
490 1056 1651 1101 fünf Akten von Artur Schnißler Die Preise um 1004 er¬
489 1081 1655 1134 höht, das Theater völlig ausverkauft, feierlich gehobene Span¬
481 1114 1658 1162 nung, es war wie im Tempel. Das Tendenzstück, in Oesterreich
491 1163 1654 1209 lange von der Zenfür zurückgehalten, schließlich auch noch durch
477 1207 1659 1255 die Grippesperre verschoben, seinerzeit, als es entstand und in
477 1235 1658 1283 Buchform erschien (1913), vielfach und allgemein, auch in der
487 1275 1651 1323 „Reichspost“ besprochen, konnte endlich seine Wirksamkeit auch
487 1315 1650 1360 auf der Bühne erproben; es war nicht so arg, nur zweimal
488 1359 1649 1405 belohnte man politische Deklamationen bei offener Bühne mit
486 1381 1655 1440 Beifall, nach dem Fallen des Vorhanges schrie der Applaus zu
491 1425 1656 1485 stark, man merkte die Mache, man ärgerte sich über das Gejohle der
488 1467 1650 1517 Unverständigen hoch ohen in den Rängen, aber es kam zu
489 1499 1660 1545 keinem Skandal, es gab — außer dem öfteren Sichzeigen des
479 1553 1651 1594 Autors — keine Sensation; die nicht der Kunst wegen
485 1590 1647 1635 gekommen waren, gingen enttäuscht hinweg und die anderen
483 1623 1654 1672 auch. Nicht als ob das Stück Schnitzlers schlechter wäre als
487 1658 1653 1713 seine anderen, es ist ein echter Schnitzler, reich an Einfällen,
486 1693 1656 1749 kunstgerecht gebaut, der Dialog lebhaft und anregend. Fragen
485 1729 1652 1777 werden eine Menge aufgeworfen und alle bis zum letzten Rest
484 1769 1655 1828 durchgesprochen (mit Worten und Händen), an Motiven fehlt
478 1807 1658 1866 es wahrlich nicht, das Stück verarbeitet wenigstens drei
483 1856 1633 1896 Lustspielstoffe, lebenswahre Figuren laufen ihrer fast so
488 1880 1656 1934 viele auf der Bühne herum, als Personen im Verzeichnis
480 1921 1654 1976 stehen (nur eine ist völlig unwahr, ist erklügelt und erdichtet,
485 1967 1662 2012 nämlich die Hauptfigur, der Professor Bernhardi), man unter¬
482 2002 1659 2051 hält sich an mancher gescheiten Aeußerung und die Judenschaft
491 2031 1662 2100 sieht sich lachend in einigen Typen glänzend gezeichnet usw.
492 2085 1652 2129 Aber für eine Sensation hatten die letzten Monate alle Hilfe
482 2113 1683 2177 zeraubt, die Zibeben von Kuchen weggegessen, dieser junge
491 2165 1664 2217 „Schnitzler“ trat vor, „gebleicht in der Fülle der Jahre“, oder
651 2202 912 2251 ——
442 2305 1616 2381 zerzauft von stürmischen Zeiten. Die Tendenz wurde wohl an¬
435 2350 1618 2402 schaulich, aber nicht wirksam. Der Medizinprofessor Bernhardi,
444 2391 1619 2444 der einem Geistlichen den Zutritt zu einer Sterbenden ver¬
437 2425 1613 2484 weigerte, dadurch ein politisches Lawinchen loslöste, im Schwur¬
1501 2476 1615 2518 ver¬
432 2475 1487 2525 gerichtssaale — aus den Tatsachen nicht verständlich —
443 2515 1615 2562 urteilt wird usw., ist heute kaum imstande, etne tiefe Anteil¬
432 2548 1609 2604 nahme zu erringen. Ein katholisches Publikum hätte an einigen
437 2590 1605 2630 Stellen Gelegenheit gehabt, sich zu wehren, wenn eines da¬
437 2626 1602 2679 gewesen wäre, Antisemiten finden sich durchaus abgestoßen,
431 2659 1610 2701 das Stück ist für Juden geschrieben. Auch die schöne
1254 2697 1616 2764 Bernhardi und
928 2701 1222 2752 dem Juden
437 2697 929 2751 Unterredung zwischen
444 2742 1607 2794 dem katholischen Pfarrer (im 4. Akt); sie wird freilich nicht von
433 2763 1619 2830 jedermann verstanden werden. Daß Ferdinand Onno den
433 2815 1615 2869 Pfarrer gab und ihn mit feinem Takt ohne die gewohnte
445 2858 1614 2897 Uebertreibung gescheit und ruhig und natürlich spielte, machte
448 2895 1605 2940 diese Szene zu einem Entgelt für andere Dinge im Stück. —
441 2933 1624 2984 Die vielen Professorenrollen lagen durchaus in bewährten
443 2964 1619 3022 Händen. Viktor Kutschera, Karl Forest und besonders
448 3011 1612 3062 Jaro Fürth und Fritz Gotthaber stellten wirksame
439 3043 1607 3081 Typen auf die Beine und der anarchistische Hofrat des Anton
447 3083 1615 3125 Edthofer rettete liebenswürdig den letzten Akt. Weniger
441 3125 1614 3173 gut gelang es Wilhelm Klitsch, dem Minister Resonnanz zu
440 3160 1614 3199 verschaffen und Rudolf Teubler machte die Gestalt eines
439 3199 1617 3243 Tiroler Mediziners mit dem Felsklotznamen Hochroitz¬
439 3236 1614 3282 pointner geradezu lächerlich, denn Tiroler Mundart ist nie
449 3284 1622 3328 nach Art des Poldi Huber aus Hernals zu sprechen.
441 3307 1616 3361 Direktor Alfred Bernau, der die Hauptrolle dar¬
440 3351 1616 3399 stellte, zeigte wie im „Armen Heinrich“ daß es ihm als Schau¬
443 3389 1614 3446 spieler nicht an Geschmack, Verstand und Geschicklichkeit fehlt,
439 3438 1607 3477 wohl aber an dem Geheimnisvollen der Schauspielkunst, das
439 3464 1616 3520 sich nicht lernen, und am Vollklang der Sttmme, die sich nicht
429 3508 1616 3549 kommandieren läßt. Im allgemeinen kann gesagt werden, daß
441 3548 1618 3591 Schnitzlers „Professor Bernhardi“ aus politischen Tagesfragen
440 3588 1609 3631 vergangener Zeiten geboren, sich kaum in die Zukunft wird
435 3621 1610 3664 retten lassen, er ist ein Kriegsopfer geworden und zwar eines
434 3657 1616 3697 von denen, die nicht zu beklagen sind. Man schreibt, wie jetzt
436 3694 1607 3735 in den liquidierenden Aemtern allenthalben geschieht, darunter;
1492 3737 1537 3780 N
430 3738 1343 3802 Nichts mehr zu verfügen, nach Kenntnis ad acta.
585 3769 1611 3817 Der Tschaifamirn=shend des Wiener Tankünstler¬
1640 208 2082 292 box 31/2
2429 711 2558 814 33
2033 695 2349 821 2.. RLLER
2107 792 2809 889 „esaische Geitung, Berlin
1961 949 3128 1083 Iim Deutschen Vollstheater geb es am Sonuchend
1939 998 3121 1118 schnihlers sechs Jahre lang verboten gewesener „Prosessor
1927 1045 3128 1173 Bernyaroi“, eia noch nicht blind gewordenes Spiegelbild Alt¬
1925 1074 3114 1197 Oesterreichs, dag vom Publikum mit wärmistem Denk auch für den
1925 1114 3115 1227 Titelhelden ausenommen wurde. In den Kammerspielen des Deut¬
1926 1153 3137 1300 schen Vollstheaters hat Fuldas „Lebensschüler“ die gleiche
1921 1193 3112 1320 Aufnahme wie in Verlin gefunden. Auf der Volksbühne werde
1911 1231 3122 1350 eine von Schebon besorgte Bühnenbearbeitung der Tolstolschen
1921 1273 3144 1395 Kreuzersonate“ trotz Schildkrauts Temperament ohne innere,
1910 1290 2396 1383 Teilnahme hingenommen.
1918 1358 2538 1438 Are
3058 1385 3146 1461 4.
2168 1607 2735 1709 Deutsches Tagblatt
2140 1678 2769 1777 Ost deutsche Rundschau
2628 1762 2921 1835 50t7 19 18
1947 1816 2976 1891 Unter den Trümmern der Monarchie wurde auch das alt¬
1925 1870 2982 1936 österreichische Zensurverfahren begraben, das Axtur Schnin¬
1921 1917 2977 1964 lers Komödie „Professor Bernhardi“ zus Ger
1924 1954 2968 2014 stand jahrelanger Zeitungskämpfe machte. Das Wiener Auf¬
1923 2001 2965 2044 führungsverbot hatte an dem Erfolg des Werkes sicherlich
1935 2030 2971 2086 stärkeren Anteil als seine dramatischen Eigenschaften; denn
1925 2066 2968 2121 schon zur Zeit, als sich die Uraufführung des Tendenzstückes
1923 2098 2965 2157 vor dem Machtspruch der österreichischen Zensurbehörden in
1921 2139 2971 2198 das Berliner Kleine Theater hat flüchten müssen, hoben die
1927 2182 2980 2243 reichsdeutschen Blätten alle hervor, daß man es weder mit
1933 2218 2971 2283 einem Drama noch mit einem Helden zu tun habe, sondern
1930 2258 2976 2313 nur mit parlamentarischen und unparlamentarischen Rede¬
1935 2290 2976 2354 schlachten, in deren langwierigem Verlauf Professor Bern¬
1935 2335 2975 2395 hardi vor der Würde eines Kulturkämpfers zur Wurschtigkeit
1938 2385 2974 2425 eines mattherzigen Ironikers herabsinke. Nur das Verbot ließ
1935 2424 2966 2471 die Frucht chmackhafter erscheinen, als sie in Wirklichkeit ist,
1928 2445 2977 2504 nur das Verbot erweckte und erweiterte ein Begehren, das
1925 2500 3013 2541 andernfalls auf die Wiener Schnitzler Gemeinde beschrünkt ###
1929 2525 2975 2574 geblieben wäre. Nun man endlich „Professor Bernhardi“ im
1925 2558 2984 2628 Deutschen Volkstheater gesehen hat, fragte man sich
1920 2617 3011 2656 unwillkürlich, was an dem Stücke denn so Gefährliches sei—
1893 2695 2955 2760 Wohlan: ein jüdischer Arzt verweigert einem katholischen
1897 2726 2952 2796 Priester den Zutritt zu einer Sterbenden, um ihr die be¬
1890 2766 2950 2838 seeligende Wohltat einer letzten Hoffnung nicht zu rauben.
1902 2801 2957 2872 Also ein Alt der Meligionsstörung? Möglich. Aber nur als
1912 2838 2953 2912 Vorwand zu einen dagischen Konflikt. Denn schließlich wird
1905 2897 2954 2954 Professor Bernhardi an  Berechtigung seiner Handlungs¬
1911 2911 2957 2987 weise selber irre und er wendet nechjust von seinen freisinni¬
1912 2952 2966 3034 gen Anhängern ab, die den Fall zu einer Kulturkampfange¬
1910 3012 2969 3065 legenheit aufbauschen möchten. Wenn also nicht religiöse Ge¬
1913 3027 2968 3105 fühle zu schützen waren, wozu dann das Verbot? Das
1915 3062 2971 3138 damalige Unterrichtsministerium fühlte sich eben durch zwei
1909 3100 2961 3176 ironisierte Gestalten in ihrem Ansehen bedroht, und darum
1913 3159 2954 3214 der ganze Rummel, von dem wir nun endlich befreit sind.
1911 3186 2965 3250 Das Deutsche Volkstheater bot eine sorgfältig vorbereitete
1911 3222 2964 3302 Aufführung, an deren Spitze sich. Direktor Bernau als
1914 3259 2959 3336 wohltemperierter Darsteller des Titelhelden selber stellte.
1919 3300 2971 3371 Auch der Schwarm von ganz= und halbjüdischen Aerztetypen
1922 3334 2975 3415 fand gut disserenzierende Vertreter und die Herren Klitsch
1922 3370 2965 3447 und Edthofer verhonigelten mit taktvoller Mäßigung die
1918 3407 2987 3484 Schaukel= und Gaukelpolitik der Unterrichts= und Kultusbe¬
1908 3451 2971 3554 hörde anno Hartl. Die Beifallsstürme, die Schnitzler um¬
1936 3508 2468 3595 Nten, blieben ungestört .
