3344 4256
402 36 1498 99 fesur Uirericht und ins Gesangut¬
384 86 1488 140 bringt. Die Gegenparteien möchten ihn
393 134 1488 199 nun als Helden und Märtyrer für sich ge¬
390 184 1489 243 winnen, er aber, der in allem nur seinem
384 236 1476 286 empfindlichen und starren Rechtsgefühl ge¬
392 280 1485 326 folgt ist, will nach wie vor von Politik nichts
392 331 1487 392 wissen. An demselben Tage, an dem er den
383 381 1478 443 Kerker verläßt, bezichtigt sich die Kranken¬
393 433 1488 489 schwester, auf deren Aussage hin er verur¬
391 493 1488 543 teilt worden war, der falschen Zeugenaus¬
394 530 1476 580 sage. Dies bedeutet Wiederaufnahme des
382 588 1484 642 Verfahrens, aber vor dieser Art Genugtu¬
382 627 1483 693 ung will Bernhardi lieber die Flucht ergrei¬
379 675 1490 725 fen. „Wozu denn?“ meint er, „Soll ich den
384 733 1476 785 ganzen Schwindel noch einmal mitmachen?
389 772 1487 819 Jetzt in anderer Beleuchtung? Alle vernünf¬
391 824 1479 873 tigen Menschen wissen doch, daß ich unschul¬
389 871 1493 921 dig gesessen bin, und die zwei Monate, die
391 922 1142 983 nimmt mir ja doch keiner ab.“
513 978 1489 1034 Die Aufführung war ein Wagnis, das
390 1038 1482 1086 mißglücken mußte. Woher vor allem die
392 1083 1491 1132 Darsteller für die vielen bedeutenden Rollen
380 1134 1484 1187 nehmen! Die Aerzte, lauter Männer von
382 1182 1483 1242 ausgeprägtester Eigenart, ein jeder der Ver¬
379 1237 1483 1279 treter eines ganz bestimmten Typus, wur¬
376 1282 1487 1348 den von gänzlich unzulänglichen Kräften dar¬
381 1341 1485 1392 gestellt, die teilweise nicht einmal ihre Rol¬
377 1375 1493 1437 len zu beherrschen schienen. Alle wirkten
376 1431 1499 1493 zu jung und unbedeutend. Die Herren
371 1478 1479 1540 Klein und Schauer z. B. waren nette Medi¬
376 1526 1478 1580 zinstudenten, keineswegs aber Professoren.
385 1586 1489 1637 Wie wenig wurden überhaupt die Anden¬
379 1623 1490 1675 tungen, die der Dichter selbst für die Dar¬
374 1677 1479 1739 stellung gibt, beachtet! Um nur einige Bei¬
376 1702 1481 1785 spiele zu nennen: Professor Ebenwald, der
384 1752 1486 1837 „leider, mit zuweilen etwas übertriebenem
381 1817 1491 1881 österreichischen Akzent“ zu reden hat, wurde
373 1866 1486 1933 von Herrn Wohl als schleichender Intrigant
375 1926 1492 1992 gespielt . Der Pfarrer des Herrn Beyer
376 1963 1489 2043 sprach mit höchst überflüssiger Salbung; die¬
388 2020 1486 2083 ser Vertreter der 0Kirche soll ein kluger und
388 2071 1487 2143 energischer junger Mann sein. — Daß ein
381 2118 1486 2183 Wiener Journalist, obendrein Doktor, nicht,
383 2170 1482 2215 wie es Herr Tutter machte, zu jüdeln pflegt,
384 2216 1479 2273 sollte man als allgemein bekannt voraus¬
387 2263 1482 2326 setzen. Herr Torelly markierte nur den
392 2318 1487 2379 Schreimann, trotzdem die Rolle das nicht
377 2358 1491 2430 verdient. Vielleicht glaubte er das seinem
381 2408 1482 2480 Pseudonym schuldig zu sein? Als Winkler
384 2462 1478 2522 war er zu wenig „höfrätlich“ nämlich gar
382 2490 1483 2568 zu munter. — Etwas glaubwürdiger war der
382 2553 1482 2617 Professor Pflugfelder des Herrn Jores.
381 2611 1477 2676 Wirklich verständnisvoll faßte Herr Frank
374 2660 1480 2706 die Rolle des Flint auf, dieses heißen Kop¬
1480 2636 1548 2747 9
393 2705 1548 2795 fes mit kaltem Herzen, der zu Bernhardi
379 2772 1468 2816 ein wirkungsvolles Gegenstück bietet. Um
382 2800 1543 2863 endlich zu diesem selb stzu kommen: er wur=te
375 2838 1564 2919 de von Herrn Richter zwar mit der nötigensch
384 2906 1472 2975 Lebhaftigkeit und Güte ausgestattet, doch
1481 2932 1551 2998 de
382 2960 1554 3041 fehlte das vom Dichter geforderte „wlet=sg,
373 3000 1556 3088 männische Gehaben“, die leichte Ironie, und #
382 3052 1486 3102 er wirkte mehr wie ein biederer Landdoktor
374 3116 1472 3159 als ein Gelehrter. — Die zahlreichen Strei¬
373 3132 1506 3211 chungen waren manchmal geradezu sinnstö=b
382 3202 1487 3259 rend, z. B. in der Szene zwischen dem Pfar¬
373 3255 1480 3306 rer und Bernhardi, die für das Verständ¬
382 3291 1527 3356 nis des Stückes gerade so wichtig ist! Ueber=|5
383 3334 1535 3409 haupt hätte ein solches Stück wohl ein Recht
376 3395 1124 3463 auf unverkürzte Darstellung.
1271 3390 1458 3464 A. Z.
815 3479 1014 3546 —.—
1987 846 2744 1040 Setschhmg Pact
2620 1056 2861 1158 tuh
2054 1228 2551 1331 Z#orieneen 19.0
2748 1297 3001 1348 —U.
2010 1296 3002 1400 Professor Bernhardi“. Freitag, den 13.
1910 1365 3004 1448 I. (M., häkte die Theaterdirektion mit der Erstauf¬
1923 1416 3010 1493 führung der in Oesterreich verbotenen Komödie
1918 1483 3011 1552 „Professor Bernhardi“ von Arthur Schnitzler, uns
1908 1517 3005 1594 aufgewartet. — Man kann es Schnitzler, dem jü¬
1903 1550 3007 1624 dischen Dichter der Wiener Lebewelt, nicht verden¬
1913 1610 3001 1693 ken, daß er einmal auf Kosten christlich germanischer
1907 1663 3004 1753 Ideale und der kath. Religion seinen Geist spielen
1910 1714 2996 1797 läßt und aus der Personifikation von „Licht, Wahr¬
1908 1761 3004 1835 heit und Fortschritt“ einen Juden formt, den die
1911 1831 3013 1902 „Dunkelmänner“ („Klerikale und Nationale“) zwar
1896 1858 3004 1937 ins Gefängnis zu hetzen, doch ihm den moralischen
1900 1909 3009 1982 Triumph zu nehmen, nicht vermögen. Wir wundern
1892 1964 3007 2041 uns nur, daß die Theaterdirektion es für zeitgemäß
1892 2018 3005 2082 hält, nach einem Stück zu greifen, das künstlerisch
1892 2057 2989 2130 belanglos, eine so tendenziöse Verherrlichung des
1893 2110 2992 2186 Judentums beinhaltet. Wenn sie wenigstens die
1888 2168 2999 2224 zur Aufführung dieser tragischen „Komödie“ not¬
1901 2208 2999 2264 wendigen Kräfte hätte! Die Operettenkräfte hatten
1890 2257 2993 2326 doch ihren Rollen kaum Ehre gemacht. Uns dünkt
1892 2287 2992 2380 es, daß da für die Direktion nur Geschäftswerte
1884 2358 2984 2425 ausschlaggebend waren. Oder hat man etwa das
1889 2396 2992 2477 christliche Empfinden herausfordern und kränken
1891 2446 2991 2532 wollen? — Sei dem wie immer, das eine mag
1883 2508 2975 2561 die Theaterdirektion zur Kenntnis nehmen, daß der¬
1889 2554 3010 2648 artige auffallende Tendenzstücke Stimmungen her¬
1919 2641 3018 2707 vorrufen können, die weder ihr noch dem jüdischen
1925 2701 3035 2779 Publikum erwünscht sind. Eine Besprechung der
1931 2756 3036 2808 Darstellung des Stückes halten wir für überflüssig,
1923 2807 3040 2871 der Spielleitung sei nur mitgeteilt, daß man ihr
1937 2849 3043 2905 die Unkenntnis katholischer Einrichtungen nur bis
1930 2901 3035 2961 zu einem gewissen Maße nachsehen könne. Es geht
1937 2950 3035 3022 denn doch nicht an, daß man einen katholischen
1937 2999 3040 3083 Geistlichen zur letzten Oelung mit dem Meßkelch
2838 3051 2940 3136 S.
1932 3051 2196 3120 gehen läßt.
