3392 4352
1676 165 2114 289 UK 30/4
304 188 1538 306 25. Prefesean
390 1244 3301 1308 schwester einen Geistlichen gerufen, der die dem tuation haben will. Der Minister muß ihn in= leugnet aber das Stück seinen Urheber nicht. Mit
223 1160 408 1359 9.
391 1287 3279 1385 Tod Geweihte mit den letzten Tröstungen der folgedessen aus Gründen höherer Staatsraison Genuß lauscht man den scharfen Aus¬
386 1317 3286 1426 Religion versehen soll. Professor Bernhardi, der bei der Besprechung einer bezüglichen Interpel= einandersetzungen, den harten Kämpfen,
397 1377 2509 1449 Chefarzt des Spitals, will aber der Kranken die lation im Abgeordnetenhaus fallen lassen, das die da
2528 1410 3278 1494 im geistfunkelnden Redetournier
269 1390 1362 1483 ( Todesangst, die das Erscheinen des Priesters bei
1343 1433 2812 1512 Kuratorium des Spitals dankt ab, seine Kolle= ausgefochten werden.
2840 1457 3275 1527 Ohne; daß man
384 1460 1358 1520 ihr hervorrufen würde, ersparen und bittet des¬
1357 1475 3279 1570 gen setzen ihn als Direktor ab. Es wird ein Partei für die eine oder andere Anschauung
186 1484 1351 1568 rdi. Ko= halb den Priester, auf seinen Plan zu verzich¬
1343 1518 2311 1589 Verfahren wegen Religionsstörung gegen ihn
2306 1536 3278 1614 nimmt, gewinnt Bernhardi durch sein mannhaf¬
199 1526 3281 1599 mitzler. ten. Es folgt eine ziemlich, erregte Auseinan= eingeleitet und er hat sogar ein paar Wochen tes Auftreten unsere Sympathien, wenn auch,
218 1580 1356 1649 für die dersetzung zwischen Arzt und Geistlichem, die zur
1346 1603 2301 1670 Gefängnis abzusitzen, was nur auf Grund un¬
2298 1619 3266 1703 bei den in Oesterreich herrschenden Anschauun¬
196 1633 1361 1704 ettenduft= Folge hat, daß Bernhardi dem letzteren den
1355 1654 2307 1712 wahrer Zeugenaussagen möglich ist. Vom Prie¬
2299 1662 3277 1739 gen, das Vorgehen der Klerikalen begreiflich, ja
203 1675 1357 1744 glückliche Eingang ins Krankenzimmer entschieden verwei¬
1352 1693 3274 1782 ster selbst, der auch vor Gericht nicht ungünstig fast berechtigt erscheint. Hier steht eben die Frage:
209 1712 396 1766 st in die¬
383 1715 1342 1776 gert; unterdessen ist der Tod des Mädchens ein¬
1335 1735 3284 1842 gegen Bernhardi ausgesagt hat, erhält letzterer Ist es wichtiger, daß man aus Menschlichkeit
382 1757 3262 1867 getreten, das an einem unerlaubten Eingriff später in einer privaten Unterredung, in der sich ein armes Mädchen ahnungslos sterben läßt,
199 1759 404 1854 Pronan
386 1796 3274 1902 starb — Schnitzler kann seine Tradition doch Mann gegen Mann, Lebensanschauung gegen oder daß die starren Satzungen der katholischen
205 1827 3272 1899 nur den nicht ganz verleugnen — und der Priester muß Lebenscnschanung gegenübersteht, volle Satis= Kirche erfüllt werden, gleichviel ob dadurch das
191 1877 404 1946 m Ten¬
379 1891 1350 1958 unverrichteter Dinge abziehen. Damit ist die
1328 1902 3265 2001 faktion, indem ihm der Geistliche zugesteht, daß Sterben qualvoll wird oder nicht? Diese Frage
204 1926 2298 2020 r schrei= Grundlage für den Konflikt des Stückes geschaf= Bernhardi als Arzt nicht anders handeln konnte.
2286 1968 3268 2041 zu beantworten ist zum Glück nicht Sache des
193 1971 1350 2045 er wirdfen und nun bemächtigt sich die hohe Politik der
1338 1990 2301 2062 Vor Gericht habe er das nicht sagen können,
2286 2009 3268 2088 Theaterkritikers. Auch Schnitzler hat sie eigentlich
196 2017 1342 2085 tiker, ja, Sache, und zwar die echte österreichische Politik:
1345 2029 2308 2111 weil für ihn als Diener der Kirche höhere und
2293 2054 3264 2126 nicht restlos gelöst. Die sehr zahlreichen Perso¬
199 2062 1349 2138 n wenigsa bissel Klerikalismus, a bissel Antisemitismus
1337 2077 2293 2149 heiligere Rücksichten maßgebend sein mußten.
2293 2102 3261 2177 nen des Stückes, die in bezug auf die Besetzung
214 2107 1333 2172 spielen. und a bissel Parlamentsradau is allweil dabei.
1334 2117 2297 2189 Die Aussicht auf eine Rehabilitation Bernhar¬
2293 2147 3261 2217 an das Theater schwere Anforderungen stellen,
194 2127 1343 2207 n recht Den Klerikalen ist der Vorfall „ein gefundenes
1339 2167 2287 2234 dis, der diesem allem aber wenig nachfrägt, son¬
2283 2183 3262 2265 sind durchwegs lebenswahr und scharf umrissen
192 2176 1349 2262 kann es Fressen“ um gegen den Juden und „Freigeist“
1328 2213 2292 2292 dern „sei Ruh haben“ will, bildet den einiger¬
2283 2229 3261 2294 gezeichnet. Es gibt nur Männerrollen mit Aus¬
204 2218 1339 2303 daß ge= Bernhardi loszugehen — was insofern unrichtig
1335 2248 1934 2317 maßen versöhnenden Schluß.
2286 2261 3269 2356 nahme der farblosen Figur einer Krankenschwe¬
217 2261 1348 2351 getrof= ist, als Bernhardi in seinem Benehmen gegen
1390 2287 2285 2365 Zum vollen Verständnis des Stückes sollte
2277 2309 3168 2371 ster, die aber nur im ersten Akt erscheint.
194 2325 1331 2387 Auffüh= den Geistlichen nicht aus Gründen der Reli¬
1324 2330 2295 2410 man allerdings in den Winkelgängen der öster¬
2336 2352 3254 2428 Die Aufführung hat gezeigt, daß das Stück.
185 2366 1342 2435 n. Diegionsfeindlichkeit, sondern der Menschlichkeit ge¬
1339 2382 2288 2444 reichischen Politik etwas bewandert sein; sie be¬
2282 2388 3258 2477 trotzdem das Milieu, in dem sich die geschilderten
190 2397 2295 2494 us pri= handelt hat. Die Macht der Klerikalen reicht herrscht mit ihren zahlreichen Strömungen das
2278 2444 3265 2520 Vorgänge abspielen, uns ziemlich fernliegt, auch
195 2434 1345 2513 hhaltenen weit und trotzdem der Mniister der innern An¬
1329 2467 2285 2537 Feld. Jedenfalls ist das Stück für Politiker
2276 2483 3259 2563 das bernische Auditorium zu fesseln vermochte.
188 2472 1337 2554 Sterben. gelegenheiten ein Freund und Studienkamerad
1323 2501 2301 2581 ebenso interessant als lehrreich. Als Theaterstück
2276 2521 3258 2593 Mit Interesse, zeitweilig mit lebhafter Span¬
193 2537 1350 2591 hoffnung Bernhardis ist, der ihn gerne vor dem Schlimm¬
1328 2549 2296 2607 gewinnt allerdings das Schnitzlersche Werk
2287 2563 3262 2640 nung, verfolgte das zahlreich anwesende Pu¬
193 2576 2278 2660 s nicht. sten retten möchte, so scheitert dies an Bernhar= durch dies Vorherrschen der politischen Kontro¬
2278 2611 3245 2673 blikum den Lauf der Handlung und des Dia¬
190 2625 2287 2695 ie, fühlt dis „Starrköpfigkeit“ d. h. an seiner geraden versen nicht besonders. Die ersten drei Akte brin¬
2267 2659 3254 2729 logs, und der Beifall war nach jedem Akt ein
191 2664 3243 2723 hie Wie= und ehrlichen Gesinnung, die sich auf Kompro=gen zwar recht dramatisch bewegte Handlung, lauter und anhaltender. Ich hörte im Zuschauer¬
205 2706 3254 2833 kranken=Imisse nicht einlassen kann, sondern eine klare Si= später herrscht der Dialog vor. Im übrigen ver=raum sagen, daß Doktor Bernhardi Schnitzlers
