3392 4352
1609 219 2060 311 box 31/5
239 252 1446 318 25. Professor Bernhardi
856 454 1848 560 S
1181 553 1386 627 —THE—
1457 538 1827 723 Associariolt,
728 602 1153 748 GEAERAL PRES
852 740 1771 835 13, FARRINGDON AVENUE, E.C.4.
651 787 701 852 4
1341 807 1751 858 GENTRAL 2684.
858 822 1216 879 TELEPHONE 2
1111 850 1746 925 Mittiimscnmamshelnmtrktiahmiitttsstsirentstangentsthungntnaitnt
749 903 1867 1014 Cuting from i
1359 1009 1674 1101 eengenecegrntecheren s.
761 1035 1430 1127 ssue daied 3 JAN. 1937
1011 1497 2421 1653 Atthe Plap. (e St. Zohn Ervine.)
1271 1714 2138 1792 PLAYS IN PRINT.—III.
923 1828 1711 1903 I left off last Sunday at the point at
1716 1846 2550 1937 Bella and Mr. Samuel Spewack, is one#
881 1892 1713 1954 which the ancient argument about art
1717 1912 2540 1961 of those plays in which the follies of
892 1943 1700 1999 and propaganda cropped up. The dif¬
1720 1943 2551 1991 Hollywood him stars are exposed. lt
888 1983 1709 2046 ference between prepaganda which is
1725 1980 2545 2037 is amusing enough, but we know only
1721 2021 2549 2093 too well what idiots inhabit Hollywood,
884 2033 1707 2093 admirable and propaganda which is not
1721 2068 2547 2104 and do not need to have their inepti¬
885 2074 1699 2136 may be discovered in the collection of
1714 2104 2554 2164 tudes exposed again. Mr. Irwin Shaw, &
879 2124 1692 2184 short pieces entitled “ Contemporary
1721 2137 2532 2199 in" Bury the Dead, exposes the folly
890 2164 1702 2229 One-Act Plays from Nine Countries.
1713 2178 2536 2233 of war and displays all persons in autho.
880 2212 1701 2272 which Mr. Percival Wilde has edited
1715 2226 2527 2282 rity as selfish and congenital idiots.
886 2250 1697 2321 zor Harrap (7s. 6d.). This volume con¬
1715 2258 2536 2316 These complaints, too, we seem
1721 2292 2531 2358 to have heard rather often. Those who
880 2302 1703 2372 tains twelve plays, selected from the
1715 2343 2537 2382 make them appear not to realise that.
875 2352 1694 2401 work of American, British, German,
1720 2381 2538 2434 when they ask us to believe that all
874 2384 1698 2452 Austrian, Hungarian, French, and Rus¬
1708 2417 2528 2471 men who exercise power are cretins,
874 2441 1706 2500 sian authors. The first two pieces,
1709 2446 2533 2506 they ask us to condemn the entire
900 2479 1691 2539 * Hymn to the Rising Sun, by Mr.
1706 2496 2525 2553 human race as unfit to live. For if
880 2516 1697 2574 Paul Green, and Tini the Day 1 Die,
1709 2535 2528 2583 nobody who exercises authority is any
869 2554 1688 2615 by Mr. Ciifford Odets, exactly illustrate
1709 2575 2525 2621 good, then what hope have we of im¬
882 2599 1697 2652 tne point 1 try to make—thät the pro¬
1703 2612 2518 2660 proving our lot? Mr. Shaw shows us a
876 2652 1699 2691 paganda of an artist is tolerable, but
1710 2655 2531 2698 burial party in the next war which is
875 2673 1693 2731 that the propaganda of a politician,
1703 2690 2530 2742 ruined by the refusal of the dead to lie
869 2710 1695 2764 pretending to be an artist, is intoler¬
1708 2735 2529 2783 down and be buried. This refusal is
877 2768 1698 2810 able. Mr. Green is a dramatist who
1711 2770 2528 2828 followed by some jejune stuff,“ hot
878 2796 1695 2850 has not yet achieved the renown which
1708 2797 2523 2860 and spiteful,“ in which the futilitv of
876 2842 1698 2889 is his due. That failure is largely his
1705 2844 2522 2887 everything is made manifest. These
871 2880 1685 2929 own fault. He has too often allowed
1711 2885 2523 2938 angry vouths who are so eager to re¬
875 2900 1682 2970 himself to pursue causes when he
1709 2919 2521 2986 form the world give us little encour¬
870 2959 1691 3002 should more assiduously have pursued
1710 2961 2515 3017 agement to remain alive. The last
876 2995 1691 3049 truth. But it is impossible to read his
1701 2999 1861 3050 play in
1951 3000 2520 3069 volume is the late Mrs.
870 3028 1684 3081 work without realising that he is pri¬
1700 3035 2511 3090 Elsie T. Schauffier’s“ Parnell, as re¬
874 3071 1689 3115 marily a poet, and not a propagandist,
1700 3081 2452 3132 vised by Miss Margaret Rawlings.
876 3107 1690 3156 and that his unusually sensitive mind
1696 3110 2526 3169 have already stated my opinion of this
877 3135 1682 3192 is inflamed with a love of mankind
2415 3158 2525 3202 am
1705 3159 2388 3203 piece in its original form, and
876 3168 1680 3238 which compels h'm to ery out against
1704 3189 2516 3247 sorry to say Miss Rawlings has not im¬
875 3213 1682 3269 oppression. It is oppression which ap¬
1700 3223 2521 3287 proved it. She has merely made it
867 3263 1689 3301 pals Mr. Green, and not, as appears
1708 3263 2517 3322 licensable by the Lord Chamberlain.
865 3301 1688 3344 to be the case with Mr. Odets, the
1699 3306 2522 3368 I suppose Mrs. Schauffler must have
865 3322 1688 3377 politics of the oppressor. It is evident
1695 3348 2507 3387 read something abeut Parnell, but she
870 3373 1679 3417 that Mr. Green feels horror at all
1705 3388 2508 3443 must have taken uncommon care to
873 3412 1679 3466 cruelty by whomsover it is practised,
1693 3424 2512 3479 forget the facts, and she seems never.
876 3451 1685 3507 whereas Mr. Odets, who, like Medea,
1696 3454 2523 3510 for a single second, to have understood
862 3487 1686 3537 is sullen-eyed and hot with hate, is
1704 3494 2518 3560 the nature of Parnell or the mind and
865 3531 1676 3583 roused to wrath only by the cruelty
1695 3543 2513 3587 motives of Gladstone. She puts into
868 3565 1684 3619 which his political opponents inflict on
1697 3578 2513 3630 the mouth of the latter words that
868 3598 1681 3648 his political allies. Mr. Odets can be
1705 3620 2503 3655 were used by Tim Healy, and attri¬
873 3644 1675 3693 very angry about the brutality of a
1697 3651 2516 3705 butes to Parnell, who never made a
864 3668 1684 3728 Nazi to a Communist, but I feel that
1700 3693 2516 3735 witty remark or betrayed the slightest
862 3710 1673 3774 he would coo like any sucking dove
1691 3739 2505 3781 sense of humour in his life, a witticism
864 3759 1674 3803 over the brutality of a Bolshie to a
1697 3770 2509 3826 about Gladstone which was uttered by
866 3793 1682 3837 kulak or a rovalist. My suspicion is
1695 3809 2513 3864 Henry Labouchere. Parnell was in¬
868 3835 1677 3895 strengthened by Mr. Wilde's account of
1698 3852 2508 3901 capable of saving,“ I don't mind his
855 3884 1673 3924 him. Art. he wrote to Mr. Wilde,
1692 3890 2508 3930 finding the Ace of Trumps up his
896 3908 1673 3962 must be about something, a truism
1696 3929 2512 3979 sleeve, if only he wouldn't claim that
865 3946 1682 4000 with which everybody must agree. Mr.
1698 3961 2275 4017 God Almighty put it there.?
2275 3964 2478 4018 Labby
865 3985 1681 4039 Odets, who is a Broadway Bolshie.
1694 4004 2516 4057 put it better than that. Nor could he
865 4021 1357 4064 utters platitudes as
1369 4029 1444 4077 if
1447 4027 1673 4070 he were
1687 4038 2508 4094 have said," I refuse to go down to pos¬
860 4056 1677 4111 Moses bringing the Tables of the Law
1694 4083 2505 4137 terity speaking bad English.“ He had
862 4109 1672 4145 down from Mount Sinal. He goes on
1688 4122 2635 4186 no power of jesting, and was incapable
855 4137 1258 4185 to say of art that
1268 4143 1675 4185 it must be hot and
1685 4156 2447 4199 of distinguishing Enelich from b¬
2882 4097 3002 4183 —
