3344 4352
1608 214 2061 314 box 31/3
235 219 1515 329 25. Professor Bernhandi
819 890 1384 1053 Meiiinle-
1003 1018 1315 1124 8.4.37
871 1095 2424 1202 Professor Bernhardi 2
889 1179 2232 1278 Es ist der Vorzug und die Schwäche von Arthur Schnitzlers Komö¬
950 1252 2220 1310 die, daß Professor Bernhardi kein „Held“ bleibt, trotzdem er Ge¬
868 1303 2219 1345 legenheit hatte, einer zu werden. Er verweigerf — Jude in einem erz¬
869 1342 2227 1410 katholischen Lande! — dem Priester den Zutritt zu einer Sterbenden,
879 1399 2225 1452 damit sie von ihrem Schicksal nichts erfahre. Unheil, du bist im
866 1445 2219 1508 Zuge; und es war kein kleines Kunststück des Technikers Schnitzler,
871 1498 2229 1539 wie er dies Unheil sich hatte bereiten lassen. Gleich der erste Akt
873 1556 2221 1610 weckt das Gefühl der Sicherheit, daß der Dichter die Welt, aus der
870 1595 2225 1642 er ein Stück herausschnitzen, sein Stück herausschnitzlern will — näm¬
880 1646 2225 1713 lich die Welt von Aerzten, von allerlei Aerzten, und von Oesterreich,
879 1698 2222 1757 dem Vorkriegs-Oesterreich der hundert Sprachen und nicht ganz so
870 1749 2213 1800 vielen Konfessionen — bis in ihre verräterischen Winzigkeiten kennt.
871 1798 2224 1847 Es ist leicht, mit ein paar Fachausdrücken wie Sepsis, Tabes und Tu¬
879 1847 2213 1909 mor die Atmosphäre eines Krankenhauses mitzuteilen. Weniger leicht
881 1895 2226 1949 ist, von vierzehn Aerzten in jedem Akt diejenigen einzuführen, ohne
876 1953 2225 2010 deren Besonderheiten keine Reibung, also kein dramatischer Dialog
876 2010 2227 2056 entstünde, und diejenigen zurückzuhalten, die für die Steigerungen des
881 2045 2213 2105 nächsten Aktes gebraucht werden. Schnitzler geht dabei mit einer Plan¬
872 2094 2217 2136 mäßigkeit vor, die zu verfolgen ein Vergnügen ist. Erst allmählich lernt
879 2145 2224 2199 man dieses Aerztekollegium in all seiner Buntheit kennen: die Klein¬
879 2190 2215 2256 geister und die Enthusiasten, die Dunkelmänner und die Dünkel¬
880 2240 2219 2293 männer, die echten und die falschen Biederleute, die Zionisten und
875 2292 2224 2336 die Ueberläufer, die Antisemiten und die Misanthropen, die Chole¬
883 2346 2226 2408 riker und die Phlegmatiker. Selbst diese hat der Fall Bernhardi auf¬
882 2386 2215 2447 gestört. Wie jeder einzelne sich zu diesem Falle stellt, enthüllt ihn:
869 2437 2230 2479 macht ihn verächtlich oder unerheblich oder liebenswert. Der will
880 2484 2218 2531 Bernhardi halten, jener will ihn stürzen. Die Gegensätze platzen auf
872 2535 2219 2587 einander. Es gibt in jedem Akt parlamentarische und unparlamenta¬
880 2576 2212 2630 rische Redeschlachten, die das Interesse nicht sinken lassen, aber nie¬
878 2627 2221 2675 mals ein Drama zustande brächten, wenn nicht auch Bernhardi von
879 2682 2220 2719 dem Gelärm m: einen Konflikt getrieben würde, in den Konflikt, der
879 2733 2218 2775 unvermeidlich ist: daß er an der Berechtigung seiner Handlungsweise
879 2783 2211 2829 irre wird. Dieser Konflikt erfährt im Lauf der fünf Akte mannig¬
879 2829 2222 2886 fache Wandlungen und Verschiebungen, Retardierungen und Auf¬
888 2875 2220 2933 schwellungen, ohne die e; die fünf Akte gar nicht füllen könnte, und
877 2927 2219 2988 er erfährt am Ende der fünf Akte eine Schlichtung, die im Residenz¬
878 2983 1986 3038 Theater wahrscheinlich keinen Zuschauer befriedigt hat.
960 3047 2217 3124 Die eine Hälfte dieser Zuschauer kam von Gutzkow und lbsen
883 3122 2209 3181 und hatte sich nicht schlecht gefreut, mit welcher Kühnheit der Ge¬
879 3169 2214 3228 sinnungsgenosse Thomas Stockmanns gegen jeden Zwang für die
880 3218 2211 3270 Ueberzeugung des freien Mannes eingetreten war, mit welch strömen¬
878 3266 2227 3314 der Beredsamkeit der Glaubensgenosse Uriel Acostas liberale Apercus
882 3314 2217 3379 gegen die Kirche und für die Wissenschaft geformt — und zugleich
868 3365 2226 3414 bestritten hatte, daß er das tue. Jetzt war man bitter enttäuscht, daß
2044 3420 2178 3488 275
