3344 4352
1674 148 2111 240 box 30/1
303 153 1506 256 25 Professen Bernhandi
2277 878 2413 943 299
1478 893 1891 977 Bühne und Welt.
953 994 2414 1073 streiten. Und von der Leiche dieser gleichgültigen Verlorenen erhebt
952 1036 2418 1113 sich der Kampf um das Prinzip, beginnt das Kesseltreiben der Ortho¬
955 1099 2408 1180 doxen und Frischgetauften, der Parteimänner und Streber beider Kon¬
950 1134 2424 1227 fessionen wider den jüdischen Professor, der nur den Standpunkt des
965 1195 2420 1265 Arztes vertritt, den es durchaus nicht nach der heroischen Pose und nach
953 1234 2421 1319 der Märtyrerkrone gelüstete. An die Politik der kleinen Nadelstiche, als
964 1294 2428 1367 da sind Ballabsagen, Rücktritt der hochgeborenen und hochbetitelten
957 1332 2425 1416 Patrone des Krankenhauses, schließt sich das schwere Geschütz der parla¬
966 1382 2428 1469 mentarischen Interpellation, der gerichtlichen Untersuchung. Der Pro¬
962 1431 2430 1510 fessor hat im Eifer des Wortgefechts den Geistlichen einmal flüchtig mit
966 1490 2431 1558 der Hand berührt. Daraus wird vor Gericht durch die Aussage der
958 1529 2418 1622 hysterischen, bigotten Krankenschwester ein brutales Zurückstoßen des
956 1598 2429 1669 hochwürdigen Herrn, ein Verbrechen wider die Religion, das strenge
964 1630 2430 1709 Sühne heischt. Ein Schwurgericht ist die zuständige Instanz, und die
961 1687 2429 1764 Männer aus dem Volke verurteilen den Professor zu zwei Monaten
958 1752 2444 1800 Kerker, womit zugleich Verlust seiner akademischen und amtlichen Titel
967 1775 2435 1855 und der Berechtigung zur Ausübung der ärztlichen Praxis verbunden ist.
968 1834 2426 1908 In früheren Jahrhunderten, sagt ein gern liberal schillernder Prinz,
968 1871 2421 1954 wäre Professor Bernhardi als Ketzer verbrannt worden. In der Donau¬
971 1920 2433 2017 monarchie von heute reicht der Arm der Klerikalen immerhin weit
968 1980 2436 2060 genug, um eine Leuchte der Wissenschaft, einen tadellosen Gentleman,
972 2020 2435 2097 der ohne jede beleidigende Absicht von seinem Standpunkt als Arzt für
974 2072 2443 2149 das Wohl der ihm anvertrauten Kranken bis zu ihrem letzten Atemzuge
965 2120 2435 2204 eintritt, auf einige Wochen hinter schwedische Gardinen zu bringen. Die
976 2175 2436 2244 Möglichkeit, daß solchem Manne sich die Milch der frommen Denkungs¬
967 2214 2441 2293 art in gärend Drachengift verwandelt, daß aus dem tiefgekränkten
973 2268 2441 2348 Jünger der Wissenschaft ein fanatischer Agitator und Protestler wird,
969 2318 2439 2391 rückt bedenklich nahe, aber Schnitzler verteilt die Erregung bloß unter
976 2365 2447 2443 die Nebenpersonen. Da wirft sich in der prachtvoll lebendigen Sitzung
973 2411 2441 2493 des Dozentenkollegiums ein unzweifelhaft germanischer Kollege Bern¬
983 2461 2439 2557 hardis in flammender Fürsprache für den Juden auf, da platzen der
979 2520 2433 2593 überzeugte Zionist und der jüngst Getaufte, dessen Glaube um so emp¬
984 2561 2448 2637 findlicher ist, aufeinander. Geschickt hat Schnitzler es vermieden, den
979 2611 2449 2690 Unterrichtsminister, der in die Handlung eingreift, nach berühmten
982 2688 2455 2739 Mustern als deus ex machina figurieren zu lassen. Seine Exzellenz
975 2727 2444 2780 Herr Professor Dr. Flint ist vielmehr ein Duzfreund und ehemaliger
976 2760 2445 2829 Kollege Bernhardis, der dem Minister gegenüber kein Blatt vor den
981 2813 2447 2889 Mund nimmt und nicht zu nehmen braucht, ohne daß jedoch die Exzellenz
977 2860 2452 2925 in der Manier der Schwarzweißstücke lächerlich oder verächtlich gemacht
973 2905 2444 2995 würde. Der Zuschauer gewinnt den Eindruck, daß dieser Flint, mag er
989 2951 2449 3031 auch etwas von der Taktik, die man den Söhnen Loyolas zuschreibt, in
990 3000 2438 3089 seine Amtsführung übertragen, kein so übler Vertreter seines Ressorts
991 3045 2445 3133 ist, ein Mann, mit dem im Oesterreich von heute auf jeden Fall auch
993 3099 2448 3183 die Bernhardis ohne Duzbrüderschaft leben können. Daß diesem Minister
985 3149 2444 3229 ein Hofrat beigegeben ist, der sich auf den Salonanarchisten hinausspielt,
983 3199 2448 3273 hat Schnitzlers Wunsch, die Tragikomödie zum Schluß durchaus zur
984 3257 2447 3318 Komödie umzubiegen, verschuldet. Im vorletzten, vierten, Akt begegnen
981 3296 2448 3371 wir Sarceys „Grande scène à faire“. Der Priester, der schon in der
990 3343 2452 3410 Gerichtsverhandlung für den Professor günstig ausgesagt hat, kommt in
986 3399 2446 3476 später Abendstunde in Bernhardis Wohnung, um ihm ohne Umschweif
998 3442 2450 3530 zu gestehen, daß der Professor in seiner Eigenschaft als Arzt voll¬
1770 4089 1850 4142 —
