3392 4352
768 160 832 213 S
256 128 2085 237 25. Professor Bernhandi box 31/3
268 480 536 590 11RN2 131,
337 650 3259 764 Stunden sind von jener Euphorie, von jener kör= Dummheit, getaufte Juden mit Neigung zum Bernhardi ist, trotz der zwei Monate Gefängnis,
356 692 3240 767 perlichen und seelischen Glückseligkeit umstrahlt, Klerikalismus, deutschnationale Juden mit studen= kein Märtyrer. Er führt seinen Kampf nicht zu
180 730 3243 817 Komödie die nur die blühendste Hoffnung weckt, keinen Ge-tischer Vergangenheit und Schmissen im Gesicht, Ende. Sein Gerechtigkeits=Fanatismus reicht so¬
173 787 383 853 verboten
365 787 3231 848 danken an Todesnähe aufkommen läßt. Sie stirbt, tapfere und furchtsame Juden, politische und un=weit, daß er sich verurteilen läßt, aber die W.
156 809 3234 924 ie ist sie, ohne das Sakzament empfangen zu haben. Der politische Juden, rassenreine Christen von über= dung, die eine nachträglich enthüllte alsche
164 880 381 942 b und zu
359 877 2278 973 Professor wird Objekt einer klerikalen Hetze. Das zeugter Vorurteilslosigkeit, Männer, die auffahren,
164 919 370 982 das Auf¬
2268 916 3234 992 Zeugenaussage seinem Prozeß gibt, will er nicht
368 917 1319 982 Kuratorium der Anstalt demissioniert. Eine Inter¬
1300 931 2267 1014 wenn einem Juden ein Unrecht geschieht und noch
149 962 378 1022 ch-Versen¬
2251 950 3233 1015 ausnützen. Da wird er müde. Nicht ##al seine
368 955 1315 1036 pellation soll iim Parlament eingebracht werden,
1313 981 2264 1052 viel mehr solche, die tatkräftig dazu beitragen.
158 1004 376 1074 weiblichen
2268 1004 3238 1085 Memoiren will er schleiben. Die Liebe zu seinem
369 996 1320 1074 er könnte sie hindern, wenn er sich zu einem Kom¬
1308 1022 2267 1087 Schnitzlers überlegener Witz hat eine Gesellschaft
2257 1030 3231 1130 Beruf, dem er nicht länger entzogen sein will,
147 1052 1326 1132 ein ganz promiß bei dej Berufung eines Abteilungsleiters
1302 1074 3233 1128 graduierter Herren hingestellt, die sich mit viel läßt ihn den Streit um die Wahrheit vorzeitig
360 1087 1319 1160 verstünde. Er klehnt ab, die Interpellation wird
168 1092 374 1156 Stück zu
1309 1104 3229 1208 Bosheit und Gemeinheit, oft sehr geistreich, fast albrechen. Abe diese Liebe zum Berif# ## u. die¬
362 1118 1309 1208 eingebracht. Dr Unterrichtsminister, ein Freund
163 1143 364 1203 noch nicht
1308 1154 3228 1247 immer amüsant unterhält. Man kann an vielen sem Fall ein Versagen des moralischen Eisers, ist
352 1174 1299 1246 Vernhardis, ill den Professor verteidigen, der
153 1186 370 1246 politisches
1296 1191 2270 1276 dieser vollsaftigen Männer eine rechte Freude
352 1220 1310 1291 Sturm der Zyischenrufe knickt sein Vorhaben er
2257 1219 3230 1294 ein Versinken in die Gewohnheit, ist der Mangel
158 1234 357 1295 n Wiener
1303 1236 3234 1339 haben. Auch der k. k. Minister für Kultus und an Fähigkeit zum Ausharren bis in die letzten
358 1259 1305 1329 läßt Vernhartt fallen, die Anklage wegen Reli¬
167 1274 365 1332 aus dem
1305 1280 3224 1389 Utzterricht ist eine vortreffliche österreichische Konsequenzen. Darum scheitert, vielleicht bewußt,
350 1302 1316 1383 gionsstörung wird erhoben, die Geschworenen ver¬
176 1315 345 1381 „Fälle“
1289 1313 3228 1414 Studie. Diese Mischung von Herzlichkeit und die Absicht des Dramatilers dort, wo sie zu ihrem
349 1354 1312 1423 urteilen Bernhardi. Er sitzt seine zwei Monate ab,
150 1348 367 1423 nationale
1292 1369 3235 1465 Falschheit, diese Impulsivität, gemildert durch großen dialektischen Wurf ausholt, wo sich in der
330 1387 2268 1485 um dann, in bürgerlichem Ansehen ungekränkt, einen gesunden Egoismus, dieser Seelenmensch,
157 1409 355 1470 enen der
2245 1430 3226 1495 Unterredung zwischen dem Professor und dem.
343 1425 2267 1532 von mancher neuerworbenen Gunst besonnt, zu dessen Opferbereitschaft dort aufhört, wo die Sorge
161 1452 1306 1561 eist gegen seinem Beruf zurückzulehren. Der ganze Vorgang
2242 1477 3227 1552 Pfarrer die beiden Weltanschauungen mit einan¬
1298 1497 3213 1581 um die parlamentarische Abstimmung beginnt, ist der aussprechen sollen. Schnitzler ist auch zu kulti¬
162 1504 1306 1613 Pfarrer, ist selbstverständlich und darum keine Tragödie,
1293 1540 2255 1608 früher in vielen österreichischen Kabinetten gesessen.
156 1533 656 1629 er Fall nur. Komödie.
2240 1575 3217 1639 viert, um das Freidenkertum über die religiös¬
152 1583 358 1652 meist die
1283 1583 2253 1658 Ebenso wie die Ministerien voll waren von Hof¬
2245 1610 3229 1684 gebundene Philosophie einen dröhnenden Sieg
409 1601 1303 1695 Der ironisch=wehmütige Scharfblick, der in
163 1629 351 1692 ardi, zu
1284 1623 2250 1699 räten wie dieser Hofrat Winkler, der ein Anar¬
2247 1640 3216 1732 erfechten zu lassen. Die Argumente, welche die bei¬
341 1634 1292 1730 dem Wiener Roman „Der Weg ins Freie“ man¬
165 1670 344 1731 n Phan¬
1294 1667 2259 1731 chist, mindestens aber Sozialdemokrat ist und zu
2236 1692 3224 1775 den Männer gegen einander vorbringen, klingen
333 1704 1299 1780 ches politisch=psychologische Problem durchdrang,
152 1708 347 1785 erzähltes
1290 1712 3225 1834 der Sorte von hohen Staatsbeamten gehört, von sacht zu einem gedämpften Dialog ab, in dem
198 1756 350 1820 dieses
322 1736 3211 1822 richtet sich hier auf das Innenleben einer Profes= denen Viktor Adler in einer seiner letzten Reden Bernhardi nicht einmal Recht behält. Er ist lein.
335 1783 1301 1862 sorengruppe, deren Mitglieder einander in Kämp¬
1288 1805 2247 1873 vor Oesterreichs Zusammenbruch sprach, als er
2230 1823 3218 1903 Blutzeuge, er hätte nicht wie Johannes Hus oder
153 1789 1297 1894 hältigkei=ferpose gegenüberstehen. Menschenkenntnis und
1288 1842 2251 1922 sagte: Zu mir kommen täglich Generäle und Hof¬
149 1857 359 1926 d seigen
2232 1866 3217 1947 Giordano Bruno den Scheiterhaufen bestiegen
334 1871 1288 1948 Charakterbeobachtung haben ein in bunten Farben
1282 1884 2248 1967 räte mit der Frage: Warum machts Ihr nicht end¬
156 1895 350 1960 en Pro¬
2223 1906 3207 1997 und nur die vorauszusehende Milde seines Mar¬
344 1914 1300 1989 schimmerndes Gemälde geschaffen, ein Spektrum
1286 1922 1663 1993 lich Revolution?“
159 1939 339 1997 der nur
338 1952 1297 2037 von Gesinnungen, vom Schurken bis zum Idea¬
2226 1963 3211 2022 tyriums, das ihn gewiß nicht in seiner Praxis###
161 1981 344 2040 elbstver¬
1379 1978 3204 2087 Angesichts dieses anmutenden Gemenges schädigen wird, hat ihn dazu veranlaßt, den Kampft
342 2003 1281 2076 listen, vom Streber bis zum reinen Toren. Das
159 2025 347 2082 Verwun¬
1288 2001 3212 2135 österreichischer Menschenrassen verliert man bei¬ aufzunehmen. Ein Held, durch den derselbe Riß
328 2042 1279 2121 Kollegium der Aerzte des Elisabethinums weist
1284 2052 3230 2166 nahe die Hauptperson aus den Augen, den Pro- geht, der alle Schnitzlerschen Helden halbiert. Und#
152 2074 1283 2170 Emit dem alle Arten deutschösterreichischer Männlichkeit auf,
1283 2110 3198 2210 fessor Bernhardi. Daran aber ist der Fehler von der einzige Märtyrer in diesem Glaubensstreit
164 2123 1288 2204 Professorgeordnet nach ihrer Stellung zur Judenfrage.
1289 2154 2243 2228 Schnitzlers Vorzügen schuld, seine dichterisch¬
2219 2175 3193 2253 ist der Pfarrer, der seine zu schonende Zeugenaus¬
156 2159 3193 2242 kenzim= Man sindet hier offene Antisemiten Geschmacks= seelische Eigentümlichkeit, der er auch hier treu sage durch Versetzung in einen galizischen Grenz¬
160 2212 2448 2285 e letzten Antisemiten, Antisemiten aus Klugheit und aus bleibt, seine Vorliebe für die halben Helden. Denn ort büßt.
2406 2339 3314 2409 Darum ist die Philosophie dieser Komödie
2321 2387 3320 2451 nicht in der Aussprache zwischen dem Professor#
2318 2445 3306 2509 und dem Mann der Kirche enthalten, sondern in
2327 2486 3316 2547 dem hübschen, das Stück schließenden Gespräch
2330 2516 3315 2586 zwischen Veruhardi und dem Hofrat. Eine öster¬
2328 2566 3308 2638 reichische Philosophie, die Weltanschauung der per¬
2329 2602 3314 2684 sönlichen Behaglichkeit. „Wenn man immerfort#
2324 2660 3309 2709 das Richtige täte, oder vielmehr, wenn man nur
2331 2700 3296 2746 einmal in der Früh, so ohne sichs weiter zu über¬
2327 2739 3308 2799 legen, aufing, das Richtige zu tun und so in einem
2330 2771 3307 2852 fort den ganzen Tag lang das Richtige, so säße
2321 2820 3298 2877 man sicher noch derm Nachtmahl im Kriminal.“
2326 2858 3303 2934 So sprachen die Wiener Hofräte noch im Jahre
2333 2904 3313 2984 1912. Es war keine imposante Sittlichkeit, aber es
2320 2958 3316 3009 waren hübsche Merkworte fürs Leben, für ein
2327 2997 3319 3062 Leben, das nicht arm war an Schönheit und Ge¬
2333 3045 3309 3102 nuß; und es war eine Klugheit, die auch den von
2328 3084 3304 3152 solchen Männern Regierten nicht immer übel be¬
2322 3128 3314 3196 kommen musstel=Die Welt ist streng geworden, sie
2320 3178 3304 3232 ist dem Hofrat, der im Bureau zierliche Tele¬
2322 3207 3314 3290 phongespräche mit eleganten Frauen führte, hart#
2321 3258 3310 3325 an den Leib gerückt. Man muß den Bunnstrahl
2317 3300 3302 3367 politischen Puritanertums fürchten, wenn man sich
2318 3342 3294 3405 mit einer leisen, sinnenfrohen Sehnsucht an diese
2323 3384 3296 3464 Zeit erinnert, die durch einige Jahre und doch
2313 3427 3301 3500 wie durch eine Ewigkeit getrennt hinter uns liegt,
2312 3473 3297 3543 an diese Zeit, da Schnitzlers Hofräte noch leben¬
2316 3508 3308 3573 dige Gegenwartsschilderung waren. Wären nicht
2316 3557 3315 3608 die anderen, die unheilvoll energischen Hofräte ge¬
2319 3603 3303 3661 wesen die, statt mit Frauen zu sprechen und die
2312 3646 3297 3708 Akten zu registrieren, eine verständnislose brutale!
2324 3683 3301 3747 Sachlichkeit entfalteten: der gute Typus säße viel¬
2322 3729 3303 3804 leicht noch in österreichischen Ministerien. Ein ver¬
2321 3766 3306 3842 lorener Klang aus dem alten Wien hallt herüber.!
2324 3804 3328 3887 Ein verlerener Klang? Vielleicht wird er aucht
2324 3862 3210 3929 im republikanischen Wien leise weiterklingen.
2825 3901 3355 3994 Ludwig Steiner.In
