3392 4352
703 229 831 286 2 S S
1617 218 2074 310 box 31/3
254 210 1458 298 25. Pi. Bernhandi
895 491 1501 574 Juristisch: Sprechsstunden.
726 548 1777 612 Die juristische Sprechstunde im Arbeiterheim findet
619 602 1708 648 künftighin Freitag abends von 6 bis halb 8 Uhr stati.
726 635 1772 703 Die Sprechstunde im Sekreiariat der Meiall¬
624 684 1773 742 arbeiter wird wie bisher Samstag nachmittags von
619 733 1146 810 2 bis 4 Uhr abgehalten.
963 737 1798 893 Voll und Thete200
743 868 1774 936 „Professor Bernhardi“ konnte am Mittwoch ohne
628 919 1765 987 Störung zu Ende gespielt werden. Die sozialistischen
619 959 1768 1022 Arbeiter haben den Ruf unserer Stadt wieder zu Ehren
610 1015 982 1078 kommen lassen.
712 1049 1765 1108 Die Morgenröte einer neuen Zeit färbt hoffnungs¬
614 1086 1768 1153 freudig den Horizant. Machivoll ringt das Proletariat,
624 1122 1774 1196 um die Fesseln der Unkultur zu zersprengen, die ihm ein
622 1177 1772 1236 gewissenloses Bürgertum angelegt hat, um es zum willen¬
616 1226 1772 1288 losen Werkzeug seiner Machtgelüste zu machen. Fallen
631 1276 1775 1331 muß das Bildungsprivileg, aber mit ihm auch jene aus
620 1310 1763 1362 Heuchelei und nationaler Pose gemischie Scheinkultur
624 1364 1765 1409 die besonders in unseren mittleren Schulen gezüchtet
616 1399 1770 1455 wurde. So konnte es kommen, daß die Mittelschuljugend
625 1441 1770 1502 unserer Stadt, irregeleitet von den eigenen Lehrern, die
618 1481 1777 1534 ohne Schuld auf höhere Anordnung hin jahrzehntelang
625 1534 1770 1583 wissenschaftliche und historische Fälschungen vornehmen
631 1569 1775 1616 mußten, und mißbraucht von den bürgerlichen Parteien,
630 1605 1770 1676 jene widerwärtigen Szenen provozieren, die sich bei der
626 1655 1776 1723 zweiten Aufführung der Schnitzlerschen Komödie abge¬
627 1703 1772 1761 spielt hatten: denn auch diese Aktion war eine
629 1762 1770 1801 Fälschung. Die Juden, sagte man, aber den Ar¬
633 1776 1777 1842 beitern galt es. Die Arbeiterschaft verachtet diese Schein¬
632 1805 1784 1886 kultur, sie strebt mit allen ihr zu Gebote stehenden
626 1870 1776 1934 Mitteln danach, jene echte Kultur sich zu eigen zu
629 1924 1773 1978 machen, die allein aufgebaut ist auf den Grundsätzen der
628 1960 1339 2014 Wahrheit und des Rechtes.
740 1994 1782 2052 Die Arbeiterschaft fordert daher auch, daß sich ihr
631 2042 1783 2092 überall die Tore der Wissenschaft und Kunst weit öffnen,
629 2083 1776 2148 daß sie bei der Aufnahme des Bildungsgutes ungestört
638 2128 1762 2186 bleibe und von den Vermittlern desselben nicht auf
635 2176 1231 2237 falsche Wege geleitet werde.
744 2210 1775 2270 Auf solche Weise wird sie sich in kurzer Zeit auf
637 2253 1771 2311 jene Höhe wahrer Bildung und Gesittung emporarbeiten,
635 2295 1776 2358 die sie befähigt, mit der Bourgeoisie in einen
640 2342 1807 2402 erfolgreichen Kampfmitgeistigen Waffent
859 2458 1532 2549 Gleschheit, Wiemer-Neustadt
917 2572 1210 2649 4-NN 17·2
561 2804 1684 2867 zu treten. Ist es zweifelhaft, wo der Endsieg sein
555 2850 1689 2905 wird? Bei den reinen, frisch geschliffenen Waffen des
561 2887 1690 2952 Proletariats oder bei den vergifteten, aber glücksicher¬
1567 2930 1698 2990 Pour.
553 2941 1453 3011 weise immer stumpfer werdenden Waffen
553 2975 743 3046 geoisie?
547 3061 1692 3146 Wiederbefiedlung gelegter Bauerngüter und Häusler¬
1006 3127 1237 3204 anwesen.
661 3195 1704 3248 In dem in unserer Nummer 82 veröffentlichten
570 3231 1697 3293 Artikel soll es richtig heißen: „Es können also land= und
566 3287 1693 3342 forstwirtschaftliche Grundstücke, die ein selbständiges
566 3317 1703 3391 Bauerngut oder Häusleranwesen gebildet, diese Eigen¬
564 3377 1698 3429 schaft aber seit 1. Jänner 1870 verloren haben ... In
561 3406 1711 3478 dem Artikel ist durch einen Druckfehler die Jahreszahl
559 3460 909 3532 1876 angeführt.
661 3532 1700 3596 Zum Theaterrummel. Von der Direktion der Deutsch¬
554 3594 1704 3642 österreichischen Erziehungsanstalt für Knaben in Wiener=Neu¬
566 3635 1703 3679 stadt erhalten wir folgende Zuschrift mit der Bitte um Ver¬
570 3678 1714 3717 öffenilichung: „Sehr gecehrte Redaktion! Die Direktion er¬
566 3715 1702 3758 laubt sich zu Ihrem Artikel =Der Theaterstandal bei der
573 3749 1702 3794 Bernhardi'=Aufführunge in Nr. 81 Ihres Blattes mitzuteilen,
568 3773 1708 3837 daß die Schüler der Deutschösterreichischen Staatserziehungs¬
569 3808 1703 3868 anstalt dem Skandal in jeder Weise fernstehen. Indem ich
572 3864 605 3891 N
576 3853 1699 3906 Ihnen für die Veröffentlichung dieser Konstatierung im voraus
567 3886 1705 3942 danke, zeichne ich hochachtungsvoll Tesar m. p. Wir kommen
566 3920 1704 3979 dem Ersuchen mit Vergnügen nach und stellen mit Genugtuung
569 3979 1706 4024 fest, daß es noch Leiter von Erziehungsanstalten gibt, welche
572 4000 1708 4056 Wert darauf legen, die Oeffentlichkeit davon zu unterrichten,
565 4039 1531 4096 daß sie mit ihren Zöglingen dem Treiben fernstehen.
681 4087 1697 4148 Bemerkungen zu Schnitzlers „Professor Bernhardi“ Es
563 4127 1696 4194 wird uns geschrieben: Am Mittwoch den 29. Oktober ging Artur
1482 4159 1700 4205 #i“ zun
