3344 4352
1591 165 2047 271 box 30/3
230 151 1430 257 25. Professor-Bernhandi
1048 833 1425 902 Hammer. Nr. 258.
2094 846 2482 919 Leipzig, März 1913.
1007 987 2524 1068 und getauften Juden zusammensetzen, und die z. T. Zeugen des Vorganges
1014 1044 2530 1116 waren, sind die Meinungen geteilt. Es beginnt nun ein Intriquen=Spiel,
1015 1088 2541 1169 wobei die Gegner Bernhardi's in möglichst unvorteilhaftem Lichte gezeigt
998 1136 2535 1215 werden, während Vernhardi immer als der aufrichtige, freimütige Mann
998 1187 2526 1258 erscheint, der unerschrocken für die Wahrheit und für seine Überzeugung
1013 1239 2521 1286 eintritt. Licht und Schatten sind hier recht ungleichmäßig verteilt und die
1008 1280 2534 1371 Tendenz wird deutlich erkennbar, denn der Verfasser des Stückes ist auch
1003 1345 2527 1413 Jude. Damit der komische Einschlag nicht fehle, nehmen die getauften Juden,
997 1388 2526 1462 um die Echtheit ihres Glaubenswechsels zu bekunden, die Partei der Katho¬
1005 1429 2525 1512 liken und werden dafür von ihren Stammesgenossen weidlich verspottet.
1112 1482 2517 1561 Es kommt wirklich zur Interpellation im Landtag, und der Minister,
991 1531 2518 1603 ein Studien= und Duzfreund Bernhardi's, der ihn vorher seiner Sym¬
994 1582 2529 1655 pathien versichert hat, läßt — als er den starken Unwillen der katholischen
1002 1627 2510 1683 Mehrheit gewahrt — seinen Freund Bernhardi elend im Stich und befür¬
1003 1674 2517 1751 wortet sogar, ihn wegen Religions=Störung unter Anklage zu stellen. Er
1000 1732 2506 1794 begeht damit einen Wortbruch, denn er hatte versprochen, sich für Bern¬
996 1773 2515 1848 hardi zu verwenden. Wie man gewahrt, werden alle Gegner Bernhardi's
999 1822 2519 1904 als recht windige Charaktere und z. T. als voreingenommene Dummköpfe
998 1874 2516 1946 hingestellt, während alle Juden als tapfere, wahrheitsliebende Edelmenschen
988 1939 2215 2000 erscheinen. (Zu diesem Zweck ist ja das Stück geschrieben.)
1111 1967 2503 2052 Das Unerhörte (und in der Wirklichkeit sehr Unwahrscheinliche) ge¬
988 2014 2502 2077 schieht: Bernhardi wird angeklagt und zu zwei Monaten Gefängnis ver¬
981 2085 2504 2150 urteilt. Der getaufte jüdische Rechtsanwalt Dr. Goldenthal hat ihn aus¬
986 2121 2502 2173 gesucht schlecht verteidigt und muß sich viel Spott gefallen lassen. (Alle
989 2172 2450 2252 getauften Juden müssen ja — wie es in der Tendenz des Stückes liegt -
996 2229 2172 2272 als Verräter an ihrem Stamme gebrandmarkt werden.)
1097 2268 2510 2329 Nach Bernhardi's Verurteilung kommt in später Nachtstunde noch der
992 2320 2502 2390 Geistliche zu ihm, um ihm gewissermaßen Abbitte zu tun. Der Mann der
983 2369 2514 2410 Kirche hat eine tiefe Sympathie für den unerschrockenen wahrheitsliebenden
992 2414 2504 2489 Hebräer gefaßt und gibt ihm zu, daß er als Arzt völlig im Rechte gewesen
984 2463 2498 2539 sei und gar nicht anders handeln konnte. Der Geistliche hat sich aber ge¬
982 2506 2502 2584 scheut, als Zeuge vor Gericht seine volle Überzeugung hierin zu bekennen,
986 2561 2498 2638 um das Ansehen seiner Kirche nicht zu schädigen. „Gott“ hat ihm den Mund
987 2611 2497 2687 verschlossen, die volle Wahrheit zu sagen. Nicht ohne Spott nagelt Bern¬
982 2664 2506 2735 hardi die inneren Widersprüche, die hierin liegen, fest. Nach einigen
976 2711 2501 2782 philosophischen und ironischen Betrachtungen Bernhardi's über Wahr¬
979 2762 2504 2826 haftigkeit, Religion und Gottesbegriff ändert der Geistliche seine Haltung;
986 2816 2494 2871 er bekennt, daß es zwischen ihnen beiden in diesen Dingen nie ein volles
972 2856 2497 2933 Verstehen geben werde; hier sei ein Fremdes, ein Feindseliges zwischen
979 2907 2499 2982 ihnen. Bernhardi gibt schließlich die Möglichkeit einer solchen Feindseligkeit
984 2960 2494 3015 auf jüdischer Seite zu, will sie aber durch die Erlebnisse der Juden zu recht¬
981 2997 2492 3079 fertigen suchen. Der Geistliche bedauert nun seine zustimmenden Worte
980 3054 2493 3106 und nimmt sie zurück. Er erkenne den tiefen unüberbrückbaren Gegensatz
976 3108 2496 3176 der im „inneren Gefühl“ wurzele; der Geist seiner Kirche sei die Demut,
975 3159 2499 3224 auf jüdischer Seite sei Vermessenheit. Innerlich entfremdet gehen beide
976 3190 1326 3253 von einander.
1078 3246 2502 3321 Auch diese Szene, die den Geistlichen als unklar, wankelmütig und
963 3315 2489 3374 unaufrichtig zu kennzeichnen sucht, ist berechnet, die Sympathien der Zu¬
964 3348 2499 3420 schauer auf die Seite Bernhardi's zu bringen. Und dieser Zweck wird denn
958 3403 2496 3465 auch vollauf erreicht. Unser deutsches Publikum ist viel zu naiv, um die stark
