3392 4256
1152 31 1479 98 ee
1142 39 2094 119 nand Onno vom deutschen Volkstheiter
1137 104 2101 171 Wien diese Komödie Schnitzlers am vergan¬
1141 142 2111 240 genen Samstag im deutschen Kasino vor dem
1154 203 2110 282 Publikum des jüd. lit. Vereines vorlas, war
1153 254 2113 344 in der Tat ein respektables Surrogat für eine
1152 307 2124 384 Aufführung im Theater, die bekanntlich noch
1152 348 2112 435 immer von der Zensur inhibiert ist. Herr
1157 398 2129 487 Onno disserenziert die handelnden Personen
1156 460 2126 549 wohl weniger durch drastischen Wechsel stimm¬
1159 512 2130 582 licher Register, als vielmehr durch eine gewisse
1148 550 2148 649 Eiskrete Darstellung jeder einzelnen Person,
1154 618 2147 690 auch durch mimische Behelfe, ohne dabei die
1166 662 2133 738 Grenzen zu überschreiten, die für den gewieg¬
1167 704 2133 806 ten Rezitator durch die künstlerische Erkennt¬
1174 756 2143 848 nis gezogen sind, daß ein Vortragspodium
1174 821 2138 901 eben ein Podium und keine Bühne ist. Durch
1179 860 2156 938 diese Kunst, vorzulesen, vorlesend darzustellen
1164 919 2146 1001 oder — vie eicht noch besser gesagt: — dem
1177 980 2143 1064 gesprochenen Worte plastische Wirkungen ab¬
1180 1018 2150 1113 zuringen: trat das Werk, Szene für Szene,
1181 1064 2145 1159 in das Vorstellungsvermögen des Audito¬
1180 1130 2154 1205 riums, für dessen geistiges Auge und Phan¬
1193 1168 2159 1260 tasie solcherart die wirksamsten Szenenbilder
1187 1213 2149 1305 intuitiv geschafsen werden. Wir schreiben es
1198 1265 2160 1359 idem jüdisch=siterarischen Vereine direkt als eine
1191 1335 2160 1410 Tat an, daß er diese Vorlesung inaugurierte,
1187 1382 2078 1465 sind aber aus prinzipiellen Gründen nicht
1205 1404 2178 1536 der Lage, diese Vorlesung als eine Art
1764 1572 2051 1645 B
1170 1579 1248 1646 —
1140 1631 2139 1686 Olmützer Premiere aufzufassen: wir erwar=C
1143 1661 2187 1753 ten diese Erstaufführung durch das Olmürerk
1143 1751 2102 1804 Stadtthealer. War doch gerade diese ausge¬
2124 1751 2166 1827 n
1139 1788 2101 1852 zeichnete Vorle ung dazu wie geschaffen, die
1143 1832 2128 1911 ganze erbärmliche Haltlosigkeit des hinterwäld¬
1143 1889 2093 1950 lerischen Stan punktes greu zu beleuchten, auf
1135 1934 2126 2025 den sich die österreichische Zensur zu diesem
1145 2011 2170 2076 Stücke steilt, das in Deutschland volle Thea=sg
1144 2047 2171 2113 terhäuser erzengt. Als ob nur gerade dasg
1144 2098 2157 2170 Ausland darüber unterrichtet werden dürfte,p
1141 2157 2096 2211 wie ein österreichischer Dichter über die gewisse
1143 2208 2099 2261 „Liberalität“ österreichischer Minister mit künst¬
1140 2248 2167 2331 lerischem Ernste denkt, wo diese ministeriellen
1137 2302 2098 2370 „Liberalität“ schon längst das stereotype
1138 2352 2097 2408 Steckenperd der Witzblätter werden
1139 2413 2107 2460 mußte. Es trifft sich just recht gut, daß wir
1142 2460 2110 2524 heute an leitender Stelle der vorliegenden
1151 2504 2097 2576 Nummer einen Ausspruch des gegenwärtigen
1132 2526 2140 2622 Ministerpräsidenten, des Grasen Stürgkh,
1164 2617 2101 2675 sthalten können, der drastischer, ursprüng¬
1142 2667 2096 2711 licher und niederschmetternder, als es irgend
1143 2708 2109 2768 eine Komödie vermöchte, dieselben traurigen
1140 2757 2103 2829 Wahrheiten mit verblüffender Brutalität aus¬
1148 2810 2094 2867 ro#t, die Schnitler nur mit künstlerischer Fein¬
1136 2866 2091 2924 heit aufzeigt. Und dann — was das kultur¬
1136 2912 2100 2978 kämpferische Motiv der Komödie betrifft, muß
1138 2973 2105 3029 gesagt werden, daß auch hier das Zensur¬
1143 3018 2130 3084 Verbot vor der künstlerischen Objektivität, die
1138 3060 2124 3135 Schnitlers Komödie ausstrahlt, über kurz
1147 3134 2095 3185 oder lang zusammenbrechen muß. Eine Zen¬
1137 3173 2100 3231 fur, die sich an literarischen Werten
1140 3225 2101 3292 vergreist, scheint die Absicht zu haben sich vor
1143 3272 2103 3345 ganz Europa lächerlich machen zu wollen. Sie
1137 3323 2097 3394 wird zu der biteren Einsicht kommen, daß
1148 3367 2103 3435 diese Vorlesungen Onno's nicht etwa Vor¬
1142 3424 2098 3483 schubleistungen für ihr törichtes Vorhaben sind,
1143 3476 2101 3536 sondern vielmehr Handlungen, durch die
1141 3515 2109 3599 jedesmal die ganze Hohlheit dieser tendentiösen
1136 3587 2106 3638 Zensur entblößt wird. Die Zensur wird dieses
1143 3629 2097 3705 Stück frei geben müssen, will sie nicht im
1152 3683 2102 3749 Lichte dieser Omo'schen Rezitation fortwäh¬
1147 3745 2098 3799 rend als der Zeitel aus Shakespeares „Som¬
1143 3787 2103 3846 mernachtstraum“ erscheinen, der sich nur des
1128 3833 2106 3898 halb so gravitätisch geben kann, weil weder er
1144 3883 2103 3959 noch seine, nächste Umgebung sehen, daß er
1948 3941 2044 3999 —ch.
1146 3940 1601 4014 einen Eselskopf hat.
1741 3975 2137 4065 Auf dem
