3344 4320
1643 176 2113 280 box 30/4
289 159 1513 290 25. Professor Bernhardi
1512 1046 3362 1168 dem Sterbebett. Die Aerzte wissen, daß es hier keine Hoff=naten Gefängnis verurteilt, obwohl
1515 1092 2666 1173 nung mehr gibt, die Kranke selbst aber ist in einem Zustand
2671 1117 3362 1205 ungünstig für ihn aussagt und ihm
1526 1132 2668 1225 von Euphorie, wie es die Aerzte nennen, voller Hoffnung
2667 1167 3344 1255 vatgespräch sogar zugesteht, daß er
1527 1178 2675 1262 auf baldige Wiedergenesung. Da tritt, von einer Pflege¬
2669 1209 3342 1285 pflichtgemäß gehandelt habe. Vor
1527 1218 2669 1301 schwester gerufen, der Geistliche mit den Sterbesakramenten
2662 1252 3354 1340 Priester, dieser Ueberzeugung aller
1543 1255 2666 1347 ins Vorzimmer. Professor Bernhardi will der Kranken die
2667 1296 3360 1373 geben können, da es für ihn als
1527 1298 2676 1387 Todesangst, die das Erscheinen des Priesters zur Folge haben
2664 1334 3363 1416 noch höhere und heiligere Rücksichte
1522 1351 2674 1432 würde, ersparen und bittet daher den Geistlichen, von seinem
2673 1376 3362 1458 Auseinandersetzung zwischen dem Ge
1525 1394 2666 1476 Vorhaben abzustehen. Während Arzt und Priester noch
2664 1418 3363 1501 fessor bildet wohl den Höhepunkt in
1521 1444 2674 1521 (über ihre Rechte und Pflichten unterhandeln, und Professor
2667 1461 3362 1541 Stücks. Weltanschauung und Wel
1517 1477 2662 1566 Bernhardi, sich auf sein Hausrecht und seine ärztliche Macht¬
2666 1503 3361 1596 hier gegenüber und begegnen sich zu
1524 1521 2662 1607 vollkommenheit berufend, dem Priester nochmals entschieden
2663 1548 3340 1625 grund hin, der sie für ewig trennt,
1517 1559 2663 1654 das Eindringen ins Krankenzimmer verwehrt, meldet der
2656 1587 3350 1664 druck der gegenseitigen Mannesachtu
1526 1613 2667 1694 Assistenzart den inzwischen eingetretenen Tod des Mädchens,
2662 1632 3336 1711 signation als der Weisheit letzter
1518 1646 2660 1743 sodaß der Geistliche sich unverrichteter Dinge zurückziehen
2658 1675 3360 1765 nimmt Professor Bernhardi alles mi
1527 1706 2665 1789 muß. Für den Professor Bernhardi aber hat die Angelegen¬
2661 1719 3341 1805 heit hin. Er verzichtet auf jedes
1516 1737 2661 1820 heit üble Folgen. Der klerikalen Partei ist der Fall ein
2652 1758 3363 1837 zwei Monate ab und will auch vo
742 1763 1249 1851 (Quellenangabe ohne Gewähr.)
1523 1781 2664 1867 willkommener Anlaß, dem Juden und „Freigeist“ Bernhardi
2659 1814 3362 1883 wissen. Er hat gehandelt wie er hand
1513 1834 2654 1908 etwas am Zeug zu flicken. Ihr Einfluß erstreckt sich bis ins
811 1835 1440 1926 Schwäbischer Merkur
2657 1847 3348 1918 nur noch seine Ruhe haben. Sogar s
441 1853 899 1947 Ausschnitt aus:
1516 1870 2661 1950 Professorenkollegium der Anstalt, das zur Hälfte für, zur
2647 1893 3361 1972 die sich am Schluß des Stücks ein A
976 1902 1295 1992 Stuttgart
1512 1918 2656 1995 Hälfte wider Bernhardi ist. Die hochadelige und sehr fromme
2647 1928 3361 2017 gleichaültig. Der Herr Kultusministe
1517 1960 2646 2034 Patronesse der Anstalt zieht sich zurück und die hohen Herren
449 1957 619 2033 vom:
2651 1981 3353 2051 „Tragikomiker des Eigensinns“. U
597 1981 761 2074 B
1507 2005 2652 2087 des Kuratoriums legen ihre Aemter nieder. Bernhardi selbst
2642 2006 3363 2101 tischen Resignation schon bis zu ein
1514 2045 2652 2131 sieht sich gar von einer Anklage wegen Religionsstörung be¬
2644 2063 3362 2135 mus gediehener Ministerialrat nennt
1495 2063 2647 2171 Adroht. Er könnte nun den Kopf aus der Schlinge ziehen, wenn
2652 2107 3355 2196 freundschaftlich ein „Viech“. Ueber di
1501 2129 2638 2204 er sich zu gewissen Kompromissen und Erklärungen ent¬
2637 2151 2874 2211 Vorhang.
1503 2166 2654 2257 schließen möchte. Zu einer Erklärung ist er schon halb
633 2169 1284 2274 Kgl. Hoftheater: Kleines Haus.
2654 2183 3360 2266 Der große Reiz der Schnitzler'schen
1509 2214 2636 2301 und halb bereit, da wird ihm von den Klerikalen hinsichtlich
2638 2242 3362 2309 geistreichen und fesselnden Kontrovers
1504 2255 2643 2341 der Besetzung einer der Assistentenstellen an der Anstalt
382 2236 2639 2385 Arthur Schnitzler: „Professor Bernhardi.“ eine Zumutung gestellt, die er zurückweisen muß. Und so ist
2642 2285 3343 2350 einer wundervollen Weise alle möglich
399 2302 1518 2389 I M Man kann es einigermaßen be¬
2639 2328 3352 2402 mungen im politischen und sozialen Lel
1511 2347 2642 2432 er entschlossen den Kampf aufzunehmen als eine Art Recht¬
2626 2362 3361 2443 monarchie. Die verschiedensten politi
374 2343 2645 2479 Kreifen, daß gewisse Stellen in Oestreich an Arthur lichkeitsfanatiker, der jedem Menschen die Wahrheit ins
380 2398 1525 2486 Schnitzlers „Professor Bernhardi“ keine
2637 2414 3362 2484 Standpunkte un d Prinzipien, moralisch
1509 2432 2636 2512 Gesicht sagen muß, sogar dem Herrn Kultusminister, der
371 2443 1523 2514 Freude hatten und so nervös wurden, daß sie sogar das Auf¬
2627 2450 3362 2526 heitsliebe und Ueberzeugungstreue: di
1507 2477 2649 2564 einst sein Jugendfreund war und der ihn aus politischen
373 2491 1526 2567 führungsverbot über das Stück verhängten. Schnitzler hält
2632 2501 3330 2566 Gesichtspunkte, Antisemitismus und
1501 2517 3361 2601 Zweckmäßigkeitsgründen schonen möchte, den er aber in sei= viele andere schöne Dinge und Begriffe
378 2534 1512 2611 freilich der Frau Austria etwas ungalant den Spiegel vor,
1505 2549 2631 2643 nem Wahrheitsfanatismus in recht unangenehmer Weise an
366 2561 1515 2659 und läßt gewisse führende Stellen und politische Kreise in einer
2633 2578 3354 2648 tem Wechsel beleuchtet. Schnitzler bedi
1502 2608 2643 2693 gewisse Jugendsünden erinnert. Wie dann die Angelegen¬
2627 2630 3332 2690 umfänglichen Reihe von Typen und
356 2615 3346 2725 Beleuchtung erscheinen, die den Betroffenen unmöglich ange= heit Gegenstand einer klerikalen Interpellation im Parla= überwiegenden Teil ganz vortrefflich
366 2651 1511 2735 nehm sein kann. Ueber den Inhalt des fesselnden Stücks, das
1512 2694 3362 2777 ment wird, läßt ihn der Minister trotz der schönsten Ver= zeigt sich Schnitzler in seiner ganzen
363 2695 1504 2789 der Verfasser eine Komödie nennt, ist an dieser Stelle anläßlich
1498 2730 2632 2810 sprechungen aus Gründen der höheren Politik fallen. Um
356 2745 1531 2809 der Berliner Erstaufführung schon ausführlich berichtet wor¬
2620 2763 3359 2818 wird übrigens ausschließlich mit Mä
1503 2778 2623 2853 die Anstalt nicht zu schädigen, legt Prof. Bernhardi seinen
2618 2801 3353 2858 wenn man von der gerinafügigen Rol
358 2782 2623 2897 den. Im Elisabetinum, einem aus öffentlichen Mitteln Direktorposten nieder. Vor Gericht wird er weoen Religions¬
2626 2845 3358 2904 absieht. Mit der dramatischen Technik
365 2833 3352 2977 unterhaltenen Krankenhaus, liegt eine junge Sünderin auf verbrechens auf Grund verlogener Zeugenaussagen zu 2 Mo= nicht durchweg zum besten bestellt. Du
2919 3262 3359 3357 e
2493 4081 2562 4165 —
1791 4090 1900 4155 —
