3436 4256
686 195 740 247 S
1550 175 2033 274 box 31/6
198 169 1491 274 25. BrofesoBernhand
2864 1053 2982 1149 66
89 1094 593 1183 hr. Die Tageszeitungen
657 1128 2927 1209 Ja Schnigiees „Pösessde Bernhatol
96 1162 589 1224 am 19. März erfolgte
2960 1146 3182 1253 2
77 1205 591 1270 Emannes Arthur James
1425 1215 2194 1317 Von Kaplan H. Fahsel, Berlin.
83 1252 593 1311 das Greisenalter hinein
2850 1271 3028 1363 2
78 1301 603 1354 Streu seiner konservativen
898 1291 1820 1375 Der Berliner Theaterwinter brachte eine Neuauffüh¬
2372 1295 2476 1391 II.
76 1344 595 1407 #iglischen Staates beein¬
836 1362 1819 1410 rung von Schnitzlers Drama „Professor Bernhardi“, das
1886 1339 3053 1426 Nachfolgenderweise besteht ein offenbar sittlicher Fetzler
93 1389 604 1448 as politische Wirken des
831 1392 1818 1454 seit seinem Erscheinen, wie sich zeigte, an Aktualität
1816 1407 3050 1472 in dem Verhalten der gegen Professor Bernhardi auftretenden
89 1427 600 1494 chen Werke „A Defence
830 1435 1812 1499 nichts eingebüßt hat. Auch heute noch empfindet der
1820 1447 3049 1516 Personen, die durch Berufsneid, Antisemitismus und andere
832 1478 1807 1528 Zuschauer der Aufführung, die hier bereits eingehend
149 1466 595 1549 Foundation of Be¬
1826 1500 2880 1579 geistigen Laster getrieben die Situation mißbrauchen.
828 1513 1817 1561 rezensiert wurde, den Konflikt zwischen ärztlicher Pflicht¬
97 1487 600 1595 iem“ (1914) u. a. zu
816 1554 1822 1613 erfüllung und religiöser Seelsorge als ungelöst. Die
2354 1547 2486 1607 III.
831 1600 1806 1643 Fragen, die sich aus der Zugehörigkeit zum Judentum
1898 1583 3042 1663 Der prinzipielle Fehler auf seiten des Arztes und der
81 1585 597 1669 kenen hier zu gedenken,
823 1632 1810 1689 für den an einer interkonfessionellen Anstalt wirkenden
1807 1634 3032 1687 sich ihm in guter und schlechter Absicht anschließenden Per¬
92 1644 589 1711 felhaft der Urheber der
826 1669 1813 1714 Professor Bernhardi noch besonders zuspitzen, haben ja bei
1813 1681 3038 1754 sonen liegt in folgendem: Die Pflicht des Arztes besteht
88 1693 601 1753 n der Nachkriegszeit zu
819 1713 1814 1786 gegenwärtigen üblichen nationalsozialistischen Hetzen noch
1822 1727 3041 1767 im wesentlichen in der Herbeiführung der körperlichen Ge¬
118 1734 591 1798 zu der während der
815 1746 1225 1814 erhöhte Bedeutung.
1811 1765 3036 1820 sundheit des Kranken. Da in unserem Theaterstück der Tod
94 1786 585 1844 hteien Deklaration ver¬
895 1787 1800 1851 Nachdem in der Rezension zu den Fragen bereits
1805 1813 3044 1886 der Kranken wissenschaftlich gewiß und zeitlich ganz nahe
90 1827 575 1891 tische Gesichtspunkte ge¬
827 1833 1800 1890 vom jüdischen Standpunkt Stellung genommen wurde,
1821 1858 3038 1924 bevorsteht, so handelt der Arzt nicht richtig, wenn er die
93 1870 587 1936 nke, die christliche Welt
813 1879 1808 1935 haben wir uns an den bekannten katholischen Geistlichen
1812 1900 3043 1971 Abwehr des Priesters als eine mit seinem Berufe schlechthin
821 1912 1803 1973 Kaplan Fahsel mit der Bitte gewandt, uns seine grund¬
93 1921 579 1974 verübte Unrecht gutzu¬
1808 1942 3033 2005 nondendig verbundene Pflichterfüllung auffaßt und durchsetzt.
818 1957 1810 2002 sätzliche Stellungnahme mitzuteilen. Herr Kaplan Fahsel
106 1954 585 2018 als Balfour=Deklara¬
828 2003 1809 2054 ist unserer Bitte liebenswürdiger Weise nachgekommen.
1813 1990 3043 2056 In unserem Falle war der Arzt sehr wohl berechtigt, dem
79 2002 578 2073 ng folgenden Wortlaut:
817 2031 1809 2091 Wir glauben, daß seine Antwort für unsere Leser
1809 2018 3057 2123 Priester seine Bedenken mündlich vorzustellen, aber nicht.
81 2050 575 2129 Amt, 2. November 1917.
814 2062 1417 2133 besonders interessant sein wird.
1566 2074 1776 2138 Die Red.
1802 2081 2862 2149 dem Seelsorger körperlich den Weg zu verstellen.
83 2113 587 2175 ir ein großes Vergnü¬
1891 2113 3036 2191 Wie ferner der Geistliche die Pflicht hat, auch auf
96 2157 578 2206 Regierung die folgende
1807 2155 3029 2217 das körperliche Wohl des zu Behandelnden eine gewisse
670 2141 1800 2231 Ihrer Anfrage gemäß ist meine grundsätzliche Stel¬
90 2202 578 2263 zionistischen Bestrebun¬
1812 2206 3035 2280 Rücksicht zu nehmen, ebenso hat auch der Arzt die Pflicht bis
583 2194 1799 2284 lungnahme zu dem „Konflikt zwischen ärztlicher Pflicht und
108 2241 577 2320 t unterbreitet und von
1806 2249 3037 2333 zu einem gewissen Grade Rücksicht zu nehmen auf den Seelen¬
586 2251 1794 2340 religiöser Seelsorge“ im Schnitzlerschen Werk „Professor Ber¬
588 2291 944 2365 nardi“ folgende:
1807 2305 3029 2367 zustand seines Patienten, also konfessionelle Rücksichten, wenn
95 2307 583 2398 htet die Schaffung einer
1809 2350 3034 2402 es sich um einen Katholiken handelt. In unserem Falle han¬
675 2342 1796 2432 Auf beiden Seiten liegen taktische Fehler im Verhalten
105 2375 565 2437 für das jüdische Volk
1798 2387 3035 2459 delt es sich um ein katholisches Land, wo zumal ein jüdischer
583 2377 1219 2475 der auftretenden Personen vor.
91 2420 571 2491 en Anstrengungen ma¬
1809 2432 3034 2500 Arzt den Takt besitzen muß, außerdem als Leiter einer
84 2465 586 2516 ks zu erleichtern, wobei
1152 2449 1222 2542 I.
1801 2475 3029 2541 Anstalt, solchen sakramentalen Situationen in kluger Weise
92 2502 574 2572 ichts getan werden soll,
663 2502 1795 2579 Der prinzipielle Fehler auf seiten des Priesters und
1802 2519 3038 2572 vorzubeugen durch Anweisung der Schwester oder persönlichen
84 2554 581 2614 Rechte bestehender nicht¬
586 2545 1797 2632 der sich ihm in guter und schlechter Absicht anschließenden
1808 2561 3025 2619 Hinweis rechtzeitig vorher auf die Möglichkeit eines priester¬
121 2588 581 2661 oder die Rechte und
1808 2608 3030 2676 lichen Besuches. Alles dies scheint hier unterlassen worden
577 2606 1805 2673 Personen liegt in folgendem: Das Sakrament beruft sich
101 2640 580 2717 n irgendeinem anderen
582 2647 1799 2709 dogmatisch auf die Schriftstelle: „Ist jemand krank unter
1803 2656 3019 2724 zu sein, vielmehr scheint mehr oder weniger bewußt die welt¬
581 2693 1787 2757 euch, so rufe er die Presbyter der Gemeinde. .. usw.“ (Jac.
1801 2701 3029 2757 anschauliche Einstellung des Arztes, nicht etwa als Jude,
93 2704 567 2805 zur Kenntnis der zio¬
571 2742 1796 2798 5, 14). In unserem Theaterstück hat die Kranke den Priester
1806 2739 3024 2831 sondern vielmehr als Ungläubiger, ein ausschlaggebendes Mo¬
574 2779 1804 2845 nicht gerufen. Dies schließt nicht aus, daß andere Personen
1806 2791 2709 2844 tiv seiner Handlungsweise gewesen zu sein.
99 2793 539 2883 James Balfour.
584 2828 1795 2898 rechtzeitig in taktvoller Weise dem katholischen Kranken einen
1885 2832 3026 2902 Würde er in derselben Situation einen Notar zurück¬
90 2861 578 2931 ie in dieser Deklaration
583 2868 1791 2931 Ruf nach dem Priester nahelegen. Auch dies geschieht nicht,
1801 2858 3034 2957 halten, wenn der reiche Patient seinen letzten Willen noch
81 2913 572 2975 Teil der Schuld an den
577 2910 1799 2975 sondern im Gegenteil führt die Krankenschwester in taktloser
1804 2922 2228 2980 nicht festgelegt hat?
78 2955 575 3018 Palästina tragen. Wäh¬
571 2948 1801 3013 Weise gleichsam eine Ueberrumpelung durch den Priester
1894 2945 3024 3029 Schließlich mußte Professor Bernhardi als Weltmann die
94 3005 573 3061 der arabischen Gemein¬
574 2996 1788 3060 herbei. Daher ist der Einspruch des jüdischen Arztes nicht
1807 2997 3021 3055 Folgen seiner Handlungsweise der Möglichkeit nach über¬
110 3051 578 3109 beeinträchtigt werden
576 3051 1795 3100 unberechtigt, während der Priester in dieser Situation einen
1804 3051 3023 3128 blicken, und um der Sicherheit des öffentlichen Friedens
570 3091 1795 3144 hinreichenden Grund besitzt, zurückzutreten und die Seele
98 3085 569 3152 fung einer nationalen
1799 3095 3030 3177 und des Bestehens seiner Anstalt willen sich in seinem
573 3130 1789 3192 der Kranken Gott zu empfehlen. Tatsächlich tritt der Priester
88 3129 576 3203 sche Volk zugesagt. Ob
1801 3136 2346 3210 Entgegentreten beherrschen.
94 3179 567 3243 politische Stellung der
581 3183 1800 3245 zurück. Ob aus diesem Grunde, erscheint aus der Darstellung
2341 3179 2445 3258 IV.
575 3229 1792 3289 des Dichters fraglich. Jedenfalls hätte sich der Priester
92 3223 571 3282 ch die Schaffung einer
1871 3230 3015 3300 Nachfolgenderweise besteht ein offenbar sittlicher Fehler
98 3262 563 3327 das jüdische Volk nicht
575 3267 1780 3314 ausdrücklich erkundigen sollen, ob er von der Kranken ge¬
1804 3268 3013 3351 in dem Verhalten derjenigen gegen den Priester auftretenden
570 3312 1783 3364 rufen und diese irgendwie auf sein Kommen vorbereitet
121 3313 573 3371 umstritten. All das
1796 3316 3022 3396 Personen, welche die Situation benutzen, um gegen Religion,
577 3354 828 3415 worden sei.
92 3351 575 3418 befestigt, daß bei dieser
1793 3368 3018 3438 Kirche und christlichen Staat als solchem zu agitieren. Diese
88 3396 570 3466 et impera zum Nutzen
658 3398 1785 3467 Also liegt yier Taktlosigkeit der Krankenschwester und
1799 3408 3016 3494 Personen läßt der Dichter allerdings in sehr milder und
572 3418 1352 3518 Unterlassungsfehler des Priesters vor.
88 3448 562 3511 ästina Anwendung ge¬
1793 3453 2822 3536 blasser Form als organisierte Freidenker auftreten.
91 3484 568 3547 hen Staatsmann mehr
110 3539 567 3595 Weltkriege für Groß¬
87 3570 566 3638 er Lösung der Juden¬
575 3578 1666 3648 — 1
1801 3587 3020 3666 jüdischen Gemeinde, Rosenstraße 2=4, eine Kundgebung der Schüiler
84 3625 570 3693 ideren Seite auch den
1799 3647 3013 3723 höherer Schulen statt, einberufen von der Berufsberatung der jüdischen
149 3630 1036 3728 t worden sind. : # Age
1374 3652 2778 3756 en 4 W Gemeinde gemeinsam mit dem Grnderengtchnes Werten
2920 3691 3019 3752 S
