3344 4352
1129 164 1489 229 Ausschnitt aus
1388 213 1830 294 Tn Imes1.9—.
1284 321 1513 418 RATS
1130 317 1289 435 von
1368 409 1857 524 15. JUNI 1936
1242 566 1844 648 — THE THEATRES
1197 698 1927 780 A CERMAN PLAY REVIVED
1205 755 1972 831 The only new productions in London
1168 811 1968 874 this weck will be Arthur Schnitzler’s
1172 839 2004 910 Professor Bernhardt, which Will be given“
1158 913 1972 973 at ihe Embassy Theatre to-night in a
1169 943 1967 1017 translation from ihe German by Mr.
1156 991 1968 1053 FRonald Adam and Mr. Louis Borrell, and
1162 1051 1975 1119 Thistledown, an English version of a
1169 1102 1973 1157 Swedish play by Miss Selma Lagerlof,
1170 1151 1961 1216 which the Chanticleer Company are to
1164 1197 1968 1247 present at their theatre in Clareville Street
1165 1248 1964 1310 on Thursday, with Miss Clare Greet and
1178 1296 1973 1345 Mr. Hubert Gregg in the principal parts.
1166 1345 1978 1405 The Schnitzler play was performed five
1177 1396 1983 1451 years ago by the Jewish Drama League,
1173 1440 1967 1504 with Mr. Abraham Sofacr as Professor
1172 1491 1969 1557 Bernhardi, ihe Jewish doctor who, for
1171 1540 1972 1603 strictly professional reasons, stands
1173 1590 1967 1648 between a dying woman and her priest.
1172 1634 1966 1695 Inthe Embassy revival Mr. Sofaer will
1173 1689 1963 1738 again be scen in the part of Bernhardi,
1170 1727 1974 1780 supported by, among others, Mr. John
1176 1777 1975 1827 Garside, Mr. Alan Wheatley, Mr. Leonard
1179 1810 1961 1856 Sachs, and Miss Anne Cotton. Mr. Hein¬
1177 1850 1967 1909 rich Schnitzler, son of the author, has
1177 1894 1693 1948 assisted in the production.
1220 1929 1976 1975 At Oxford on Wednesday Miss Nova
1167 1966 1967 2019 Pilbeam will play the part of Rosalind in the
1172 2003 1973 2045 O.U.D.S. production of 48 Von Like J1 in
1181 2034 1976 2088 Magdalen Grove. Miss Yvonne Rorie will be
1174 2083 1968 2124 scen as Celia, Mr Michael Denison as
1185 2097 1987 2147 Orlando, Mr. Val Rogers as Jaques, Miss
1180 2139 1978 2176 Caroline Bayly as Phoebe, and Mr. Jack
1170 2168 1976 2224 Irvine, who has designed most of the
1170 2198 1978 2259 costumes, as Touchstone. The producer will
1170 2254 1983 2291 be Miss Thea Holme, who has played several
1182 2277 1979 2320 parts for ihe O.U.D.S., including Ophelia in
1168 2310 1746 2366 Hamlel and Vasmin in Hassan.
1208 2345 1981 2391 Mr. Theodore Komisarjevsky, who produced
1180 2384 1984 2438 King Leur atthe Stratford-on-Avon Festival in
1170 2422 1982 2466 April, has agreed to direct Mme. Eugenie
1178 2461 1970 2498 Leontovich in Ankony und Cleopatra, which
1182 2493 1972 2536 will be presented in the autumn under her own
1188 2523 1973 2560 management. Mme. Leontovich made her
1174 2551 1976 2609 first appearance on the London stage last
1177 2592 1979 2641 year, when she played opposite Sir Cedric
1181 2627 1599 2689 Hardwicke in Tovarich.
1311 2674 1837 2739 THE BORGIA FAMILY
1209 2731 1981 2776 Miss Ernita Lascelles has drawn upon the
1181 2772 1984 2815 history of the Borgia family for the basis of
1176 2801 1980 2841 her new three-act comedy Lucretia, which the
1178 2836 1981 2874 New Shop Window is to present at the Arts
1174 2874 1978 2913 Theatre on Sunday evening and the following
1176 2905 1982 2953 Monday afternoon. Mr. Reginald Tate will
1182 2946 1972 2993 produce the play and appear in it, together
1181 2972 1967 3022 with Mr. Charles Maunsell, Mr. David Horne
1181 3016 1972 3065 Mr. Reyner Barton, Miss Winifred Evans, and
1168 3048 1615 3099 Miss Kathleen Boutall.
1216 3068 1968 3125 The New Bournemouth Repertory Com¬
1174 3119 1966 3167 pany, formed by Mr. Anthony Bazell and Mr.
1175 3148 1966 3204 Neison King, will begin its first season to¬
1173 3179 1969 3240 night at the Theatre Royal, Bournemouth,
1167 3230 1974 3265 wih Mr. Ivor Novello’s play Full Home.
1213 3259 1968 3301 Atthe Sheffield Repertory Theatre to-night
1178 3294 1980 3328 Mr. William Sherwood will produce his own
1171 3326 1977 3367 translation of Goldoni’s comed? La Locan¬
1181 3361 1980 3401 diera, under the title of Twar Time She Wed.
1176 3394 1974 3432 The heroine of the piece is an innkeeper’s
1172 3440 1975 3472 daughter, to whom the inn itself has been left.
1182 3468 1877 3514 She has numerous suitors for her hand.
1219 3496 1968 3545 Several mimes and spoken comedies will be
1177 3546 1981 3587 included in the first part of the programme 10
1172 3580 1979 3613 be presented at the Vaudeville Theatre on
1171 3603 1990 3652 Saturday, July 4, under the direction of Miss
1172 3641 1966 3691 Trene Mawer and Miss Rubv Ginner. Inthe
1187 3664 1976 3731 sccond part there will be Greek dances and
1180 3716 1334 3761 ballets.
1215 3748 1976 3787 The coloured singers the Mills Brothers
1181 3783 1973 3822 will head the Palladium programme to-night.
1185 3818 1983 3860 They will be supported by Mr. Max Miller
1175 3853 1982 3896 Mr. Teddy Brewn, the Three Sailors,
1180 3888 1980 3930 American comedians and acrobats, and Mr.
1178 3927 1602 3974 Bobby May, the juggler.
1291 3960 1874 4011 ENGAGEMENTS THIIS WEEK
1225 4009 1804 4043 To-Mailf.— Professor Bernhurdt, Embassy.
1217 4030 1971 4085 Webersbav.—s Pon Lie #, Magdalen Grove,
1204 4064 1318 4099 Oxförd.
1196 4080 1868 4142 PTueksDAv.—Thieledown. Chantieleer Themre.
1613 4118 1712 4144 at
