3344 4352
737 169 877 221 S S 4
1620 155 2081 239 box 31/7
274 154 1486 261 25 PBernhardi
997 1155 2363 1201 Für eine Reihe von Räumen haben Architekten den Entwurf über¬
893 1175 2367 1253 nommen. Nicht alle sind glücklich; ein Verbindungsgang (Pfleghard und
901 1233 2360 1290 Häfeli) ist durch eine lastende Balkendecke in seinen gedrückten Propor¬
900 1282 2351 1335 tionen noch verdeutlicht worden; einen Sinn für solchen gequälten Raum¬
901 1331 2363 1378 eindruck gibt auch der Hinweis nicht, die angrenzenden Zimmer erscheinen
894 1368 2364 1424 dadurch höher. Für derartige Illusionen sind wir dem historischen Barock
903 1418 2371 1461 doch etwas zu ferne. Ein Herrenzimmer der gleichen Architekten (Aus¬
909 1466 2368 1517 steller Carl Studach) zeigt eine gute Disposition in Plauderecke und Arbeits¬
900 1516 2374 1560 winkel; von besonders origineller Form ist der Schreibtisch, dessen schwere
899 1556 2367 1592 Bossierung allerdings nicht zum Allernotwendigsten gehört. Der Wand¬
910 1578 2368 1649 schmuck von M. Cunz, Alder, Schaupp ist gediegen, die Bibliothekbücher
906 1651 2376 1693 sind nicht gerade letzte Leistungen der Bindekunst und Bindetechnik. Ein
905 1673 2373 1736 Esszimmer der gleichen Architekten (Aussteller H. Schlatter & Cie.) erfreut
904 1719 2376 1770 durch feine farbige Harmonie, durch ebenso praktische wie schöne und
911 1770 2370 1818 edie Stuhlformen. Der dekorative Wandfries ist hier wie anderwärts von
900 1814 2370 1868 mehr problematischem Wert. Ein Empfangszimmer der nämlichen Firma
906 1874 2361 1905 erfreut durch wohl verarbeitetes köstliches Holz, das in einem etwas un¬
909 1903 2364 1953 ruhigen Moiréewandbehang eine zu helle Folie hat. Wie in manchen an¬
913 1963 2374 1998 dern Räumen spricht auch da der Teppich zu deutlich mit und die Ge¬
905 1996 2372 2051 samtverhältnisse sind derart, dass der Charakter eines Provisoriums von
899 2034 1804 2097 lagernden Möbeln nicht ganz vermieden ist.
986 2087 2371 2137 Ein Wohnzimmer, dessen Entwurf Architekt Heene (Aussteller Emil Mayer)
911 2130 2370 2180 lieferte, charakterisiert sich durch etwas zart anmutendes Sprossenmassiv,
911 2174 2376 2223 dessen Berechtigung vor allem beim wohlgeformten Klavier hervortritt;
904 2232 2379 2274 überflüssiger Weise ist eine Tapete gewählt welche Stoff imitiert. — Von
912 2275 2367 2316 einer Solidität, die etwas das verblüffende Aufwändige streift, ist das Speise¬
907 2306 2377 2356 zimmer der Architekten v. Ziegler und Balmer (Aussteller S. Kurzmann &
909 2352 2381 2399 Cie.) ein Raum ganz im Nussbaumholz, in den Stuhlformen, im Büffet, in
914 2417 2377 2454 der Decke manch kostbares und feines Motiv spätbaroker Kunst. Doch
925 2459 2368 2500 was sollen in solch repräsentativem Raume die Ohrenklappenstühle, die
911 2493 2377 2546 mit ihrem Stoffbezug und ihrer schläfrigen Gemütlichkeit viel zu intim
924 2544 1671 2597 wirken? Auch hier also ein Misston?
1017 2571 2369 2642 Gewiss wäre noch manches treffliche Detail zu erwähnen und noch
919 2629 2371 2687 vieler weniger frefflicher Klein- und Großleistung Erwähnung zu tun;
916 2676 2375 2740 Küchen- und Baderäume wären zu inspizieren — doch erheben sie wenig
922 2724 2351 2775 Anspruch auf Raumkunst und erhalten daher zum voraus Absolution —
921 2749 2373 2812 die sie in ihrer meist schlichten Sachlichkeit und der teilweisen Ausstattung
909 2799 2383 2845 mit heimischer Keramik gar nicht einmal nötig haben. — Eine General-Ab¬
919 2843 2366 2911 solution aber können wir auf keinen Fall erteilen; dafür ist der Durch¬
918 2888 2383 2942 schnitt des Erreichten zu wenig erfreulich, das raumkünstlerische Wollen
909 2952 2381 2992 zu disparat, und zu wenig einheitlich geleitet. Hoffentlich leuchtet der Wirk¬
924 2982 2379 3037 samkeit der neuen Gewerbeschule ein besserer Stern als manchen ihrer
920 3018 2379 3083 baulichen Einrichtungen — so dass man in ein paar Jahren wieder an ein
914 3079 2375 3123 Ausstellungsunternehmen denken kann, das dann ein gesamtkünstlerisches
930 3111 2376 3172 Wirken in den Vordergrund stellt, nicht die gewerbliche und geschäftliche
973 3155 2385 3213 mehr oder weniger gute! — Einzelleistung. Die jüngere Generation,
933 3207 2375 3257 weicher Kultur des Geschmackes als eine ernste — ethisch wie materiell —
920 3248 2388 3302 wichtige Angelegenheit erscheint, mag aus der Veranstaltung von 1912
931 3291 2386 3342 in manchen Fällen wertvolle Anregungen geschöpft, in sehr vielen aber
919 3341 2382 3395 unvergesslich gelernt haben, wie es nicht zu machen ist. Ein guter Same
2253 3417 2393 3487 569
