3344 4320
656 158 783 208 eS
1593 137 2036 231 box 30/1
231 141 1444 253 25. Proor Bernhandi
806 949 2267 1054 nungen der Kunst und mit Ratschlägen, die für den produzierenden
814 1016 2265 1099 Künstler wertlos sind. Wie einem Bettler will er dem Verkannten ein
812 1067 2261 1151 Almosen geben. — Das Weib spielt in seinem Leben nur eine Rolle,
814 1122 2271 1201 soweit Kontrakt und kühle Vernunft es erlauben. Und alle haben
805 1172 2260 1245 bisher an flüchtigem Liebesrausch ihr Genügen gefunden. Bis die
798 1234 2260 1302 eine kommt, die sich in blindem Selbstvergessen dem Halbgott an
805 1273 2248 1353 den Hals wirft und vom Menschen Gerardo nicht lassen kann. Das
802 1322 2253 1395 offene, brutale Ausspielen seiner Gepflogenheiten hilft dem Kammer¬
804 1371 2249 1434 sänger bei dieser hysterischen Gattin und Mutter nicht, und ihr un¬
794 1420 2249 1475 erwarteter Selbstmord stört einen Augenblick sein seelisches Gleich¬
805 1475 2246 1541 gewicht. Einen Augenblick nur, dann hat der Satan Kontrakt seine
797 1511 2256 1588 Seele wieder eingefangen, und von dem Leichnam einer, die ihn liebte
786 1566 2252 1642 fast wie Isolde ihren Tristan, eilt er nach Brüssel, um dem Publikum
794 1620 1606 1671 das Liebessterben Tristans zu singen.
843 1658 2243 1740 Das tiefernste Drama, das aber auch Momente eines lebenverstehen¬
794 1699 2247 1788 den Humors hat, wurde hinreißend gespielt. Becker besaß, was der
781 1754 2245 1838 Dichter vom Darsteller Gerardos verlangt: Tempo, Leidenschaft¬
791 1808 2244 1887 lichkeit und Intelligenz. Er gab dem Kammersänger jene feinere
784 1865 2249 1941 geistige Brutalität, die von dem Flecken des Charakters nichts weiß
782 1924 2250 1987 und sich selbst mit ironischer Selbstverspottung alles Gefühl aus dem
786 1964 2242 2010 Herzen redet. Hermine Körner als Helene Marowa und Hanns Fischer
782 2001 2235 2086 als der vom Leben zerriebene Komponist waren nicht zu übertreffen.
789 2051 2240 2141 Beide gaben uns den vom Dichter gewollten Einblick in zerstörte
791 2099 1737 2167 Lebenskreise mit erschütterndem Realismus.
831 2159 2234 2230 Die einaktige Komödie „Hockenjos“*) von Jakob Wasser¬
786 2218 2234 2285 mann, die auf den „Kammersänger“ folgte, berührt ein Problem,
778 2266 2225 2333 das ein anderer zu einer Tragödie hätte gestalten können: den Fall
783 2293 2229 2385 des Künstlers, der, von der Mitwelt verkannt, im Elend lebt und dem
773 2357 2235 2432 die Nachwelt billige Lorbeeren pflückt. Oder besser teure: denn
781 2405 2219 2481 das Denkmal, das der ordenslüsterne Bürgermeister Karinkel der tot¬
772 2461 2229 2528 gesagten „Größe“ seines Städtchens, dem Maler Hockenjos, setzen
773 2505 2234 2571 läßt, kostet so viel, daß der Ruhmverklärte davon herrlich und in
768 2548 2223 2619 Freuden hätte leben können. Grausam aber ist es von Hockenjos,
768 2597 2221 2675 daß er just die höchste Festesfreude mit prinzlicher Denkmalsweihe
775 2648 2225 2727 und lobtriefender Festrede des Bürgermeisters durch sein unerwartetes
767 2693 2222 2777 Wiederauftauchen ernstlich gefährdet. Der Bürgermeister setzt ihn
773 2748 2228 2799 zur Rede, erkauft sein Schweigen, und während draußen vor dem
770 2789 2224 2856 Marmorhaupte des Malers die pathosschwangeren Tiraden von den
765 2843 2223 2922 Lippen des angstschwitzenden Bürgermeisters perlen, wird drinnen
763 2897 2214 2964 in der Kanzlei dem gefangengesetzten Hockenjos um den teuren Preis
763 2952 1819 3000 von 30000 M. der tropische Bart glatt abrasiert.
820 2989 2210 3053 In dieser Situation gipfelt die anspruchslose, aber wirksame Ko¬
759 3029 2207 3123 mödie, die manches treffende Schlaglicht auf die Regionen wirft, wo
758 3090 1404 3151 der Nachruhm gemacht wird.
814 3138 2215 3223 Das Centraltheater hat nach der Variétésaison seine Pforten
818 3223 2212 3314 *) Erschienen in dem Sammelband „Die ungleichen Schalen“, Fünf einaktige
749 3276 1818 3346 Dramen von Jakob Wassermann. S. Fischer Verlag, Berlin.
2105 3367 2222 3441 43
2666 4052 2816 4123 E
