3392 4352
1579 164 2062 262 hox 31/4
228 156 1535 287 25. Professer Bernhandi
532 691 787 768 Seite 12
1184 710 1422 789 Dienstag
486 759 1901 876 Brandung von mnbedentlichen Sirterimn und Hemmungs=gameian
1713 841 1897 907 Haus
484 823 1900 932 loser Gemeinheit. Das gute alte Cliquenwesen wirdpflichtet.
493 868 1714 971 schonungslos enthüllt. Eine Reihe von scharf beobachteten,
1708 927 1899 981 [Gutm
482 930 1722 1005 genau nach der armseligen Wirklichkeit studierten Typen tritt an
485 970 1723 1062 zum Tanze um das goldene Kalb. Dem einen ist die Wissenschaft
488 1023 1722 1108 eine Geliebte, der andere ist mit ihr verheiratet. Alle Beziehungen
481 1068 1715 1152 der Menschen zu ihrem Beruf werden hier von ebenso graziöser,
476 1118 1716 1199 wie unerbittlich skalpierender Meisterhand bloßgelegt. Es wäre
476 1162 1719 1253 manches zum Aufschreien lustig, wenn es nicht zufällig auch zum
480 1201 1723 1301 Aufschluchzen traurig wäre. Das Schicksal eines ruhmlosen Helden
482 1260 1724 1347 vom Tage wirkt in keinem anderen Stücke so ergreifend und er¬
474 1287 1896 1407 schütterd, wie in „Professor Bernhardi“ Hier packt die suggestive meetin,
475 1356 1718 1447 Ehrlichkeit einer Vollnatur. Mit künstlerischer Objektivität ist die
1706 1389 1895 1445 der Nen
2496 1382 3163 1466 „noinegrnatns est, bei dem
471 1406 1704 1479 Figur gestaltet. Der Arzt Schnitzler kennt den Arzt und dessen
1700 1423 1949 1511 Ausgleiddie
1924 1437 3170 1506 der zarte, liebliche Sopran der Frau Helletsgruber über den
479 1452 1703 1536 Berufskrankheiten. Aber ein einziger Bernhardirettet die Ehre des
1706 1472 1857 1521 für das
1939 1489 3142 1550 kräftigen Stimmen Maikls und Wernigks schwebte. M. C.
1703 1486 1942 1559 Nennursem
476 1499 1709 1579 ganzen Standes. Der Dichter Schnitzler fühlt der Wissenschaft den
1697 1533 1941 1598 gelaufer nd,
476 1542 1702 1631 Puls, er horcht Seelen ab. Und seine psychologischen Diagnosen
1698 1563 1955 1659 darstellteine
2024 1563 3163 1637 Deutsches Volkstheater. Schnitzlers „Professor
473 1593 1723 1677 sind unsehlbar. Er ist ein Seelenvivisektor von hohem Rang. Er
1829 1619 3170 1679 auf Bernhardi“ wird wieder in den Spielplan aufgenommen.
472 1629 1719 1723 kennt die geheimsten Komplexe und Verdrängungen seiner drama¬
1838 1661 3171 1720 nes Ein Stück, mit der psychologischen Meisterschaft, die Schnitzler
472 1679 1726 1783 tischen Patienten. Seine Satire bleibt dabei stets im Menschlichen,
1822 1703 3165 1777 ung nie im Stiche ließ, aufgebaut, aber überholt in seinen Vor¬
475 1738 1726 1822 sie übertreibt nie, um eine Pointe blitzen zu lassen, sie unter¬
1834 1744 3167 1804 iese aussetzungen. Das Fundament, das einmal diese fünf Akte
1831 1797 3162 1854 nie trug, trägt sie heute nicht mehr. Nicht denkbar, daß die
464 1766 1730 1853 streicht nicht, um wohlfeile Steigerungen zu erreichen. Wundervoll
1855 1840 3171 1884 in menschenfreundliche Tat eines Arztes, der einer Kranken das
470 1830 1719 1923 ist des Dichters Kunst, die Lichter des Tragischen und Komischen
1795 1859 3169 1945 Titet. Sterben erleichtern will, einen solchen Sturm heraufbeschwört,
460 1865 1707 1971 durcheinander spielen zu lassen. Und wie tief ist selbst sein
1693 1877 1851 1955 Vertrete
1839 1923 3169 1980 erin der sich keineswegs im Wasserglas austobt, sondern in der
1701 1947 1880 1999 genommt
459 1923 1703 2014 leichter Komödiendialog, ohne deshalb schwer zu werden.
1703 1978 3177 2029 durch d' in Form einer Interpellation sogar ins Parlament hineinbläst.
457 1979 3167 2057 Aus jedem Wort spricht ein großer Künstler, ein weiser, Admiilfs=Aber: mit der Basis, auf der es wurzelt, steht und fällt jedes
472 2018 3172 2099 weltkundiger Könner, Klitsch war Bernhardi, anders dieser zutern Stück. Also auch dieses. Es bleibt freilich genug übrig; eine
459 2067 3173 2110 als Bernau, der Vorgänger; idealer, stilisierter, dabei immer Cups zu den nachtwandlerisch sichere Szenenführung, eine beträchtliche
466 2104 1706 2205 glaubhaft in seiner disziplinierten Männlichkeit. Homma,
1695 2121 3169 2178 Hütteldogilfe Sicherheit, mit wenigen Strichen einen Menschen zu umreißen.
1688 2171 1947 2235 Vorsprunpp¬
1935 2171 3188 2241 So gab es denn dankbare Aufgaben für die Schau¬
467 2162 1707 2252 Lessen und Schmöle bildeten ein Triumvirat diskreter
1792 2217 1945 2274 Shter
2598 2210 3178 2283 Er, der ehemals glühte
1937 2216 2617 2287 spieler, vorweg für Klitsch.
464 2203 1690 2293 moderner Schauspielkunst. Forest erzielte durch drastischen
1697 2230 1942 2321 ungarisahta¬
2382 2264 3180 2323 ist nun ganz schlicht, ganz klar.
1936 2251 2395 2325 in seinem Pathos,
459 2256 1699 2342 Jargonhumor die heitersten Wirkungen. Er schwelgte in komischen
1693 2301 3177 2361 müßte, caft ganz menschlich geworden. Und so ist denn sein Bernhardi
468 2311 1691 2393 Details. Herr Loibner brachte eine rührende Figur ohne
1691 2339 3011 2392 schaft. Sia K. mit bewunderungswürdiger Feinheit modelliert, er
460 2346 1706 2444 Sentimentalitäten. Edthofers Höfrat war eine Meister¬
1687 2376 3182 2447 heran. mitkämpft und zuckt von Blut bis in die Fingerspitzen. Ueberhaupt
457 2396 1690 2492 leistung. Die Herren Kutschera, Brandt, Skraup
1685 2412 3173 2493 blieben, die steht das Niveau der Aufführung auf höchster Stufe. Meister¬
1680 2448 1949 2525 zuschreibt aus
451 2456 1945 2572 und Meixner traten in kleineren Rollen sympathisch hervor. lage in Albst¬
1944 2470 3180 2530 haft Homma als Gegenspieler, ein Intrigant, der in jedem
460 2491 1707 2589 Fräulein Markus fiel durch zarte Charakteristik auf. Es gab
1938 2516 3174 2574 Augenblick glaubhaft und menschlich nah bleibt. Und sonst:
1687 2528 1875 2584 gleichen 8
456 2547 1700 2632 viel warmen, herzlichen Beifall, auch bei offener Szene nach
1938 2554 3177 2625 Skraup (eine große Hoffnung!), Schmöle, Forest,
1697 2558 1888 2620 Schußge
1945 2603 3184 2661 Brandt — eine Fülle glänzender Typen. Lessen und
1695 2592 1953 2696 besonderamen
456 2574 1691 2676 manchem tapferen Wort. Der auregende Abend bedeutet einen
1684 2647 1866 2708 mannsche
1954 2643 3177 2700 Edthofer von schärfster Kontur. Dazu die vorbildliche
453 2632 1667 2735 wohlverdienten Triumph der Dichtung wie des Dichters. a. e.
1659 2682 1871 2740 täuschen
1931 2691 3187 2753 Regie Forests — mit einem Wort: ein Ehrenabend des Volks¬
1686 2716 1878 2779 nicht an
575 2718 1684 2800 Das Moskauer jüdische akademische
1936 2727 3186 2785 theaters, das, indem es für sich selbst siegt, auch für den Autor
1677 2750 1869 2809 Bukovi l
1942 2765 3182 2836 siegen will. Trotzdem bleibt das Stück einigermaßen historisch.
461 2738 1690 2849 Theater bringt im Carl=Theater als dritte Inszenierung
1683 2765 1959 2865 auch kein für
3027 2813 3145 2884 R.
1956 2826 2412 2891 Gewitter von gestern.
452 2823 1703 2892 am Donnerstag den 13. d. M. das musikalische Stück „Die
1674 2842 1835 2931 die“
454 2856 1695 2950 Hexe“, frei nach Goldsaden, Musik von J. Achron, unter der
1695 2898 1839 2968 prass
460 2918 1845 3012 persönlichen Leitung von Alexis Granowsky. Die Bühnenbilder Spie#s
2302 2877 2929 3078 N.U Te.
463 2964 1867 3055 und Kostüme stammen von J. Rabinowitsch. Interessant ist, daß mäßige
445 2990 1696 3096 das Moskauer Blatt „Wetschernjaja Moskwa“ soeben meldet, daß
1679 3026 1867 3084 sehr vie
2476 3039 2535 3132 3
450 3054 1884 3137 Alexander Granowsky, der Leiter des Jüdischen akademischen nicht reck¬
2524 3050 2838 3167 2#.
1666 3114 1881 3160 darf, drei
2448 3115 2544 3167 7
444 3113 1902 3215 Theaiers, von der Kunstkommission der Sowjets den Auftrag Fallvirtn
446 3151 1880 3237 erhalten habe, mit seiner Truppe sofort nach Rußland ein Jouc
453 3213 1686 3281 zurückzukehren. Granowsky hatte um die Erlaubnis an¬
1671 3225 1879 3278 die Lauf¬
444 3246 1681 3337 gesucht, nach seiner Tournee durch Europa auch nach Amerika
1671 3263 1866 3328 und Ko
1679 3300 1881 3368 nicht ga
452 3296 1682 3371 fabren zu dürsen, doch wurde das Ansuchen abgewiesen,
1666 3327 1865 3409 Ungarn,
446 3350 1673 3415 weil die Tournee bisher große Verluste zu verzeichnen
1664 3376 1861 3450 peitschen
448 3393 1681 3464 hatte. Die Kontrakte, die Granowsky schon für die weitere Zeit
448 3432 1685 3519 abgeschlossen hat, müssen also annulliert werden. Man vermutet,
440 3477 1691 3569 daß nicht bloß die finanzielle Seite der Tournee, sondern auch
1769 3535 1843 3600 D
445 3532 1669 3620 politische Gründe für den ablehnenden Standpunkt der Kunst¬
1665 3554 1873 3635 Cups.
428 3551 1043 3658 kommission maßgebend waren.
1675 3608 1876 3685 Feren
1665 3656 1871 3714 [Zizko
559 3645 1683 3728 Im Raimund=Theater gelangt heute als Eröffnungs¬
1671 3692 1872 3746 dürften r
440 3694 1674 3782 vorstellung des kurzen tschechischen Gastspieles die für Wien
1667 3731 1874 3791 Prater st
435 3738 1677 3836 noch unbekannte Oper „Sarka“ von Z. Fibich zur Auf¬
1658 3773 1871 3825 1B. A. C
440 3786 638 3866 führung.
1663 3805 1872 3861 klubu
1659 3834 1868 3912 Nicholson
548 3850 1688 3920 Direktor Ferdinand Exl veranstaltet Donnerstag in Inns¬
1669 3893 1879 3957 hätten sr
429 3883 1693 3998 bruck die Uraufführung von Hans Naderers dreiaktigem
437 3934 1678 4019 Lustspiel: „Der Dorsbolschewik", das in der heurigen Spielzeit
440 4006 1681 4080 auch am Raimund=Theater in Wien zur Erstaufführung
435 4047 1546 4146 gelangen wird. Das Werk ist bei Max Pseffer erschienen.
1636 4091 1895 4166 ballbunde
542 4101 1082 4174 In der Komödie find¬
