3392 4320
280 216 2103 333 25. Professor Bernhardi box 31/3
781 1205 2142 1307 Ergebnis den Aufwand nicht lohnt. O, du mein Oesterreich! Du hast
776 1271 2141 1333 das Glück (oder das Unglück), daß deine Ankläger deine Opfer sind.
788 1322 2147 1386 Daß deine Satiriker statt grimmig zu lachen, ironisch lächeln. Daß
795 1381 2138 1437 sie witzig flackern, statt verzehrend zu flammen. Daß sie statt auf¬
781 1419 2138 1481 schreckender Streitschriften beruhigende Theaterstücke verfassen.
786 1465 2072 1542 Immer, selbstverständlich, den einen Karl Kraus ausgenommen.
795 1610 2131 1703 Die Frau ohne Bedeutung von Alfred Polgar
796 1702 2150 1796 Oscar Wilde dient in seinen vier Lustspielen dem englischen
876 1744 2138 1803 #eblikumsgeschmack mit aller Inbrunst der Verachtung,
795 1789 2142 1856 die er für ihn hegte. Diese Spiele zeigen ein süßlich-plattes Ant¬
795 1840 2153 1908 litz, belebt oder vielmehr: verleugnet durch sarkastisches Mienen¬
805 1896 2161 1946 spiel. Die Banalität ist mit Sorgfalt so durchstrichen, daß sie
807 1924 2155 1990 noch bequem lesbar bleibt. Spott mit Rückversicherung. Volle
809 1973 2156 2039 Auswertung der rührseligen Situation ... und den Standpunkt
808 2012 2160 2081 über ihr. Kaum anzunehmen, daß der Dichter viermal das
807 2053 2148 2120 Sentimentale und Triviale des englischen Theatervergnügens ver¬
810 2118 2155 2168 höhnen wollte; wahrscheinlicher ist, daß er, in vier Anläufen,
803 2142 2164 2210 einen neuen Komödienstil erstrebte. Und viermal scheiterte. Und
817 2196 2166 2252 viermal die mißglückte Originalität in gewollte Verhöhnung der
812 2240 2161 2292 Unoriginalität hinüberlenkte. Es gelingt ihm nicht, den komö¬
805 2287 2168 2334 dischen Körper zu formen, tauglich, Wildeschen Geistes Träger
810 2316 2164 2380 zu sein. So hüllt er Figuren aus der Theaterpuppenstube in die
804 2363 2158 2431 farbige Knisterseide seines Witzes. Und leblose Wachsgesichter
821 2418 2040 2488 lächeln sein schönes, strahlendes, wintersonniges Lächeln.
915 2442 2161 2530 Heute wirkt dieses Lächeln schon recht sehr gespenstisch
820 2497 2163 2573 Oh Fügung! Grade die Paradoxie, grade Das, wodurch der
823 2549 2159 2627 exklusive Oscar von der Vulgarität sich am weitesten zu ent¬
815 2581 2167 2666 fernen glaubte, grade Das wurde Beute — der Vulgarität. Jeder
818 2643 2165 2712 bessere Tischredner hat heute die Techniken Wildeschen Esprits
823 2671 2163 2755 im kleinen Finger. Aber es ist doch immer eine besondere
815 2729 2172 2791 Freude, den Meister selbst die blühenden Aperçus aus der leeren
825 2767 2166 2844 Schachtel praktizieren zu sehen. Mit dem ersten, zu dem er sich
822 2815 2167 2893 entschloß, hatte er tausende. Man kann sie nach Herstellungs¬
823 2858 2171 2925 methoden ordnen: der den Vordersatz aufliebende Nachsatz; das
818 2897 2175 2966 verkehrte Sprichwort; der Tausch von Schluß und Prämisse;
821 2945 2162 3019 die Pyramide mit der Spitze unten und der Basis oben; die Be¬
823 2997 2170 3065 handlung einer moralischen Frage als aesthetische; das Einmal¬
827 3029 2174 3108 eins als Geschmackssache; die Umdrehung platten Sinnes zu
830 3077 2178 3143 apartem Unsinn. Wilde hat das Geist-Metier bis zur Grenze
830 3124 2174 3196 ausgeschritten. Er hat noch Die, welche die Tronie ironisieren,
820 3177 1805 3230 ironisiert, also den Kubus der Ironie erfunden.
924 3226 2170 3284 In der Neuen Wiener Bühne spielt Herr Korff den grund¬
826 3261 2173 3338 schlechten, grundgescheiten Lord Illingworth, und spielt ihn rei¬
819 3312 2180 3374 zend, mit einer souveränen Haltung, die Schauspielern neuerer
828 3379 2184 3415 Generation nicht mehr erreichbar ist. Der Geist sitzt ihm so
837 3394 2182 3469 gut wie der Frack, keine Pointe fällt unter, keine auf den Tisch.
833 3448 2194 3503 Korff macht den Staub, der über der Komödie liegt, in der
820 3501 1158 3572 Sonne tanzen.
2002 3515 2125 3598 277
