3344 4352
1382 186 1448 255 d
1656 192 2102 277 box 30/3
293 198 1509 292 25. Professon-Bernhane
464 928 1335 1081 Mänchener Wonosto Nachrichten
332 974 606 1054 ITER1910
745 1024 1045 1117 München
1376 1160 2308 1247 dichterisch geschauten Existenzen. Sie werden in
518 1156 1270 1264 Professor Bernhardi
1378 1206 2288 1278 ihrem Getriebe fast wichtiger als der Titelheld, der
440 1231 1343 1307 Komödie in fünf Akten von Artur Schnitzler
1370 1246 2289 1316 aus dem Grunde schon eigentlich kein Held ist, weil
466 1282 1321 1349 Erste Aufführung im Schauspielhaus am Fe
1364 1285 2294 1363 er zuletzt resigniert. Die Kurve seiner Erlebnisse
1363 1324 2289 1394 ist in kurzem durch die fünf Akte diese: Bernhardi
455 1318 1350 1394 * Ort der Handlung: Wien um 1900. Man be¬
1371 1361 2288 1439 mißachtet mit Trotz die ersten Konsequenzen seiner
413 1371 1355 1432 findet sich im Elisabethinum, zunächst in einem Vor¬
1360 1401 2286 1482 Handlungsweise. Vermittlungsvorschläge weist er
411 1401 1349 1481 raum, der in die Krankenzimmer führt. Die spe¬
1361 1442 2289 1503 zurück, auch jene, die der ihm befreundete Kultus¬
405 1459 1342 1521 zifische Atmosphäre wird mit wenigen Strichen um¬
1355 1477 2283 1550 minister Flint, von Hause aus ebenfalls ein Medi¬
405 1482 1352 1566 rissen und gekennzeichnet. Einige Kliniker im
1350 1507 2294 1594 ziner, ihm macht. So erhalten seine zahlreichen
407 1518 1354 1603 weißen Mantel, eine Krankenschwester führen in
1362 1561 2285 1631 Feinde und Neider die Möglichkeit, den Fall aufzu¬
397 1569 1347 1643 einem kurz gehaltenen Dialog in die Handlung
1348 1589 2279 1668 bauschen und ins Politische hinüberzutreiben. Pro¬
399 1599 1347 1678 hinein. Von Tumor und Tabes ist die Rede, von
1370 1631 2284 1701 fessor Ebenwald, ein unsympathischer Streber, selbst
405 1638 1347 1711 sezieren und von dem nahen Tod eines jungen
1341 1666 2273 1748 lüstern nach der Direktion des Elisabethinums, ver¬
397 1683 1349 1754 Mädchens, das im anstoßenden Zimmer gebettet
1353 1710 2273 1788 steht die Affäre mit einer ihm und den Klerikalen
403 1719 1347 1790 liegt. Nun tritt auch Bernhardi auf, der Direktor
1344 1743 2276 1830 unerwünschten Besetzung einer Assistentenstelle durch
391 1758 1350 1838 des Elisabethinums. Er hat durch seinen Eingriff
1356 1789 2274 1866 einen von Bernhardi protegierten Glaubensgenos¬
392 1800 1340 1865 der Kranken eine letzte freudige Stunde bereitet.
1351 1824 2265 1904 sen zu vermengen und eine Interpellation im Par¬
385 1835 1325 1907 Schon eilt die Schwester, um den Geistlichen zu be¬
1329 1865 2271 1935 lament zu veranlassen. Das Kuratorium der An¬
397 1881 1330 1948 nachrichtigen. Den Pfarrer Reder von St. Florian,
1333 1895 2273 1979 stalt legt die Verwaltung nieder. Bernhardi tritt
397 1914 1327 1986 der gleich darauf erscheint, um der Sterbenden die
1346 1942 2273 2025 nach einer stürmischen Sitzung der Kollegenschaft
397 1947 1334 2023 letzte Oelung zu spenden. Bernhardi möchte aber
1335 1973 2270 2058 von seinem Posten zurück und die ins Maßlose
394 1990 1331 2062 nicht, daß das junge Mädchen durch den Besuch des
1331 2015 2267 2100 wachsende Angelegenheit erhält ihren vorläufigen
382 2031 1324 2092 Geistlichen in Schrecken versetzt und aus seiner
1332 2052 2262 2141 Abschluß durch die Verurteilung Bernhardis zu
376 2072 1326 2140 hoffnungsvollen Stimmung gerissen werde. Kraft
1342 2101 2256 2164 zwei Monaten Gefängnis wegen — Religions¬
379 2111 1317 2172 dieser Auffassung seiner ärztlichen Pflicht verwehrt
1338 2130 2257 2214 störung. Schwester Ludmilla hat unter Eid ausge¬
392 2144 1315 2213 er Reder den Eintritt, zuerst mit Worten; und wie
1336 2169 2260 2252 sagt, Bernhardi habe dem Geistlichen einen Stoß
377 2183 1330 2259 der sich nicht abhalten lassen will, tritt er ihm mit
1333 2217 2257 2290 versetzt. Späterhin nimmt sie zwar diese Aussage
388 2219 1311 2289 einer nicht mißzuverstehenden Geste in den Weg.
1330 2251 2250 2323 zurück. Aber der inzwischen von seinen Freunden
376 2250 1320 2333 Der Pfarrer zieht mit Drohungen ab, und der Kon¬
1327 2294 2254 2357 zum Märtyrer erhobene Bernhardi denkt nicht
383 2291 1305 2388 flikt, ohne den eine dramatische Handlung nicht in
1321 2323 2252 2406 daran, wie er sich ausdrückt, Berufung einzulegen
374 2341 968 2397 die Wege zu leiten, ist gegeben.
1333 2367 2243 2449 und die ganze Prozedur noch einmal durchzumachen.
420 2371 1309 2440 Nun geschieht etwas Merkwürdiges. Der Dichter
1335 2404 2245 2480 Er möchte seine sogenannte Ruhe haben und rettet
374 2415 1316 2478 Schnitzler tritt in Aktion und schiebt einen äußerst
1325 2438 2246 2518 sich unter Verzicht auf die Reformatorenpalme in
377 2440 1317 2525 kunstvollen und technisch mit absoluter Präzision
1312 2474 2242 2551 sein gemächliches Oesterreichertum zurück. Dies ge¬
378 2499 1314 2565 arbeitenden Mechanismus in diesen Konfliktskern
1319 2521 2245 2597 schieht im fünften Akt, der im Ministerium spielt,
372 2532 1319 2612 hinein. An sich liegt der Vocfall ja ziemlich klar.
1326 2565 2252 2636 und den man als Nachspiel bezeichnen könnte, als
375 2572 1310 2642 Der Priester und der Arzt, sie dachten beide von
1310 2600 2240 2682 Nachspiel auch zu all den Ideenkämpfen, die die drei
366 2614 1315 2687 ihrem Berufsstandpunkt aus korrekt zu handeln.
1317 2637 2242 2706 mittleren Akte in Schwung gesetzt haben. Von
371 2646 1313 2702 Eine Debatte über den Streitfall erscheint von ge¬
1308 2674 2236 2754 vielem ist die Rede. Von Antisemitismus bis zur
382 2686 1296 2756 ringer Exgiebigkeit an dramatischer Spannung.
1316 2715 2246 2805 Zionistenfrage. Aber es werden keine knalligen
364 2728 1295 2789 Hätte mehr Eignung zur Behandlung in Broschüren
1313 2735 2234 2827 Endergebnisse ins Parkett hinabgeschleudert. Es
361 2759 1300 2838 und Streitschriften und wendet sich mehr an die
1303 2789 2229 2867 wird nur von diesen Ideen gesprochen, und leise mit
356 2803 1298 2875 politische Tribüne. Auch außerhalb Oesterreichs.
1314 2830 2240 2909 unmerklicher Gewalt wird der Zuschauer immer
359 2844 1293 2902 Denn dies ist sozusagen ein internationaler Fall.
1301 2864 2230 2946 wieder von Diskussion zu Diskussion vom Autor
359 2879 1291 2946 Mit hundert Antworten in hundert Ländern.
1303 2907 2241 2987 hingeführt, und in ihm erwachen dabei die schönen
353 2909 1299 2982 Schnitzler aber schlägt einen unerwartet fruchtbaren
1313 2944 2230 3031 Illusionen, einer dramatischen Handlung anzu¬
354 2950 1303 3025 Weg ein und erweitert das Vorspiel zu einer Ko¬
1310 2982 1488 3041 wohnen.
350 2991 1300 3064 mödie der Konsequenzen. Dadurch gibt er dem
1333 3026 2229 3098 Hier liegt eigentlich der Reiz dieses Abends, der
358 3023 1291 3106 Thema mehr die Richtung ins Allgemeine. Der¬
1305 3044 2233 3142 sich auf einem voluminösen Textbuch von zweiein¬
359 3066 1280 3139 gestalt, daß es sich nun in der Hauptsache gar nicht
1298 3095 2238 3175 halbhundert Druckseiten aufbaut. Man muß ein
359 3111 1283 3177 mehr um diesen Disput zwischen dem Priester und
1303 3135 2223 3203 Dichter sein, um all das Dogmatische, diese ganze
351 3144 1286 3219 tem Arzt handelt, sondern daß sich zwei Welten,
1296 3173 2222 3255 Summe von Prinzipienreiterei und trockener Ideo¬
344 3188 1289 3256 zwei Rassen gegenüber treten und von beiden Seiten
1296 3213 2218 3292 logie, die in dieser Materie steckt, in so lebendiger
355 3215 1288 3295 ihre Hilfstruppen einander entgegenstellen. Erschei¬
1302 3255 2227 3331 und unausdringlicher Reproduktion für die Bühne
338 3264 2216 3377 nungen wachsen aus dem Boden und runden sich zu möglich zu machen und das Publikum auf eine so
2311 1206 3249 1299 vornehme Weise zu unterhalten. Der Zauber scheint
2303 1232 3257 1329 im Dialog zu stecken, der allenthalben voll Leben ist,
2293 1277 3242 1365 mit einer Lebendigkeit angefüllt, aus der die, ge¬
2304 1316 3239 1410 wissermaßen vor den Augen des Zuschauers, zu
2304 1361 3242 1446 einer Korona von Individualitäten sich entwickelnde
2299 1390 3237 1479 Aerzteschar die Elemente ihres Daseins schöpft. Fa¬
2290 1439 3228 1520 natiker könnten behaupten, die fünf Akte und die
2293 1465 3232 1554 Bestrebungen des Professors Bernhardi nähmen
2295 1514 3224 1594 den Verlauf des berühmten Hornberger Schießens,
2289 1544 3228 1627 nämlich ohne ein großes Ergebnis zu zeitigen. Das
2291 1586 3222 1674 Resultat liegt aber anderswo. Besteht darin, daß
2285 1620 3223 1714 Schnitzler durchaus auch als Dichter die Ehrlich¬
2286 1669 3224 1741 keit seines Bernhardi besitzt, der'sich ohne die Re¬
2280 1704 3230 1796 formatorenpalme an seinem edlen Menschentum be¬
2283 1746 2548 1797 gnügen läßt.
2325 1781 3226 1863 Gespielt wurde unter Direktor Stollbergs
2279 1810 3219 1903 Regie von Ansang an in einem Tempo, das die zu
2675 1862 2716 1899 710
2280 1851 3213 1936 durchmessende Entfernung klug zu berücksichtigen
2648 1912 2691 1936 —
2276 1898 3215 1977 schien. Aus der Aerzteschar, die sich durch unter¬
2277 1936 3207 2000 schiedlichen Bartwuchs mit Erfolg zu charakteri¬
2281 1978 3215 2046 sieren trachtete, ragten drei markante Köpfe hervor.
2271 2009 3206 2093 Es war dies Bernhardi selbst, den Herr Jessen
2278 2047 3202 2145 spielte. Mit Takt genug, um nirgend zum Fenster
2270 2093 3206 2177 hinaus zu sprechen, und mit einer sympathisch wir¬
2279 2129 3199 2216 kenden Modifikation aller Glaubensmanifeste. Den
2261 2173 3211 2248 Streber Ebenwald vermochte der immer treffliche
2255 2206 3200 2292 Herr Eßlair mit Eigensinn förmlich zu laden.
2262 2239 3198 2337 Herr Peppler gab in einer Maske, die gemischt
2257 2282 3197 2363 war aus Jahn und Laube, den aufrechten Pflug¬
2266 2325 3208 2405 felder. Herr Kalser führte sich als Pfarrer
2260 2360 3196 2434 Reder mit seiner besonnenen Art zu sprechen im
2259 2398 3192 2478 Ensemble ein. Der ministerielle Schlußakkord kam
2262 2441 3196 2505 auch in der Darstellung zu recht belustigender An¬
2259 2477 3192 2546 schauung. Herrn Günthers Minister Flint
2263 2520 3186 2582 war klug und sein Oesterreichertum hing ihm recht
2261 2553 3189 2637 stattlich von der Schulter. Herrn Randolf hat!
2244 2595 3184 2669 man lange nicht so wirksam agieren sehen wie hier
2253 2638 3188 2707 als feschen Ministerialbeamten, der inwendig so
2247 2666 3177 2751 voller Wiener Walzer steckt, daß sie ihm automatisch
2257 2713 3183 2805 auf die Lippen treten, wenn er an der k. k. Telephon¬
2240 2739 2687 2815 kurbel zu drehen hat.
2284 2793 3173 2874 Das Publikum unterhielt sich den langen Abend
2245 2828 3179 2914 über vortrefflich und bereitete Schnitzler eine Auf¬
2242 2876 3187 2971 nahme, wie er sie herzlicher vielleicht auch nicht in
2245 2910 2608 2981 Wien erlebt hätte.
2763 2948 3145 3023 Richard Elchinger
