3436 4256
1598 158 2058 243 box 31/6
232 169 1486 261 25. BrofessBehad
1170 692 1673 864 Cehn
869 845 1582 976 gocas Schawergene4un
709 946 1733 1072 IICI
776 1063 1639 1159 eadarres ssurzenes Tatroser-Ausienntrrradao
776 1121 1642 1222 BERLIN SO 16, RUNGESTRASSE 22-24
672 1270 1708 1399 Gannoversches Tageblatt, Gannover
753 1408 1396 1494 Ausschnitt aus der Nammer vomn
1411 1453 1540 1517 JAN
1442 1469 1677 1563 —35
1809 1565 2760 1636 trotz aller gegenseitigen Achtung, das Unlösbare jen¬
1030 1543 1639 1650 Berliner Theaterbrief.
1812 1609 2769 1663 seits alles Rechthabens, scharf hervortritt, und im
1819 1643 2759 1720 letzten Akt hat ein gut wienerischer anarchistischer
1080 1660 1535 1738 „Professor Bernhardi“.
1810 1683 2761 1753 Hofrat das Wort, der alles Handeln aus freiem Ge¬
1819 1718 2755 1799 wissen zwar sehr schön, aber blödsinnig findet. Wie
884 1713 1782 1797 Das Schnitzleysche Schauspiel „Professor Bern¬
1815 1757 2753 1844 Schnitzler das macht, ist immer noch sehr geistreich
1745 1790 1776 1821 7
812 1748 1769 1847 hardi“, das im „Tyeater an der Königgratzer Straße“
1802 1807 2751 1880 und lebendig, aber der schlichte Schwung eines Ten¬
827 1809 1780 1883 mit Fritz Kortner in der Hauptrolle so außerordent¬
1796 1836 2655 1909 denzstücks erlahmt dabei natürlich vollkommen.
814 1850 1780 1923 lichen Beifall fand, ist jetzt mehr als siebzehn Jahre
1848 1891 2751 1961 Den äußeren Erfolg hielten in der Inszenierung
821 1894 1778 1945 alt. Am Todestage von Otto Brahm, am 28. No¬
1796 1919 2748 1999 von Viktor Barnowsky die ausgezeichneten Schau¬
817 1917 1782 1987 vember 1912, war seine Uraufführung. Man muß
1812 1957 2754 2030 spieler fest. In der Mitte Kortner als Professor
820 1966 1744 2039 leider sagen, daß es noch recht aktuell ist. Leider! —
1802 2002 2752 2073 Bernhardi, ein schon leicht verwittertes Gelehrten¬
815 1996 1775 2070 denn es ist keine reine Dichtung, sondern zum min¬
1788 2054 2740 2101 gesicht, nur wenig, aber ausreichend betont in seinem
816 2041 1773 2109 desten in seiner kräftigeren Hälfte ein Tendenzstück.
820 2080 1771 2142 Es zeigt, wie im kaiserlichen Wien ein hervorragen¬
1784 2079 2741 2152 jüdischen Wesen. Eine schwere, etwas saloppe Er¬
1799 2118 2734 2194 scheinung von großer geistiger Beherrschtheit, fast
804 2114 1772 2185 der jüdischer Arzt bei einem Konflikt mit dem
1794 2152 2742 2224 immer leise im Ton, ganz selten einmal in gefähr¬
801 2157 1764 2233 Klerus durch ein Gemisch von Antisemitismus, Ge¬
1783 2196 2287 2243 liche Drohung ausbrechend.
813 2190 1761 2259 sellschaftsintrige, Kollegenneid, Feigheit aller Art
2323 2213 2739 2262 Den Priester gab in
1795 2236 2743 2306 guter Haltung, aber nicht sehr innerlich Stahl=Nach¬
798 2241 1766 2297 zur Strecke gebracht wird. Man sollte eigentlich
1786 2273 2731 2331 baur, den anarchistischen Hofrat recht lustig Paul
798 2268 1758 2339 meinen, daß achtzehn Jahre voll Weltkrieg und Re¬
1796 2307 2729 2380 Hörbiger, einen höchst unzuverlässigen Minister, der
802 2312 1765 2375 volution die Verhältnisse so verändert hätten, daß
1779 2335 2735 2418 sich für jede Treulosigkeit ein gutes Gewissen zu er¬
803 2350 1758 2424 man so ein Stück kaum noch verstehen könnte. Aber
1780 2388 2737 2455 schwätzen weiß, spielte Panl Otto. Seine Rede floß
802 2382 1755 2464 ich fürchte, wenn man ein paar Aeußerlichkeiten des
1782 2428 2717 2498 wie ein Salonöl, aber leider ganz unösterreichisch,
803 2425 1752 2486 politischen Kostüms in Amts= und Parteibezeich¬
1788 2464 2716 2535 was in diesem Fall doch wichtig gewesen wäre. Aber
800 2463 1759 2538 nungen ändert, so könnte jeder Mensch das Stück für
1770 2502 2720 2578 Otto ist einer der wenigen wirklich preußischen
787 2503 1748 2571 gestern geschrieben halten. Die Menschen haben sich
1781 2538 2728 2613 Schauspieler von Qualität, die wir besitzen. Dafür
797 2537 1749 2615 leider herzlich wenig geändert, und ihr Verhältnis
1773 2577 2723 2654 lieferten die Herren Bressart, Salfner, Schnell,
783 2577 1751 2656 zur Geistesfreiheit, zur Wahrheit, zum Judentum
1775 2619 2729 2686 Kalser, Mamelok und Maxemilian Wolf noch aus¬
780 2617 1743 2698 und zur Berufsleistung ist nicht ehrlicher geworden,
1765 2658 2718 2739 gezeichnete Episoden. Es bleibt ein sehenswerter,
785 2661 1755 2729 als es war. Da Schnitzler den Fall mit außer¬
1768 2696 2255 2761 gehaltvoller Theaterabend.
791 2691 1741 2767 ordentlicher Sachkenntnis — als Arzt mit spezieller
776 2738 1741 2804 Kenntnis des spezifischen Wesens und Unwesens in
783 2774 1747 2827 einer Klinik und als Dichter mit sehr gründlicher
784 2815 1749 2885 Kenntnis allgemeiner Menschlichkeiten — geschrieben
775 2859 1737 2926 hat, so sind zum mindesten die drei ersten Akte, die
773 2898 1749 2958 das allmähliche Anwachsen der Intrige gegem Bern¬
773 2926 1741 2999 hardi malen, noch heute sehr wirksam. Nach der
779 2967 1734 3038 großen Pause kommt das Stück zum Stehen. Es
775 3009 1741 3074 gibt keine Steigerung und keine Auflösung der Ent¬
777 3042 1738 3117 wicklung, sondern der alte Skeptiker Schnitzler löst
770 3085 1732 3150 den einfacheren und kräftigen Theaterschriftsteller,
771 3119 1718 3187 der sich zeitweise für Wahrheit und Anstand erhitzen
762 3150 1731 3229 konnte, wieder ab und stellt den Sinn alles Kampfes
767 3193 1723 3274 in Frage. Der Priester, den Bernhardi am Besuch
759 3235 1716 3300 einer „Kranken, die ohne jede Todesahnung, in voll¬
762 3261 1720 3346 kommen glücklicher Auflösung war, verhindern
755 3316 1723 3378 wollte, hat mit dem Professor eine Aussprache, in der
746 3352 1724 3435 die Unversöhnlichkeit beider Grundanschauungen
2709 4053 2974 4141 —.
