3344 4352
229 235 1513 319 25. Professor Bernhardi
1258 1979 1429 2059 1
767 2714 1458 2781 Abraham Sofaer and Bernard
776 2747 1448 2829 Merefield in the play at the Embassy
1018 2801 1203 2859 Theatre.
1593 238 2046 319 box 3175
1817 1039 2284 1126 EXTRACT FROM
1821 1121 2269 1220 EVENING NEWS
1751 1203 2357 1302 Northoliffe House, E.C.4
2022 1336 2414 1441 16 JUNE 1936
1540 1503 2009 1593 DRILLIANT
2071 1533 3065 1632 AeIiNG N. A TII
2082 1642 2506 1731 NEW ILAr
1525 1792 2270 1919 WIT AND IRONT IN
2278 1838 3044 1932 the wicked skill with which the motives
2279 1891 2984 1957 of all the people in it are exposed.
1551 1892 2256 1998 PROFESSOR BERNHARDI“
2299 1930 3045 1999 It would be worth seeing for nothing
2253 1950 3043 2043 else but Mr. Abraham Sofaer’s splendid
2259 1990 3037 2076 performance in the title part; Mr.
1514 2026 2251 2126 ONE advantage still enjoyed by
2273 2047 3036 2133 Sofaer has just about the most beau¬
2272 2085 3033 2177 tiful voice on the London stage, apart
1617 2097 2261 2174 this tight little island of ours
2274 2120 2749 2185 from his acting ability.
1512 2142 2250 2225 is the ability to enjoy plays which
2297 2159 3024 2235 But there is also excellent acting by
1503 2195 2254 2271 arouse so much political and socio¬
2270 2182 3021 2268 Mr. John Garside, Mr. Bernard Mere¬
2273 2230 3034 2318 field, Mr. Ronald Adam, Mr. Alan
1509 2232 2260 2308 logical feeling in the country of their
2275 2263 2692 2328 Wheatley and others.
1499 2267 2089 2349 origin as to be banned there.
2298 2298 3019 2371 The Embassy Theatre has done few
1540 2329 2245 2396 Among such, plays, I understand, is
2266 2327 3020 2422 better things than“ Professor Bern¬
2260 2365 2408 2413 hardi.“
1504 2373 2246 2439 Arthur Schnitzler’s“ Professor Bern¬
2775 2394 3009 2473 J. C. B.
1494 2412 2258 2483 hardi, which the Embassy Theatre
1501 2449 2258 2527 now presents in an English version by
1491 2487 2258 2574 Messrs. Louis Borell and Ronald
1502 2523 1657 2576 Adam.
1530 2552 2256 2641 This is the sort of piece which our
1495 2580 2258 2671 own Mr. Somerset Maugham might
1489 2634 2256 2698 have written if there had been a
1493 2666 2254 2749 Jewish problem in England; it has his
1489 2697 2251 2780 wit and irony, and perhaps even morc
1492 2744 2256 2829 than his breadth of sympathy and
1488 2780 1815 2842 understanding.
1508 2837 2241 2923 Professor Bernhardi is a Jewish
1468 2891 2247 2959 doctor who prevents a Catholic priest
1474 2915 2235 2997 from giving absolution to a dying girl
1474 2958 2238 3038 when he does not wish her to realise
1475 2990 1849 3052 that she is dying.
1504 3023 2242 3102 His motives are humane and non¬
1466 3052 2232 3119 sectarian, but his action gives rise to
1464 3109 2244 3183 a tragi-comic edifice of intrigue and
1466 3134 2236 3198 electioneering, which he, for all his
1471 3175 2222 3252 dignity and common-sense is whiolly
1464 3205 1864 3260 unable to control.
1487 3242 2227 3318 Everybody proceeds to sacrifice the
1458 3265 2229 3344 simple truth in what they conceive to
1450 3296 2221 3383 be the interests of larger and finer
1454 3345 2218 3431 issues. And the author has the ulti¬
1452 3383 2218 3456 mate courage and insight to put Bern¬
1449 3412 2221 3497 hardi himself in the wrong, for not
1447 3453 2216 3525 conforming to custom in an affair in
1450 3493 2185 3562 which he has not strong convictions.
1481 3525 2209 3596 Only martyrs can afford to act on
1446 3563 2210 3633 moral principles, is his message, and
1445 3595 2217 3679 the point about Bernhardi is that he
1432 3628 2203 3706 does not want to go to the stake for
1436 3664 1682 3716 his action.
1483 3730 2204 3806 This play may sound solemn, but it
1443 3762 2225 3843 is immensely entertaining, thanks to#
