3344 4320
1583 72 2028 185 box 31/7
669 75 777 161 S S
208 87 1433 193 25. BrefEBernha
191 898 883 996 TAulad, W —
115 957 3137 1063 enblick sich durchweg dem Willen Europas fügt, ganzen Prestige geknüpft ist, auf die lange Bank schieben in dem Oesterreich=Ungarn, durch die Ereignisse ge¬
114 1037 634 1118 tärischer Art sein können.
1072 1051 3142 1129 und läßt den Uebermut der serbischen Balkanstaaten ins zwungen, darangehen muß, durch Zwangsmaßregeln
139 1099 3142 1190 Der Zeitpunkt des Beginnes dieser Aktion kann Endlose sich steigern. Oesterreich=Ungarn und Italien, Montenegro und seine Helfer dazu zu bringen, der
139 1158 1073 1231 ein sehr naher sein. Das wird in Oesterreich¬
1075 1162 2106 1244 die über die Behandlung des albanesischen Problems
2099 1172 3148 1256 Durchführung der Beschlüsse der Mächte keinen Wider¬
118 1215 1078 1289 arn niemand mehr überraschen. Wenn selbst unser
1071 1215 2105 1290 sich im vorhinein geeinigt hatten und an ihrem Ueberein¬
2089 1228 3154 1301 stand mehr zu leisten. Der volle Ernst der Situation
127 1280 1080 1404 Petenn der dine eie Beretene ier
1069 1339 2105 1413 heimischen Boden so fest wie auf jedem andern und
2178 1345 3142 1411 Wir sind somit vor ein Problem gestellt, das dem
125 1377 820 1433 Montelere Seite 29 vom 30. April 1913.
1068 1385 2099 1456 erstrebt kein Asyl im Lande der Magyaren. Von
2096 1380 3146 1454 Gläubigen nichts weniger denn als Problem erscheint
1080 1443 2096 1510 sittlichen Werten zunächst ganz abgesehen, gilt mir
2093 1438 3147 1513 und als sakramentaler Bestandteil der Religion vor der
1061 1484 2103 1552 in der inneren Anschauung die Komödie „Professor
2101 1501 3140 1569 weiteren komödienhaften Erörterung, wie sie dem
401 1486 738 1596 Feuilleton.
1062 1552 2100 1604 Bernhardi“ als Verstoß gegen den künstlerischen Ge¬
2103 1554 3153 1612 Autor des „Professor Bernhardi“ beliebte, vor dem
1066 1603 2098 1668 schmack, denn als oberstes ästhetisches Gesetz müssen
2103 1604 3142 1685 Kulissenzauber, vor der Verpöbelung durch unreife
261 1621 862 1726 Innere Zensur.
1062 1655 2101 1708 wir nun einmal anerkennen, daß die formale Be¬
2092 1658 3156 1748 Galeriebesucher behütet werden müßte. Man mag
2095 1705 3149 1782 ungläubig sein und freien Sinnes nach Toleranz
140 1710 2101 1777 Die wundertätige Zensur schafft gerade denhandlung in einem Kunstwerke mit den ideellen
2098 1762 3145 1831 rufen — die wahrhaft tolerante Menschlichkeit be¬
123 1755 2099 1833 cken, die sie mit dem Bann belegt, eine mühelose Elementen, mit dem Gedankenstoff in Uebereinstimmung
2102 1812 3148 1890 währt sich doch vor allem darin, daß ins Gehege einer
1073 1819 2108 1882 gebracht werde. Man möchte keineswegs annehmen, daß
127 1819 1072 1894 breitung. Sie beflügelt den Ruhm, den sie lähmen
2094 1845 3156 1935 Religionsgemeinschaft nicht irgendwie eingebrochen
1063 1869 2098 1936 Artur Schnitzlers Komödie einzig in der famosen Ab¬
133 1882 1078 1949 Was sie zum Schaden berührt, verwandelt sich
2101 1916 3148 1980 wird — am wenigsten auf dem Theater, das keine
1065 1927 2100 1994 schilderung ärztlicher Typen aus der Wiener Gesell¬
124 1931 1077 1995 Gold. Unter ihren Fäusten blühen Erfolge auf.
2101 1964 3140 2027 gesetzgebende Stelle und nicht der Ort für Religions¬
1076 1976 2099 2047 schaft beruhe und das Sakrament der letzten Oelung,
128 1988 1069 2052 sie hintritt, sammeln sich die lieben und guten
2097 2019 3143 2073 verbesserer ist. Fassen wir die letzte Tröstung vor dem
1062 2038 2101 2097 welches in das Schauspiel eingeführt wurde, nur als
117 2037 1069 2106 schen, um die Opfer der Zensur zu bekränzen.
2090 2074 3137 2138 Lebensende aber als private, der Einzelseele gehörige
1063 2082 2105 2149 dekorative Beigabe zu betrachten sei. Man ist dem
136 2095 1077 2158 d diese Heiltat in Wien untersagt, so sollte sie
2101 2123 3143 2172 Empfindungssache, so paßt sie erst recht nicht in das
1071 2140 2102 2201 Dichter vielmehr die Achtung schuldig, eine Idee als
106 2140 1077 2205 Preßburg fortwirken. Preßburg hoffte ein Bayreuth
2093 2172 3150 2239 Rampenlicht, wie es Artur Schnitzler ihr bereitet. In
120 2192 2103 2275 Zensur zu werden. Man gedachte, Artur Schnitzlers Fundament seines Werkes vorauszusetzen, und so gelangt
2088 2204 3146 2288 welcher Verfassung wir den Tod erwarten wollen, das
122 2251 2098 2314 ofessor Bernhardi“ den Wienern aus dem Wege das Urmotiv der Handlung, das Sakrament, in den
2086 2269 3146 2340 hat uns ein Publikum durch Beifall oder mißfällige
1063 2294 1526 2384 geistigen Vordergrund.
119 2298 1075 2364 ämen. Zehn Auflagen des Buches ächzten nach
2090 2319 3148 2389 Kundgebungen nicht zu lehren. Wir streifen hiemit
1151 2332 2111 2433 Professor Bernhardi, Direktor der Wiener
120 2358 1084 2429 verlorenen Freiheit. Aber es gelang nicht, die Er¬
2091 2374 3144 2435 schon an die sittliche Sphäre, obwohl nur das ästhetische
123 2407 1076 2476 tterung nach Preßburg zu dirigieren. Auch von
1064 2412 2103 2479 Poliklinik oder des Elisabethinums, wie sie im Stücke
2088 2432 3138 2514 Mißverhältnis aufgezeigt werden sollte, das
135 2460 1065 2520 ist ein Verbot eingelangt, das der Wiener Zensur
1059 2466 2101 2529 genannt wird, verbietet dem Pfarrer, der einer
2090 2479 3143 2558 zwischen der Idee des Sakraments und der allzu
130 2511 1068 2582 Hilfe kommt. „Professor Bernhardi“ bleibt der
1064 2513 2095 2582 Sterbenden die letzten Tröstungen reichen will, den
2093 2525 3142 2611 witzigen Umlagerung in der Schnitzlepichen Komödie
121 2561 1073 2639 ppe von Wienern, die nach ihm verlangt, noch
1059 2574 2101 2637 Zutritt zu der Kranken. Diese hatte eine schwere Schuld
2088 2583 3142 2660 besteht. Eines muß man doch gegen Me Professoren
128 2616 390 2688 er entzogen.
1064 2625 2092 2688 auf sich geladen. Sie weiß nicht, daß sie in wenigen
2085 2631 3135 2711 von Bernhardis Art sagen: Nicht der klarste und
133 2655 2113 2727 Es gibt auch eine innere Zensur, die dem Gemüte Minuten verloren ist. „Sie ist heiter,“ sagt Professor
2088 2683 3138 2762 schärfste Freigeist kann wissen, ob er im Angesichte
126 2723 2095 2796 Teilnahme an einem Werke verbietet. Diese innere Bernhardi zum Pfarrer, „glücklich und reuelos“. Der
2088 2737 3152 2797 der letzten Stunde nicht dem Priester sich näher fühlen
1064 2777 2088 2848 Pfarrer aber, der nicht eingelassen wurde, als sie starb,
121 2771 1088 2846 ur ist stärker als die gewaltsame äußere, weil
2096 2792 3138 2845 werde als irgend einem ärztlichen Assistenten. Denn
117 2827 1077 2888 aus dem ästhetischen Urteil fließt, das keinen
1059 2823 2094 2898 klagt: „Das arme Geschöpf da drin ist als Sünderin
2086 2834 3173 2912 das Sterben bleibt nun einmal der einzig erhabene
129 2881 3143 2961 spruch gestattet. Mein Geschmacksurteil ließe sich und ohne die Tröstungen der Religion dahin= Moment im Leben, und die größte Tugend ist der,
123 2944 1419 3019 inem Sonderzuge nicht entführen; es steht auf dem gegangen . ..“
2063 2942 3150 3032 gefaßte Abschied von der Welt und das würdige Ein¬
140 3003 896 3132 A-Kv. 1at(#4
346 3081 903 3191 30IT1
