3344 4352
1048 43 2164 74 „Franto=Havaria“. Der Obmann bat in langerer Rede, es
1040 66 2173 107 mögen sich alle christlichen Vereine auf dem Boden der christ¬
1028 92 2195 163 lichen Presse zur Arbeit vereinen, sonst sei alle Arbeit nur eine
1037 139 2192 186 Sisyphusarbeit. Redner; zeigte die Macht der Presse
1032 167 2123 226 und erzählte, daß weit über dem Polarkreis in Troms
1036 210 1897 269 einem Städtchen von zirka 7000 Einwohnern,
1895 209 2065 264 sechs
1042 251 2190 305 lungen erscheinen, darunier eine täglich. Sogar in der
1039 289 2194 333 nördlichsten Stadt der Weli in Hammerfest (2700 Ein¬
1029 323 2186 380 wohner) erscheint wöchentlich zweimal die Zeitung: „Finnmark¬
1027 370 2194 414 post“! Nachdem Redner noch das Treiben der semitischen
1044 391 2204 440 und vaterlandslosen Presse in Oesterreich geschildert und zum
1030 447 2198 490 Kampfe gegen sie aufgefordert hatte, schloß er unter großem Beifall.
1122 483 2189 518 Hierauf hielt, stürmisch begrüßt, LA. Vielohlawel
1028 519 2204 566 in seiner packenden volkstümlichen Weise eine einstündige Rede,
1029 560 2195 616 in welcher er in praktisch klarer Weise die ungeheure Gefährlich¬
1033 600 2189 645 keit der jüdischen Freimaurerpresse aufdeckte. Er beleuchtete die
1045 634 2188 678 Schliche und Praktiken der „Neuen Freien Presse“ hinter der
1032 669 2189 714 das gesamte Freimaurertum stehe, dann der „Zeit", hinter
1043 708 2198 765 welcher ein jüdischer Klüngel sich verberge, der die „Neue Freie
1036 748 2189 807 Presse“ gern verdrängen möchte, und endlich der sogenannten
1031 786 2190 844 „Arbeiter=Zeitung“, die alles eher sei als eine Arbeiterzeilung.
1041 819 2194 865 Auch des „frommen“ Tagbluttes gedachte der Redner. An der
1042 862 2188 906 Macht der Jndenpresse aber ist nichts arderes schuld als die
1035 892 2190 939 Gedankenlosigkeit und Sensationslüstern¬
1036 937 2202 986 heit der Christen. Jeder möchte schon zum Frühstück einen
1036 976 2199 1030 Raubmord haben. Wie macht es aber sonst diese Freimaurer¬
1031 1008 2189 1069 presse? Sie wissen, daß jedes Jahr am Ende eines Schuljahres
1041 1052 2188 1098 schöne Aussätze in der „Neuen Freien Presse“ und in den andern
1035 1092 2184 1136 Jndenblättern erscheinen, in denen geklagt wird, daß unsere
1040 1127 2195 1179 Gymnasien und Universitäten überfüllt seien, daß man deshalb
1030 1167 2191 1230 die Kinder nicht studieren lassen sollte, weil sie keine Aussicht
1033 1198 2197 1255 auf eine Stellung haben. Die Tatsache der Ueberfüllung besteht.
1037 1249 2200 1308 Aber kann sich nicht jeder, der studiert hat, in der Industrie,
1041 1272 2019 1324 im Handel und Gewerbe besser fortbringen, als
2072 1290 2189 1335 ohne
1038 1318 2190 1375 Studium? Gewiß! Was bezwecken nun diese Artikel? Die
1038 1354 1701 1396 Christenkinder sollen
1711 1357 2188 1420 nicht studieren,
1046 1395 2194 1443 sondern zum Schuster, Schneider usw. in die Lehre gehen, da¬
1038 1433 1277 1480 mit für
1361 1441 2202 1483 Judenbuben umsomehr Platz
1046 1474 2207 1529 an den Anstalten wird. Haben Sie schon einen¬
1035 1506 2200 1564 Jnden gesehen, der seine Kinder zum Tischler, Schmied,
1037 1554 2189 1606 Schlosser in die Lehre schickt? — Wird eine Akliengesellschaft
1043 1588 2201 1634 gegründet, so lancieren diese Blätter Nachrichten, daß sich
1031 1635 2161 1682 niemand auskennt und die Christen hineinfallen. War es
1024 1667 2225 1734 beim Teuerungsschwindel nicht ebenso? Haben diese!
1049 1730 2222 1798 Blätter geschrieben, daß in Berlin zu jener Zeit das Kilo
1060 1784 2227 1825 Rindfleisch um 20 bis 25 Pfennig, in Paris um 20 bis 25 Cent
1051 1832 2221 1872 teurer war als in Wien? Haben sie geschrieben, daß die
1056 1854 2230 1917 Teuerung überall ist? Nein! Sie schrieben so. daß die Be¬
1058 1903 2225 1944 völkerung glaubte, nur in Oesterreich wäre Teuerung. Die
1052 1935 2223 1994 Schuld daran haben selbstverständlich die Christlichsozialen und
1054 1977 1170 2021 die
1169 1973 1430 2028 Bevölkerung
1450 1980 2219 2031 siel darauf herein. (Zustimmung.)
1062 2014 2223 2057 Auf dem Gebiete der Kunst und Literatur ist es
1063 2055 2222 2104 ebenso. Wer nicht mit der jüdischen Punze versehen ist, kommt
1056 2093 2227 2151 nicht auf. Schauen Sie unsere Theater an! An allen fast finden
1070 2131 2223 2171 Sie jüdische Theaterdirektoren. Die Stücke, welche aufgeführt
1060 2171 2225 2217 werden sind von jüdischen Antoren, die Librettisten und die
1068 2203 2228 2251 Schauspieler sind meistenteils auch Jnden. Nur zwei Theater
1061 2236 2231 2302 muchen noch eine Ausnahme das Burgtheater und die
1060 2278 2225 2321 Hoso per. Darum die Anstrengungen des Indentums: auch
1055 2313 2238 2366 diese in ihre Hände zu bekommen, damit auch dort die jüdischen!
1053 2347 2230 2408 Librettos ihren Einzug halten könnten. Vor einiger Zeit wurde
1052 2396 2222 2436 vom Hofburgtheater ein Stück des Inden Schnitzlerabgewiesen,
1057 2443 2226 2489 weil die Zensur es nicht durchließ. In Berlin erleble dasselbe
1073 2476 2223 2532 weit über hundert Aufführungen. Der Redner erzählte, daß er
1058 2511 2221 2557 sich in Berlin das Stück angesehen habe. Darin kommt ein
1059 2549 2227 2590 Medizinprofessor vor, der deshalb zwei Monate eingesperrt
1059 2589 1354 2637 wurde, weil
1463 2589 2219 2647 in einem österreichischen Spitale
1066 2619 2082 2666 den Priester verhinderte, einen Todkranken
2082 2632 2217 2681 mit
1057 2670 2218 2724 den Sterbesalramenten zu versehen. So etwas ist ja vollkommen
1049 2713 2218 2753 unmöglich. In dem Stücke komm' auch ein österreichischer
1046 2739 2219 2778 Hofrat vor, der sich gerade am Telephon mit Kokotien unterhält.
1046 2779 2223 2832 Da kommt der Unterrichtsminister herein und spricht ihn per¬
1066 2813 2225 2869 Auarchist an. Der k. k. Hofrat antwortet: „In Oesterreich kann
1051 2838 2219 2898 einer nur ein Trottel oder Anarchist sein.“ Hinter dem Redner
1045 2891 2217 2947 saßen zwei Damen, welche zu einander äußerten: „Das müssen
1056 2928 2208 2971 ja schandervolle Zustände in Oesterreich sein.“ Da drehte sich
1042 2957 2225 3023 Redner um und sagte zu den Damen: „Die Zustände in Oester¬
1048 3010 2214 3067 reich sind ganz gute, aber der Jnde hat frech gelogen.“ (Großer
1052 3040 2229 3100 Beifall.) Geht einmal ein Christ durch mit der Kasse, so heißt
1051 3083 2216 3131 es: Der Gauner, der Dieb, die christlichsoziale Partei hat
1055 3126 2211 3174 gestohlen! Gehen zehn Juden mit der Kasse durch, so
1039 3160 2213 3206 heißt es: sie sind europamüde. (Heiterkeit.) Dazu kommt,
1047 3191 2221 3248 daß wir in Oesterreich das schlechteste Preßgesetz
1046 3233 2214 3280 in Europa haben. Die Indenpresse kann jedem den ehr¬
1047 3279 2214 3319 lichen Namen rauben, frech in die Familienverhältnisse hinein¬
1040 3315 2215 3348 greisen, man ist schutz und wehrlos ihr preisgegeben. Sie ist
1035 3342 2220 3417 unser größter Feind, darum nieder mit ihr und hoch die christ¬
1044 3390 1839 3432 liche deutsche Presse! (Stürmischer Beifall.)
1127 3415 2220 3466 Nach herzlichen Dankesworten fordert der Obmann alle
1038 3448 2222 3519 eindringlich auf. für die christliche Presse, die „Reichspost“
1042 3503 2218 3548 „Weltblatt“, „Christlichsoziale Arbeiterzeitung“, eifrig zu agitieren.
1046 3545 2216 3588 In Leipzig hat man ein herrliches Denkmal zur Erinnerung
1038 3579 2221 3622 an die Freiheitskämpfe des deutschen Volkes errichtet. Möge
1047 3618 2224 3658 die Zeit bald kommen, wo man in Wien ein Denkmal errichten
1032 3659 2217 3710 kann, auf dem geschrieben steht: Es hur einmal eine Zeit
1040 3694 2223 3737 gegeben, wo die Wiener Jnden Zeitungen gelesen haben, aber
1039 3737 2221 3779 diese traurige Zeit ist nun für immer vorüber. (Großer Beifall.)
1124 3774 2227 3829 Nachdem Kooperator Mattl für die Abhaltung einer,
1039 3802 2222 3860 Weißen Woche in Rudolfsheim eingetreten war, und Obmann¬
1047 3845 2211 3902 stellvertreter Azler praltische Winke für die Verbreitung der
1047 3882 2225 3934 schristlichen Presse gegeben hatie, wurde die imposante Ver¬
1044 3912 1468 3987 sammlung geschlossen.
