3392 4352
264 177 1462 262 25. Professer Bernhandi
1029 449 1184 505 N0M
617 528 1298 609 OVERSEAS DAILY MAIL,
645 594 1263 672 Northoliffe House, E.C.
1091 724 1398 839 AuG 193
497 783 674 861 Date—
706 860 1219 944 SCHNITZLER PLAY
756 928 1319 983 Personally, I never believe
712 965 1311 1020 that there is no room in the
705 1003 1319 1060 London theatre in midsummer
704 1049 1328 1111 for anything which is not fun¬
711 1096 1114 1149 damentally trivial.
778 1129 1313 1197 Whether I am right or
723 1175 1308 1223 wrong about this, a good play
721 1212 1327 1284 is a good play at any season of
713 1251 1333 1319 the year, and I am positive
727 1305 1328 1355 about the goodness of Arthur
712 1338 1328 1401 Schnitzler's Professor Bern¬
720 1388 898 1441 hardi.“
784 1410 1336 1482 This play is now to be seen
722 1458 1325 1515 at the Phcenix Theatre. There
729 1496 1336 1553 is abundant and stimulating
722 1532 1322 1588 entertainment in this bril¬
725 1568 1343 1629 liantly told tale of the compler
723 1612 1338 1663 consequences that followed
733 1636 1334 1682 the action of a Jewish docter
737 1679 1343 1727 in forbidding, for the kindest
731 1710 1339 1771 of motives, a priest from ad¬
727 1751 1348 1799 ministering extreme unction
738 1779 1340 1838 to a dying girl patient of his.
798 1822 1352 1868 Abraham Sofaer puts up a
738 1861 1344 1901 memorable performance as the
745 1896 1336 1939 Jewish doctor, backed up by
745 1923 1352 1980 excellent portraits created by
745 1958 1354 2009 Earle Grey, John Garside,
736 1992 1371 2045 Noel Howlett, Ronald Adam,
740 2037 1154 2078 and Alan Wheatley.
622 2540 915 2605 Cutting from—
1075 2554 1329 2645 SgWaga
1273 2598 1622 2707 WORTT
683 2658 1630 2747 IAENS OFTR
1086 2733 1410 2838 2 AUG. 1936
648 2805 948 2882 Date of (Ssue
892 2829 1317 2922 The Bor Office
1111 2884 1413 2964 is the Test
960 2913 1679 3032 DROFESSOR BERNHARDI“ promises
1026 2971 1673 3040 to become a popular success at the
1016 3007 1675 3073 Phoenix. At each performance
916 3042 1669 3117 last week the takings were practically
918 3066 1680 3141 doubled, and scores of people informed
924 3102 1692 3172 the box-office that they were paying al
933 3152 1382 3216 second visit to the play.
966 3173 1690 3266 Similarly,“ The Frog“ is still break¬
926 3229 1687 3296 ing records at the Princes. It paid off
936 3257 1683 3326 high production expenses in the first
938 3297 1685 3363 seven ’weeks, and has been averaging
931 3319 1691 3398 41,000 a week profit for some time now.
967 3382 1691 3468 The play threatens to run till Christ¬
937 3441 1478 3520 mas on library deals alone.
1620 166 2081 251 box 31/5
2197 959 2240 1021 1
2190 482 3105 541 —
2440 516 2908 594 EXTRACT FROM
2327 659 2761 818 Obeerer
2511 901 2731 996 AUG. 1334
2247 1025 2457 1079 Phoenix.
2261 1076 3061 1152 PROFESSOR BERNHARDI.
2440 1138 2889 1211 By Arthur Schnitzler.
2291 1234 3073 1303 This play, which has been removed
2253 1282 3071 1340 from the Embassy tothe Phoenix, is a
2263 1323 3079 1379 singular piece, to my mind, for Schnitzler
2263 1368 3094 1435 to have written; for he is known chiefly
2262 1418 3067 1466 as the author of cynical comedies, where¬
2269 1455 3077 1511 as Professor Bernhardi“ is a Gals¬
2259 1491 3077 1550 worthy work, almost a piece of propa¬
2271 1545 3087 1593 ganda, naive, rather than cynical. But
2267 1576 3080 1635 Schnitzler, it seems, had several sides to
2260 1627 3076 1679 his authorship, and this is one of them.
2275 1668 3085 1715 The play, which is dully, translated,
2263 1713 3082 1768 describes a conflict between Jews and
2273 1742 3084 1811 Gentiles in a hospital in terms that are, I
2275 1792 3077 1842 think, trivial. Indeed, the statement
2269 1835 3086 1878 that this is a conflict between Jews and
2266 1882 3073 1932 Gentiles is almost a mis-statement, and it
2279 1921 3076 1967 would be more accurate to say that the
2274 1959 3075 2005 conflict is between orthodoxy and hetero¬
2263 1993 3070 2039 doxy, between the doctor and the priest,
2273 2034 3075 2078 between science and religion. But how
2269 2069 3082 2110 stupidly the conflict is caused by Bern¬
2263 2109 3089 2155 hardi, who is a humourless prig, how hard
2264 2133 3087 2202 he makes it for the Gentiles to be concilia¬
2271 2178 3072 2236 tory. Bernhardi is director of a clinic
2279 2216 3085 2258 which lives on donations. Its success is,
2277 2252 3079 2299 therefore, largely dependent on the favour
2276 2286 3080 2333 of the charitable public. Among the
2264 2317 3075 2375 patients is a girl suffering from the effects
2270 2355 3084 2414 of abortion. This girl, unaware of her
2997 2394 3082 2436 A
2280 2391 3000 2431 danger, is on the point of death.
2272 2432 3080 2476 priest appears and, on learning that death
2267 2465 3085 2511 is imminent, attempts to enter the ward
2268 2500 3077 2546 to give the girl the last rites of her
2279 2536 3084 2581 Church, but Bernhardi forbids him to do
2279 2576 3092 2620 so on the ground that it is his duty to
2266 2602 3080 2661 make his patient’s last hour happy. She
2273 2643 3078 2692 must not be made miserable by the un¬
2276 2673 3080 2727 expected announcement that she will
2278 2711 3006 2756 probably be dead in a few minutes.
2271 2750 3080 2801 find myself unable to sympathise with
2276 2792 3071 2833 Bernhardi’s point of view, which is sloppy
2272 2826 3068 2868 in the extreme, and might very reason¬
2274 2854 3072 2905 ably be resented by the patient whose
2978 2893 3079 2936 The
2271 2894 2980 2944 happiness he presumes to secure.
2277 2933 3080 2976 girl was a Catholic, and as such would
2284 2967 3119 3019 have preferred to die having received#
2278 3002 3082 3047 Extreme Unction than to die without it.
2272 3043 3085 3089 Bernhardi took an unpardonable liberty in
2281 3078 3082 3125 preventing her priest from having access
2282 3118 3089 3157 to her, a fact which does not appear to
2286 3148 3078 3194 have presented itself to Schnitzler’s mind.
2275 3184 3086 3224 Bernhardi’s disbelief in the virtue of
2280 3217 3085 3266 Extreme Unction is immaterial, and only
2279 3256 3093 3303 afanatic without vestige of common sense
2278 3290 3091 3339 would have acted as he did, involving his
2272 3322 3080 3375 Telinic in danger of dissolution. One’s feel¬
2276 3364 3083 3399 ing that he behaves like an impertinent
2280 3399 3084 3445 fool robs the rest of the play of some of
2278 3436 3095 3481 its vitality. There need not have been
2286 3460 3099 3523 any of this trouble if Bernhardi had not
2288 3507 3096 3547 been a humourless prig, a wilful ass, an
2290 3544 3100 3595 imposer of his opinions on other people.
2281 3579 3101 3628 Nevertheless, the play is immensely inter¬
2295 3622 3096 3661 esting, and is uncommonly well acted bva
2293 3649 3103 3692 nearly all-male cast. which includes Mr.
2295 3691 3102 3731 Abraham Sofaer, Mr. Earle Gray, Mr.
2278 3724 3100 3767 John Garside, and Mr. Ronald Adams. I
2290 3759 2772 3809 cordially recommend it.
2697 3792 3065 3864 Sr. JoHN ERVINE.
2856 4065 2906 4127 4
3105 3027 3145 3085 25
3111 1822 3159 1870 100
3136 2810 3172 2869 80
