3392 4352
727 173 882 255 P S 3
291 179 2101 283 25. Prof Bernhardi box 31/2
1752 394 2013 512 30071
1370 567 1868 711 Hollass-Couner,
1042 716 2063 881 Theater und Kunst.
1269 837 1837 958 „Professor Bernhardi“.
989 931 2181 1020 Komödie in fünf Aufzügen von Arthur Schnitzler.
938 975 2184 1084 Erstaufführung am Deutschey Volkstheater zu Wien
1344 1042 1897 1134 am 21. Dezember 1918.
1072 1050 2201 1177 Es war nicht nur die würdigste, literarische
966 1151 2195 1258 Feier zur Errichtung der deutschösterreichischen Re¬
961 1189 2197 1299 publik, es war auch die erste und einzige, die bisher
964 1253 2200 1357 veranstaltet wurde. So stark und ehrlich hat noch
974 1299 2208 1412 niemand dem früheren Regime die Wahrheit gesagt,
978 1355 2210 1463 so noch niemand das Lawieren zwischen Ignoranz
978 1403 2207 1510 und Arroganz, zwischen Heuchelei und Schlamperei,
981 1460 2218 1569 zwischen „Kultus und Konkordat,, zu zeigen gewagt
977 1518 2218 1623 und gewußt als Arthur Schnitzler in der Zeit!
989 1561 2220 1667 eines Gautsch, Stürgkh und Konsorten. Und es war
994 1608 2219 1716 literarisch, sozial und politisch und vor allem drama¬
990 1666 2218 1767 turgisch eine Tat von Alfred Bernau, dem Di¬
991 1714 2229 1813 rektor des Deutschen Volkstheaters dieses Werk auf¬
997 1766 2235 1872 zuführen, das ebenso in seiner Art wie „Die Hochzeit
997 1827 2239 1926 des Figaro, ein Vorspiel und Vorbild der glorreichen
1003 1900 1819 1980 Revolution genannt werden darf.
1120 1914 2242 2016 Die Stoffrage oder die Fabel des Stückes ist
1008 1969 2248 2070 eigentlich Nebensache: Der Chefarzt einer Poliklinik
1010 2028 2253 2131 verwehrt einem Geistlichen den Eintritt zu einer in
1030 2061 2262 2206 den letzten Zügen liegenden Kranken um ihre körper¬
1097 2235 2339 2306 liche Ruhe nicht zu stören. Aber was daraus folgt und
2204 2286 2312 2346 in
1095 2294 2194 2349 was daraus gemacht wird, darum händelt es sich
1099 2335 2319 2411 diesem Stücke. Das ist das österreichische Problem der
1446 2390 2313 2459 d; des Parteifanatismus. Zwar
1090 2391 1242 2471 Heu##
2176 2442 2323 2505 der
1245 2429 2185 2510 älle Tystem, der alte österreichische Geist
1092 2449 1190 2508 ist
2166 2479 2319 2560 so ist
1103 2495 2178 2551 Ge losigkeit noch nicht aufgegeben worden und
2183 2546 2308 2611 ver¬
1102 2545 2165 2604 Schnitzler noch nicht veraltet, sondern geradezu
1089 2610 2311 2668 jüngt. Sein Mut und sein Werk bietet die Gewähr und
1098 2650 2315 2709 zeigt den Weg, auf welchem Deutschösterreich saniert
1095 2696 2321 2780 werden kann, durch die Achtung vor dem Geiste, dem
1091 2749 1998 2832 heiligen Geiste der menschlichen Rechte.
1212 2811 2313 2868 Zwar fällt die Aufführung von Professor Bern¬
1089 2855 2318 2922 hardi in die dunkelste Zeit der österreichischen Thea¬
1099 2912 2312 2968 tergeschichte, in den Monat, wo wir kein Holz und
1098 2950 2320 3029 keine Kohle haben und die Theater deshalb gesperrt
1104 3011 2319 3069 werden müssen und trotzdem kann man sagen, daß die
1092 3054 2309 3109 voraussichtliche Zahl der Besucher von Professor Bern¬
1093 3117 2317 3178 hardi die Majorität der deutschösterreichischen frei¬
1106 3159 2315 3236 staatlich gesinnten Wähler in Wien bilden wird und
1094 3216 2316 3285 schon für diese politische Tat und Erziehung müssen
1093 3271 2321 3345 wir dem Dichter Schnitzler und dem Direktor Bernau
1093 3323 1433 3392 dankbar sein.
1194 3377 2320 3440 Gegenüber diesen hohen politischen Werten kom¬
1093 3436 2322 3496 men die dramatischen Fehler des Werkes nicht in Be¬
1099 3490 2319 3547 tracht, nämlich daß der Held kein Held ist, weil er kein
1089 3533 2313 3586 Held sein will. Er will nicht kämpfen u. damit kann sich
1093 3571 2324 3634 weder das Publikum, noch der Kritiker, noch ein Psy¬
1094 3629 2318 3696 chologe zufriedenstellen, wenn der Räsonneur des
1100 3689 2313 3751 Stückes zum sogenannten Helden des Stückes am
1099 3743 2324 3806 Schlusse sagt, daß er „a Viech“ ist. Wir verstehen; daß
1086 3778 2319 3851 ein Mann der Wissenschaft die Politik haßt ob er nichts!
1096 3830 2323 3904 dagegem tut, daß er zwei Monate eingesperrt werden
1095 3892 2311 3944 soll und sich bequem rehabilitieren könnte, wenn die
1086 3939 2319 3992 Kronzeugin sich selbst der Lüge beschuldigt, das gehört
1096 3995 2316 4066 in das literar=psychologische Kapitel: Arthur Schnitzler.
1086 4028 2312 4103 Daß einer die Schwäche hat, nichts tun zu wollen, daß
1085 4086 2314 4157 er zu müde, zu melancholisch, zu blasiert ist ala Anatol
