3344 4352
722 147 846 207 S S
256 132 1478 245 25 PBernhardi
392 1206 1614 1303 ahnende Kranke auf die letzte Beichte vorbereitet, so erscheint
383 1312 1606 1371 sie uns wie ein Gruß aus der Welt jener Frauen, die die
389 1362 1615 1423 unberechenbaren Werkzeuge gefühlsmäßiger Eingebungen
385 1438 1608 1482 sind. Wir hören außerdem noch von der Frau des Pro¬
389 1470 1607 1543 fessors Tugendvetter, die auf den Hofratstitel „wie verrückt“.
393 1549 1620 1604 ist; von der Frau des Professors Filitz, die schwer gekränkt
394 1603 1620 1663 ist und durch ihren Mann Genugtuung von Bernhardi
399 1658 1606 1721 fordert, weil die Fürstin Stirenstein — „eine durchlauchtigste
389 1734 1620 1794 Gans“, wie sie Bernhardi nennt — sie nicht empfangen
513 1790 1617 1837 Wir sehen, wie die Männer nur ausübende Organe
394 1789 500 1847 hat.
387 1846 1622 1910 dieser Frauen sind, dann verblassen auch diese weiblichen
399 1901 607 1969 Leuchten.
487 1964 1618 2014 Eine männliche Komödie und doch ohne eigentliche
395 2004 1613 2075 dramatische Kraft! Der Mann, der im Mittelpunkt des
395 2083 1619 2134 Stückes steht, lehnt es grundsätzlich ab, ein Held oder ein
394 2130 1634 2183 Reformator zu sein. Er will nicht kämpfen und kämpft
405 2203 1620 2266 nicht, denn er ist ein Sieger von der ersten Szene an. Er
393 2260 1628 2313 sagt einmal, seine letzten Worte unterscheiden sich selten von
391 2317 1631 2372 seinen ersten. Auch seine Taten unterscheiden sich im letzten
395 2379 1635 2430 Akt nicht von denen im ersten. Ein feines ironisches
407 2423 1616 2482 Lächeln eignet diesem Manne, dem ein gerettetes Menschen¬
410 2482 1633 2543 leben mehr wert ist als ein hochgehaltenes Banner. Er hat
395 2540 1631 2613 seinen Beruf darin erkannt, seinen Mitmenschen zu nützen;
402 2603 1627 2666 was kümmern ihn Religion und Politik, die den Menschen
400 2662 1631 2732 zum blinden Fanatiker machen, die ihn von der Erkenntnis
409 2732 1624 2783 der Wahrheit fernhalten. Darum fühlt er sich all den klein¬
410 2774 1639 2843 lichen, sich befehdenden oder sich mit verlogenen Mitteln
402 2854 1639 2901 unterstützenden Menschen weit überlegen; deshalb huscht
409 2898 1633 2960 über sein Gesicht so oft das ironische Lächeln. Er ist ein
403 2958 1630 3025 König, dessen Würde unveräußerlich ist; ihn kann keiner
404 3021 1632 3081 verkleinern, da er die Vorurteile und Werturteile der ihn
413 3088 1630 3145 umgebenden scheinheiligen Welt nicht teilt. Diese Über¬
409 3135 1611 3193 legenheit benimmt ihm freilich alle Tatkraft, so daß er —
1631 107 2067 213 box 31/7
2573 1093 2653 1160 2
1990 1179 3217 1274 äußerlich wenigstens — seinen Feinden erliegt. Er erinnert
1993 1273 3217 1328 dadurch etwas an Shakespeares Richard II., nur fehlt ihm
1989 1333 2983 1380 die elegische Stimmung für die Märtyrerkrone.
2084 1372 3210 1445 Ein eigenartiger Mensch, dieser Bernhardi! Und eigen¬
1983 1430 3217 1496 artiger in dem Schnitzlerschen Drama, als er es in Wirk¬
1985 1518 3223 1560 lichkeit wäre! Er steht in der Mitte eines Dramas als ein
2003 1563 3215 1614 willensstarker, entschlossener Mann von ungebrochener Arbeits¬
1990 1610 3224 1686 kraft und Menschenliebe, und doch bleibt er ein Rührmich¬
2000 1681 3221 1741 nichtan, ein Angegriffener, der vor dem Kampf zurückweicht,
1994 1737 3230 1805 noch ehe er seine Kräfte erprobt hat. Ein Sieger, der
2004 1799 3226 1856 seiner Überzeugung nach nicht zu kämpfen und zu siegen
1991 1848 3228 1903 braucht! Es liegt etwas Anziehendes in der eigenartigen
1998 1910 3222 1975 Technik dieses Dramas, die freilich nicht dramatisch ist.
1998 1964 3218 2031 Der Dichter wählt als Helden einen Mann, der keinem ein
1992 2023 3229 2092 Unrecht zugefügt hat und deshalb über jede Verteidigung
2005 2091 3228 2148 erhaben ist; an diesem, an seinem passiven Widerstand läßt
1995 2162 3232 2210 er die Gemüter all der Menschen sich entzünden, die das
1998 2198 3233 2265 Große und Schöne nur als Deckmantel für ihre kleinlichen
2010 2258 3236 2319 Absichten benutzen. Wie einen Fels hat er seinen Helden
2008 2328 3246 2389 hingestellt, gegen den manche Woge schwer herangerollt
2007 2390 3122 2453 kommt, um an ihm in leichten Gischt zu zersprühen.
2101 2433 3237 2501 Ja, diese Komödie ist kein Kampf von Leidenschaften,
2005 2494 3231 2579 es ist eine hitzige Affäre. Der Jude Bernhardi ist der Stein,
2015 2566 3235 2623 den der Dichter in einen Sumpf wirft; man beobachtet
2012 2637 3242 2684 nun die Wirkung des fallenden Steines, die Kreise, die er
2013 2684 3240 2750 auf der Oberfläche zieht, die Sumpfblasen, die er aus ihrer
2016 2730 3240 2795 Ruhe nach oben treibt. Es jubelt keine Freude in
2008 2793 3241 2877 diesem Drama, es weint kein Schmerz. Stagnierendes
2013 2875 3244 2923 Wasser ist alles, der Sumpf der Konzessionen und Kom¬
2016 2904 3244 2979 promisse; es fällt wie von ungefähr ein Stein hinein,
2008 2965 3244 3032 dann glättet sich die Oberfläche wieder. Eine Affäre ist
2014 3047 3242 3101 das Ganze, vielleicht ein geistiges Kampfspiel, in dem
2019 3092 3266 3157 manche Waffe blitzt; doch wie wütend sich auch die Kämpfer
