3344 4256
990 155 1124 222 Be
279 148 1513 260 25. Professernhandi
760 682 1497 757 Saila, Mailand, Minneapolis, New-Vork,
465 747 1460 795 Sule. Kom, San Francisco, Stockholm, St. Petersburg.
749 791 1181 840 (Quellenangabe ohne Gowähr).
407 840 791 913 Ausschnitt aus:
1012 827 1658 946 Eingel Tugbiatt, Pag
422 957 554 1005 vom:
749 943 869 1004 972
780 1069 1239 1169 Vorträge.
722 1155 1317 1251 „Professor Bernhardi“.
650 1241 1395 1307 (Vorlesung durch Ferdinand Onno.]
632 1304 1505 1356 Die Lese= und Redehalle deutscher Studenten
517 1343 1507 1409 hat ihren vielfachen Verdiensten um das geistige
515 1396 1496 1466 Leben des, deutschen Prag ein neues hinzugefügt: sie
519 1434 1489 1509 hat das letzte Bühnenwerk Arthur Schnitzlers,
507 1477 1488 1550 dessen Aufführung in Oesterreich verboten wurde,
511 1530 1495 1572 unserem Publikum vermittelt, indem sie Ferdinand
507 1579 1483 1640 Onno zur Rezitation der Komödie einlud. Da
508 1612 1484 1674 über die gleiche Veranstaltung in Wien erst vor
513 1659 1474 1723 wenigen Tagen an dieser Stelle ausführlich be¬
509 1710 1484 1748 richtet wurde, erübrigt es sich, das Werk nochmals
510 1738 1485 1810 zu besprechen. Nur soviel sei bemerkt, daß dieses
506 1798 1483 1863 Stück eines der an Reflexionen ärmsten unter
498 1832 1490 1919 Schnitzlers Dramen ist. Den breitesten Raum nimmt
509 1877 1485 1951 die bis ins feinste Detail realistisch ausgeführte,
513 1915 1495 1980 für den Oesterreicher besonders reizoolle Schilderung
507 1964 1495 2013 der wunderlichen Konflikte ein, die sich aus dem
508 2004 1483 2074 Zusammentreffen von Gegensätzen der Weltanschau¬
503 2057 1484 2105 ung, Brotneid Professoren=Intriguen ergeben. Die
512 2101 1485 2161 breite Exposition und die ersten Akte des Stücks
498 2134 1487 2209 bringen lediglich äußere Handlung; aber der Schluß
508 2185 1494 2255 ist echter Schnitzler. Schon im Gespräch zwischen
504 2234 1489 2290 Bernhardi und dem Pfarrer fällt manches klug
505 2281 1476 2344 überlegte Wort; vollends der letzte Akt ist voll iro¬
497 2318 1488 2388 nischer Weltkenntnis und Weisheit. Die Figur des
500 2374 1472 2433 Hofrats im Unterrichtsministerium, der Beamten
502 2400 1484 2459 und Anarchist zugleich ist, die Dialektik des Mini¬
492 2449 1479 2498 sters, der Entschluß Bernhardis, auf die Rovision
502 2496 1480 2561 seines Prozesses zu verzichten, nur um mit diesen
500 2544 1465 2595 fremden, unbequemen Dingen sich nicht mehr ab¬
498 2597 1473 2650 geben zu müssen, das alles ist tiefes und unerbitt¬
503 2634 1474 2695 liches Erfassen resignierter Wahrheiten, dichterische
501 2666 1483 2738 Ausprägung österreichischer Stimmungen, wie denn
493 2714 1480 2771 das ganze Werk echt österreichisch und wohl nur
486 2758 1297 2822 für den Oesterreicher ganz verständlich ist.
589 2803 1460 2863 Die Vorlesung fand im Spiegelsaal des
490 2827 1459 2907 Deutschen Hauses statt, den das Publikum bis auf
484 2889 1471 2929 das letzte Plätzchen füllte und das Wiedersehen mit
486 2928 1464 2974 Ferdinand Onno gestaltete sich sehr herzlich. Es
490 2975 1473 3035 läßt sich nicht leugnen, daß es etwas ungemein
493 3014 1454 3079 Mißliches ist, ein Drama und noch dazu eines, in
478 3045 1461 3122 dem so viele Personen sprechen, vorzulesen; aber
482 3100 1464 3151 die nervöse Lebendigkeit Onnos überwand diese
484 3142 1460 3213 Schwierigkeit und brachte das Werk zu voller Wir¬
488 3185 1455 3233 kung. Kürzungen am rechten Ort trugen dazu bei,
476 3212 1466 3291 daß die Rezitation nicht durch übermäßige Länge
476 3260 1446 3331 ermüdete. Gespannt und freudig folgte das Publi¬
481 3309 1455 3392 kum der Darbietung, für die es am Schluß durch
482 3346 998 3417 stürmischen Beifall dankte.
580 3425 1420 3503 (Die Frau und der Staat.) Vortragszytlus
450 3469 1411 3542 des deutschen Vereins „Frauenfortschritt“. Heute
428 3516 1396 3574 Mittwoch, 4. Dez., findet um 7 h abends im Säulen¬
430 3544 1402 3603 saale des Deutschen Hauses der 3. Vortrag im Zyklus
421 3568 1404 3644 statt. Universitätsprofessor Dr. Adolf Zycha spricht
435 3624 1402 3664 über „Die Frau und das deutsche Recht". Karten zu
523 3657 1413 3717 und 1 K sind in den Buchhandlungen C. Calve
429 3684 1402 3739 (Kl. Ring), Neugebauer (Graben), Andrée (beim
420 3716 1406 3800 Pulverturm) im Verein „Frauenfortschritt, Krakauer¬
420 3754 1245 3829 gasse 20, und abends an der Kassa zu haben.
1635 161 2094 243 box 30/3
2092 1025 2312 1108 —.
1926 1095 3038 1261 vm. —  i#te Die rackel, Wien
1959 1316 2776 1399 Aus-dem Tagebuch einer Verlorenen
1861 1393 2988 1455 Die liberale Presse wird hin und wieder sentimental darüber,
1763 1413 2975 1495 daß sie eine Gefallene ist., Gelegenheit bietet der Besuch eines
1773 1466 2980 1550 warmfühlenden Herrn wie es etwa der Dichter des -Professor
1764 1517 2971 1591 Bernhardis ist, Er scheinteihr zuzüreden, Er wird sozial mit ihr.
1758 1556 2975 1653 Er deckt Ubelstände auf. Er legt die Sonde an. Da macht sie dann
1764 1617 2976 1700 Inhaltsangaben, die wie Geständnisse sind. Da beweint sie ihr
1761 1663 2977 1752 elendes Glück und verflucht das Schicksal, das sie gezwungen hat,
1752 1732 2963 1788 sich allen den schmutzigen Kerlen hinzugeben, in den Personal¬
1756 1765 2977 1845 nachrichten und überhaupt. Hat man jahraus jahrein nichts anderes
1758 1823 2976 1896 gehört als: Gehst mit, schwarzer Dokter? Oder: Schöner Herr
1749 1868 2967 1952 Professor, kommen S’ her in die kleine Chronik, wir werden sich
1738 1902 2641 1988 gut amüsieren — so liest man jetzt plötzlich:
1746 1959 2958 2044 Professorzunft.... eine bedenkliche Clique allzu strebsamer junger
1745 2000 2968 2073 Dozenten.. Da ist der Salonprofessor .. der überzeugte Jude, den
1735 2050 2961 2115 zeitlebens die übertriebene Antisemitenriecherei quält, und zu ihnen tritt
1738 2090 2958 2161 der Mann, dessen Gattin den Lebenswunsch nicht unterdrücken kann,
1735 2125 2967 2201 an ihrem Geburtstag Hofrätin zu werden. Auch sonst fehlt es nicht an
1741 2171 2966 2229 überzeugten Anhängern der Lebensanschauung von der „selbstlosen
1733 2204 2963 2278 Gemeinheit“ das heißt Leute, die gemein sind oline Grund, ohne Zweck,
1735 2235 2959 2314 sogar ohne einen Vorteil.... Die Fürstin Stixenstein legt das Ball¬
1741 2278 2950 2352 protektorat nieder .... Und es gibt sogar auch Leute, die Geld dafür
1732 2334 2951 2413 hergeben, die es aber freilich nicht täten, wenn eben kein Prinz und
1735 2364 2362 2423 kein Bischof Kuratoren wären
1850 2413 2953 2491 Wie, das gibts? Und von wessen Gnade lebt diese ganze
1736 2456 2943 2545 Gesellschaft, für deren Abkonterfeiung in einem dürftigen Schlüssel¬
1737 2512 2943 2594 stück der warmfühlende Doktor gepriesen wird? Wer zieht die
1732 2551 2939 2633 bedenkliche Chque groß? Wer vertritt die Uberzeugung des
1728 2606 2948 2681 Juden, den die übertriebene Antisemitenriecherei quält, wer
1754 2713 2977 2795 die Interessen der Dame, die an ihrem Geburtstag Hofratsgattin
1766 2760 2977 2851 werden will (der kaiserliche Rat tuts nicht mehr), wer die Lebens¬
1765 2808 2971 2889 anschauung der selbstlosen Gemeinheit? Wer hat die alleinige
1764 2844 2975 2953 journalistische Vertretung der Fürstin Stixenstein übernommen?
1764 2894 2973 2989 Wer nennt alle Schmarotzer, die nur wohltun, wenn ein Prinz
1764 2951 2969 3012 dabei ist? Wer läßt keinen, der zahlt, unbefriedigt von hinnen?
1759 2994 2961 3085 Eben die, die hinterdrein Anwandlungen von Sentimentalität hat,
1759 3052 2972 3118 wenn so ein feiner Herr wie der Schnitzler kommt, der von der
1748 3106 2974 3187 Presse gar nichts verlangt, dem sie aber dafür alles gibt, weils
1751 3146 3037 3228 er sozial gesinnt ist, und besonders jetzt, wo er saus dem weiten
1741 3202 2967 3290 Land der Seele- (hat ihn schon) den Weg gefunden, nein, sich
2974 3227 3037 3300 40
1753 3251 2961 3337 gebahnt hat zu den Probiemen der Gegenwart, nämlich zu einem
1753 3299 2966 3379 Stück gegen die Christlichsozialen, in welchem von den Vertretern
1751 3343 2976 3432 entgegengesetzter Weltanschauungen die geistigen Waffen gekreuzt
1740 3386 2965 3480 werden“. Und weil er ausgerechnet die Leute tüchtig durchhechelt,
1735 3445 2962 3526 beleuchtet, unter die Lupe nimmt, die man tagtäglich nennen muß.
1741 3498 2978 3578 Aber auch dem Buchhändler Hugo Helfer gebührt Dank für
1729 3535 2599 3639 das geschickte Arrangement der Vorlesung.
