3392 4256
618 -10 1433 57 Fremstiller aabenlyst Bernhardi som
617 38 1396 118 en bevidst Religionsfjende og beskyl¬
608 100 1400 170 der ham for at have forhaanet et hel.
613 160 1411 249 ligt Sakramente — en Uforsigtighed,
608 232 1412 292 som han, Joden, serlig skulde have
606 290 1410 348 vogtet sig for. En saa magtig Stem¬
608 335 1411 401 ning rejser sig mod ham, at selv Kul¬
613 391 1398 462 tusministeren, en Ungdomsven af
611 437 1404 540 Bernhardi, der har lovet at forsvare
609 501 1400 594 ham, slaar om under Paavirkning af
611 577 1408 632 denne Stemning og ender med at kra¬
616 621 1402 704 ve Sagen henvist til kriminel Under¬
608 686 795 759 ssgelse.
662 759 1397 836 Sniglobet af sine Kolleger, suspen¬
609 816 1397 901 deret fra sit Embede vandrer han 1
606 874 1403 940 Fangsel, men den Bitterhed og Harme,
599 918 1402 1002 han under hele den lumpne Affare og
606 991 1397 1069 under den paafelgende Fangselstid
604 1035 1406 1132 har opsamlet, svinder bort, da han ved
596 1109 1396 1180 Lesladelsen ser, at Stemningen er
607 1167 1212 1235 slaact om til Gunst for ham.
664 1223 1402 1300 Hvad skyldes dette Omslag, sper¬
591 1285 1404 1346 ger han; forstaar Folk endelig, at jeg
600 1333 1393 1410 har Ret. Men da beleeres han om, at
584 1383 1392 1483 Ingen Mand nogen Sinde er blevet po¬
589 1433 1403 1551 pular, fordi han har haft Ret. Og
593 1508 1397 1589 havde han overhovedet Ret, den Gang
588 1565 1382 1655 han stillede sig i Vejen for Presten?
589 1620 1407 1709 Nej, Inderst inde er Ingen beredt til
593 1676 1390 1776 de yderste Konsekvenser, til at sette
578 1741 1389 1846 Livet ind paa sin Overbevisning — og
580 1793 1384 1893 i sin Kamp for at spare den Deende
578 1857 1376 1937 for en sjelelig Lidelse opnaaede han
591 1917 1379 2007 derfor ikke mere end den, der vilde
583 1988 1376 2064 preve paa at lese de sociale Spergs¬
591 2047 1383 2133 maal ved at forare en fattig Stymper
589 2100 798 2166 en Villa,
632 2154 1376 2244 Med et ironisk Smil slutter Arthur
575 2219 1384 2317 Schnitzler saaledes dette betydellge og
581 2291 1364 2359 smukke, om end noget teoretiske Skue¬
585 2340 1377 2422 spil, hvis Fremfgrelse i Scenisk Sam¬
580 2403 1386 2480 kund frembed saavel en Fordel som en
574 2445 721 2520 Fare.
642 2513 1384 2602 Fordelen ligger i, at Schnitzlers
577 2584 1378 2658 tunge og vidtspundne Stykke neeppe i
567 2642 1358 2732 saa fuldt Maal havde fanget den paa¬
573 2689 1378 2779 kravede Interesse noget andet Sted
562 2756 1368 2825 end paa denne Scene med dets serlige
566 2808 1364 2903 Formaal og dets serlige Publikum. Nu
564 2877 1364 2956 viste det sig, at man i Gaar ikke blot
566 2944 1361 3020 fungsledes af Stykkets i egentlig For¬
564 2997 1377 3080 stand dramatiske Scener: Optrinet
557 3061 1362 3130 niellem Lagen og Prasten og det me¬
562 3101 1353 3187 sterligt skildre“: Legemsde, men at
559 3155 1359 3243 ogsaa de lange Samtaler og Foredrag
555 3231 1343 3305 fra forst til sidst fulgtes med Lyd¬
549 3294 1357 3370 herhed. Digterens smukke, klare Tan¬
544 3352 1350 3445 ker bevegede og bandt Publikum lige
550 3407 922 3471 til sidste Replik.
604 3476 1351 3544 Det farlige ved Eksperimentet laa
546 3525 1348 3613 i at fremfere et Stykke med „Profes¬
549 3582 1331 3650 sor Bernhardis“ lange og fordrings¬
547 3647 1351 3723 fulde Rolleliste paa en Scene, der ikke
549 3701 1333 3775 har en fast Stab, men som maa sege
551 3762 1341 3833 sine Skuespillere Gud véd hvor. Thi
545 3810 1338 3896 selv om selve Titelrollen er stor og do¬
549 3879 1337 3952 minerende, og selv om Dr. Mantrius
1954 991 2464 1063 ——
1675 1053 2784 1157 Ausschnitt aus: Vossische Zeitung, Berlin
1928 1122 2285 1205 31.  1915
1691 1169 1873 1229 vom:
1605 1257 2781 1367 (Ein dänischer Professor Bernhardi. Die neugegründete
1614 1348 2782 1396 Szenische Gesellschaft“ in Kopenhagen, die es
1589 1374 2792 1442 sich zur Aufgabe gemacht hat, aus den verschiedensten Gründen
1587 1429 2784 1509 von den bestehenden Bühnen ausgeschlossene Dramen ihren Mit¬
1598 1478 2792 1527 gliedern vorzuführen, begann ihre Tätigkeit mit einer Aufführung
1598 1526 2772 1577 von Scch#i#lerg„Pe#fessor Bernhardi“. Dies gab
1601 1568 2783 1605 dem sehr theaterinteressierten Kopenhagener Publikum Gelegen¬
1598 1607 2785 1664 heit, den früheren Direktor der königlichen Bühne, Dr. Karl
1588 1652 2784 1706 Mantzius, der nun schon seit Jahresfrist auf Provinzgastspiels
1589 1701 2775 1753 und den Film hingewiesen war, in der Titelrolle dieses modernen
1587 1731 2784 1797 Märtyrers, die er nach seiner Art klug und fein, aber vielleicht
1594 1785 2791 1838 allzu weltmännisch gedämpft wiedergab, wieder zu begrüßen; aber
1594 1833 2785 1871 es veranlaßte auch in der Presse einen lebhaften Meinungsaus¬
1591 1869 2783 1918 tausch über das sachlich Berechtigte des Bernhardischen Vorgehens.
1594 1905 2780 1962 Da ist es denn, so schreibt man uns, nicht ohne Interesse, daß die
1589 1945 2779 2024 soeben erschienenen „Erinnerungen und Briefe“ der
1605 2008 2797 2060 Pastorin Ida Johnsen ein eigenes Erlebnis berufen, das
1604 2049 2788 2099 große Aehnlichkeit mit dem (noch wohl dichterisch konstruierten)
1606 2096 2799 2160 Falle Bernhardi hat. Ida Johnsen war eine Bahnbrecherin der
1610 2145 2798 2200 weiblichen Krankenpflege in Dänemark und wirkte als
1606 2182 2782 2250 Schwester am Allgemeinen Hospital unter Professor
1604 2221 2783 2289 L. Brandes. Infolge Ueberanstrengung ernstlich erkrankt, er¬
1598 2268 2783 2333 bat sie geistlichen Beistand, den ihr jedoch Brandes aus Furcht vor
1592 2320 2778 2361 einer Verschlimmerung ihres Zustandes verweigern zu müssen
1600 2359 2780 2407 glaubte. In der Erregung darüber rief ihm die Kranke die hef¬
1596 2404 2783 2463 tigen Worte zu: „Wie dürfen Sie als Jude mir als Christin
1595 2441 2783 2511 das Sakrament verweigern? Sie ahnen ja nicht, welche
1602 2483 2780 2554 Bedeutung das für mich hat!“ Darauf verlor sie das Bewußtsein;
1596 2537 2769 2578 aber Brandes' sorgfältiger Behandlung glückte es, sie dennoch zu
1601 2576 2771 2637 retten. Soweit liegt der Fall dem Bernhardis ähnlich, nur daß
1591 2614 2784 2681 die Patientin bewußt mit gegen den Arzt auftritt und schließlich
1590 2667 2765 2729 gerettet wird. Der Abschluß aber ist noch versöhnlicher. Nach der
1594 2705 2777 2758 Genesung erhielt die Pflegerin ein Manuskript des Professors,
1590 2733 2769 2811 das dieser unter dem ersten Eindruck des Zusammenstoßes nieder¬
1594 2790 2777 2839 geschrieben hatte. „Nie hat mich etwas so betrübt, wie Ihre
1590 2833 2775 2908 Worte“, fügte er hinzu. „Ich ging in mein Zimmer und weinte,
1598 2875 2772 2945 wie nicht seit meines Vaters Tode. Daß gerade Sie, mit der ich
1590 2914 2763 2969 soviel gespröchen hatte, das sagen konnten, verstand ich nicht. Sie
1592 2962 2775 3012 wissen, „Wie meine ganze Seele an meiner Nation und meiner
1586 3006 2776 3078 Religien hängt; Sie mußten wissen, daß ich alg, Arzt und Mensch
1582 3052 2783 3101 mich dem widersetzen mußte ...“ Und viel Jahre später in ihren
1580 3100 2772 3141 Ekinnerungen beschließt die Gerettete und Versöhnte das Erleb¬
1571 3130 2770 3190 „nis: „Damals ging es mir auf, daß keine andere Nation der
1591 3175 2817 3278 Menschheit die Christusgestalt=Fervorbringen konnte, als gerade
1580 3216 1964 3277 das jüdische Volk.“
