3392 4320
141 70 585 139 om författarens spräk¬
586 76 1394 132 lagdt, men ju mera mannens hänsyns¬
596 121 1407 184 lösa fräckhet uppenbaras under styckets
157 124 580 194 framhäller, han kan
587 156 1405 245 gäng, desto bättre sammanfalla förfat¬
145 176 572 244 ndtera dem och ür för
599 229 1369 287 tarens och skädespelarens intentioner.
144 237 573 299 uppfattning 'ett stort
139 273 593 354 nog vilja dirigera hän¬
622 282 1404 370 Hela detta galleri skänker färg och
138 335 581 398 för mycket aristokrat
588 341 1404 415 omväxling ät de väsentliga uppträdena
148 386 574 475 keptiker till att gripa
594 389 1404 459 som finnas i de samtal Bernhardi för
580 435 1408 535 med ministern Flint (Ivan Hedqvist),
168 485 578 564 detta litet längsam¬
588 502 1412 574 med prästen (Andere de Wahl) och med
165 543 577 612 1 Bernhardis väsen;
585 558 1393 608 hofrädet (Gösta Hillberg). Hans lug¬
117 600 573 677 m kan säga en kvick¬
592 609 1405 682 na öfverlägsenhet och fullständigt opo¬
150 670 1397 751 replik men mera un-litiska jämvikt bringar dem ur jämvik¬
117 712 1419 786 In smäler han, lyssnarlten eller förmär dem att blotta sina in¬
144 767 1393 831 det passerade med en Inersta tankar. Den opportunistiske po¬
128 827 1400 896 krött gest. Betecknan-litikern förräder sin mani att använda
124 865 1401 955 ammanstötningen medmänniskor och händelser för sina syften
127 948 1392 1001 nannan skulle blifvit men vi.ner ett ögonblick nägot af Bern¬
103 982 1407 1051 a definitiv. Men här hardis osfälfviskhet. Och prästen blir
1390 992 1456 1139 n
127 1057 1386 1151 svag förändring i to-varmt kännande pä sätt och vis ärlig
1387 1123 1466 1187 d
133 1145 1396 1227 à täspetsarna, en flyk-men med den älskvärdaste anstrykning
1396 1169 1459 1223 87
122 1198 1377 1254 ing af ansiktet. Detlaf jesuitism, dä han privat urskuldar sig
1394 1213 1471 1266 re
130 1245 1470 1309 roni att just en sädan för sin förtegenhet i det offentliga. Hri#ne
125 1316 1474 1374 gressive, skall bli fö- de Wahl har ett ovanligt fast grepp omsat
1381 1343 1468 1395 ka
560 1344 1383 1436 det värdigt prästerliga och hr Hedqvist
145 1355 480 1417 e och pöbelhat.
1380 1386 1469 1455 ta
122 1402 1473 1486 är frän dessa synpunk-Iger i raska drag realpolitikerns typ. nu
133 1448 593 1546 Pfullaste i Schnitzlers
614 1461 1384 1541 Skädespelet vör sig sälunda i grun¬
1389 1488 1480 1572 nir
174 1514 576 1586 — hvad man vill kal¬
586 1524 1372 1599 den icke om antisemitism och fördoms¬
1383 1558 1489 1623 get
124 1560 566 1647 intellektuella samman¬
590 1579 1368 1643 frihet, om religion och vetenskaplighet;
1384 1610 1480 1662 rar
140 1624 579 1693 ellan hufvudpersonen
587 1636 1375 1709 det är fräga om den isolering hvari en
1386 1652 1497 1700 kve
136 1671 578 1761 af handlings- och re¬
1381 1689 1492 1764 hög
585 1684 1377 1757 fin och själfständig personlighet i vära
1388 1739 1477 1791 n8.
129 1731 575 1805 som omge honom. För
582 1733 1372 1805 dar och i de mest kultiverade kretsar
1388 1769 1534 1839 ran,
130 1780 580 1860 den främsta lockelsen
581 1784 1379 1861 sà lätt försättes, det gäller oförmägan
1380 1780 2437 1892 tyvärr fullkomligt meningslöst arbete,
129 1842 1383 1925 ellan religion och mo-Thos de flesta människor att döma lidelse¬
132 1892 1381 1958 mellan jude och kris-fritt och det gäller den bildade pöbelns
1389 1912 2998 2029 drig visat nägon fientlighet mot religio-[därför att len är ett dramatiskt mäster¬
133 1952 1365 2021 bli de första akternashotfulla öfvermakt. Bernhardi har al¬
1375 1988 2999 2091 nen eller dess utöfvare, han har icke)verk men därför att den rör vid mänsk¬
1372 2040 2169 2120 förgätt sig eller ens lätit förleda sig af
1279 2007 1341 2121 4
2175 2055 3004 2135 liga förhällanden com äro allmängiltige
1365 2099 2172 2166 en hastig impuls. Han är en i högsta
2182 2102 2699 2177 och öfverallt ingripande.
1366 2160 2175 2229 grad allvarlig, lugnt öfvervägande, hu¬
2574 2161 2956 2274 August Brunius.
1366 2197 2183 2279 man, tolerant man som endast — i min
1375 2249 2187 2324 tanke — läter sin egen föreställning om
1370 2312 2176 2388 läkareplikt antaga väl stora dimensio¬
1368 2349 2181 2440 ner. Att just han skall räka ut för
1374 2411 2184 2492 dessa förföljelser är groteskt och me¬
1368 2474 2193 2542 ningslöst men sprider ett intressant ljus
1370 2517 2175 2595 öfver svagheter i det moderna lifvet —
1368 2577 2184 2649 i detta som engelsmännen kalla human
2175 2614 2245 2678 ol
1352 2601 2166 2699 intercourse, den mänskliga sammanlef¬
2182 2657 2248 2714 I.
1369 2674 1524 2755 naden.
2165 2700 2249 2769 R
1389 2709 2157 2810 Schnitzlers drama har sälunda eitt
2163 2749 2244 2803 un
1364 2781 2241 2850 största värde i de rent mänskliga och so-M
1364 2842 2237 2909 ciala sidorna, medan den dramatiska för¬g#
1369 2890 2237 2969 tjänsten är mindre tydlig. Den koncen-!
1361 2939 2164 3029 tration som tidigare utmärkt honom har
1350 2982 2241 3080 gifvit vika för en alltför stor fullstän-#
1350 3037 2167 3129 dighet och vidlyftighet i apparat och
1351 3091 2231 3173 dialog. Likväl gör det den starkaste ver-o
1347 3172 2240 3227 kan och härtill har regien, ledd af Gus- f.
1351 3205 2230 3287 taf Linden, och de enskilda skädespelar- in
1344 3240 2236 3342 na kraftigt bidragit. Det ür en nyhet #r#e
1349 3300 2239 3388 som kanske icke alla böra se men väl ##
2140 3349 2245 3413 H
1341 3345 2251 3460 hvarje intellektuellt verksam människa 1.
1389 3415 2254 3494 — inte därför att den är ny, inte hellerRi
