3344 4352
673 180 876 252 ess
273 187 1501 292 25 PrrBernhand
805 656 1288 745 teuchenangabe onlie Gewan..)
497 723 1544 819 Ausschnitt aus Der Humorist, Wien
511 856 969 966 vom: 1- 0K167
444 1007 1596 1134 Wiesbadener Theaterchronik.
1258 1090 1680 1163 28. September 1913.
480 1149 1711 1217 Das Interesse am Hoftheater gehört zur Zeit mehr
370 1195 1719 1264 seinen Versprechungen und Verheißungen als seinen Taten: der
384 1245 1715 1316 „Verdizyklus“ wird angekündigt und die Vorbereitungen für die
378 1319 1720 1361 „Parsifal“=Aufführung sind in vollem Gange, das Schauspiel
375 1360 1720 1408 bringt auf der vom Dramaturgen Linsemann geschaffenen Stil¬
377 1395 1711 1461 bühne Schillers „Braut von Messina“. Zu den augenblicklich inter¬
378 1451 1720 1507 essantesten Abenden gehörte eine „Troubadour“=Aufführung, die
376 1510 1715 1557 ein Muster von einem Opernabend war. Jacques Urlus sang
372 1555 1716 1605 den Manrico als echter Heldentenor mit urwüchsiger Kraft und
387 1593 1716 1661 einem seelenvollen Empfinden; warm und innig wirkt sein Organ.
496 1653 1718 1705 Das Residenztheater hatte mit einer sauber gefeilten
375 1690 1728 1743 Aufführung von Schnitzlers „Professor Bernhardi“ im ausver¬
381 1737 1715 1804 kauften Hause—einen seiner größten Erfolge; das Interesse des
393 1799 1722 1854 Publikums hielt sich bis zum Schluß auf der Höhe. Man ver¬
390 1853 1716 1915 folgte die politischen Gespräche mit einer Aufmerksamkeit, als gelte
381 1885 1721 1942 es einen preußischen Kampf. Das Publikum bewies, daß es bei
378 1932 1722 1990 Bühnenstücken auch einmal ohne Liebesgeschichte abgehen kann,
380 1985 1716 2055 denn das Stück, das ein menschlich, religiös und politisch inter¬
383 2053 1719 2099 essantes Problem mit so unendlichem Geschick löst, ist doch völlig
383 2103 1719 2148 „amorinfrei“. Die Darstellung war fein, sorgfältig und voller
385 2129 1720 2187 Gourmetreize; die Typen arischen und semitischen Blutes fanden
386 2181 1730 2241 ihre geeigneten Vertreter. Rudolf Miltner=Schönau gab den
388 2234 1722 2292 Professor als den klugen Weltmann, den feinsinnigen Gelehrten,
378 2275 1721 2344 den überlegenen Skeptiker mit reservierter Männlichkeit, viel Idealis¬
385 2328 1721 2383 mus und Vornehmheit, sowie einer Dosis leiser Ironie und
375 2383 1719 2454 zarten Humors. Innerer Adel und Herzensgüte sorgten dafür,
383 2424 1720 2477 daß er auch da, wo er zum Spötter wird, nie verletzt. Seine
389 2488 1725 2533 tüchtige Sprechtechnik kam ihm bei dieser blendenden Dialektik, zu
390 2521 1727 2588 der Bernhardi allemal da seine Zuflucht nimmt, wo ihm tieferes,
380 2573 1729 2634 letztes Verstehen versagt ist, glänzend zu Hilfe. Auch im Aeußeren
392 2633 1728 2681 war er sympathisch, in der Maske und im Auftreten und so recht
395 2665 1723 2732 der geistige Mittelpunkt des Abends. Den ministeriellen Phraseur
388 2715 1725 2796 spielte Herr Keller=Nebri mit seiner bekannten Eleganz; gut
382 2761 1731 2831 wußte er hinter dem Sich=selbst=Berauschen am eigenen Worte den
385 2833 1730 2894 Mangel an tiefer Intelligenz zu verbergen. Daß Herr Nessel¬
383 2870 1733 2930 träger als Pfarrer in der zweiten wundervollen Unterredung mit
388 2924 1727 2982 Bernhardi den warmen Ton anschlug, war sehr lobenswert. Be¬
392 2971 1729 3028 achtenswerte Leistungen boten auch die Herren Bertram (Cyprian),
395 3011 1733 3085 Rücker (Pflugfelder), Bartak (Löwenstein), Bauer, der als
394 3052 1721 3126 Hofrat noch etwas mehr die feine Ironie hätte zeigen können.
388 3097 1735 3169 Willy Schäfer als Dr. Feuermann karikierte zu stark, Hermann
393 3157 1735 3214 Schroeder bewies als Dr. Filitz wieder, daß er immer nur mit
392 3211 1548 3273 großer Behaglichkeit Theater spielt und miserabel spricht.
508 3250 1732 3319 Den Kurgästen, die in diesen eleganten Herbsttagen noch in
391 3300 1735 3375 Scharen hier sind, bereitete das Kurhaus einen besonderen
402 3365 1732 3421 Genuß mit einer Aufführung von Mahlers achter Sinfonie. Das
389 3397 1725 3492 geniale Werk kam hier unter Direktor Schurichts Leitung bei einer
373 3484 1712 3547 Mitwirkung von 600 Personen zu eindrucksvollster Wiedergabe.
1034 3554 1711 3611 es war jedenfalls der Clou der
363 3554 916 3618 Der Beifall war jubelnd
364 3602 1712 3666 Konzertsaison und ein neuer Beweis dafür, daß Wiesbaden in
369 3647 1705 3696 der Tat auf dem Wege ist, eine der ersten Musikstädte Deutsa¬
1033 3702 1678 3773 Walter Müller-Waldenburg.
370 3698 756 3785 lands zu werden.
1636 195 2087 295 box 30/4
1946 934 2962 1062 Ausschnitt ausarter Zellung
2163 1017 2444 1122 2-97 1912
1949 1059 2110 1125 vom:
2040 1191 3109 1285 = [Bühne und Konzertsaal.] Man berichtet uns aus
1965 1220 3091 1338 Wiesvaden: Im Residegzthegter hatte-Schnitzlers
1968 1293 3098 1373 „Professor Bernhardi“lin der stilvollen Regie Dri¬
1964 1312 3085 1417 Rauchs den größten Erfolg, den in diesem premierenreichen
1958 1362 3089 1463 Hause seit Jahren ein Bühnenwerk erlebte. Neben der groß
1958 1402 3069 1488 zügigen scharf dürchdachten Leistung Herrn Miltner=Schönau¬
1956 1435 3069 1512 als Bernhardi wären als vortrefflich in ihrer guten Charal
1955 1473 3074 1556 terisierung zu nennen die Herren Keller=Nebri als schönred
1957 1511 3064 1607 nerischer Minister und Nesselträger als der kluge Priester. —
1949 1549 3087 1628 Wie man uns mitteilt, ist das Stadttheater von Hanau¬
1943 1587 3087 1692 unter Aufwendung beträchtlicher Mittel im Innern gründlich
1952 1637 3084 1741 renoviert worden. Als Eröffnungsvorstellung der Winter¬
2374 2080 2833 2184 etuenghweruinge Gewante¬
2440 2149 3042 2237 Schwäbischer Merku,
2068 2168 2481 2250 Ausschnitt aus:
2604 2211 2886 2299 Stuttgart
2332 2236 2629 2334 G2.051. 1913
2057 2276 2215 2330 vom:
2395 2403 2733 2493 Kgl. Hoftheater.
2029 2421 3129 2556 2- Zur Erstaufführung der Schnitzterschen Komödie
2014 2503 3133 2611 „Professor Bernhardi“ am nächsten Sonntag schreibt
2004 2525 2381 2591 die Theaterkanzlei:
2023 2561 3135 2667 Die neue Komödie Schnitzlers „Professor Bernhardi“.
2015 2604 3120 2699 war der größte Erfolg der vorigen Berliner Spielzeit. Diese
2001 2644 3128 2734 geistreiche und satirische Dichtung muß notwendigerweise das
2002 2679 3129 2786 Interesse jedes Zuschauers bis zum letzten Augenblick wach
2005 2713 3127 2825 halten. Wie zart und fein ist der Enddialog zwischen Pro¬
2001 2749 3128 2857 fessor Bernhardi und dem Hofrat; der tiefste Sinn des Stückes
1999 2786 3124 2896 ist in ihm enthalten. Alle Charaktere sind unvergleichlich
1984 2826 3115 2936 scharf gezeichnet, wie dies bei Schnitzler auch gar nicht anders
1987 2865 3118 2947 zu erwarten ist. Wir fühlen von Anfang an, daß der Dichter
1990 2899 3118 3004 die östr. Aerztekreise, in denen das Stück spielt, durch und
1985 2941 3104 3034 durch, mit allen ihren Licht= und Schattenseiten kennt. Der
1982 2967 3113 3084 hochinteressante Konflikt des Werkes wird in 5 Akten äußerst
1977 3012 3112 3104 geschickt behandelt, um am Ende geschlichtet zu werden, ohne
1976 3054 3109 3163 je den Leser oder Zuhörer auch nur einen Augenblick ge¬
1973 3081 3102 3197 langweilt zu haben. Die Komödie hat vom Berliner „Kleinen
1966 3115 3098 3244 Theater“ aus, wo die Uraufführung stattfand, ihre sehr erfolg¬
1975 3161 2968 3243 reiche Laufbahn über die deutschen Bühnen angetreten.
1981 3200 3093 3305 Die erste Morgenunterhaltung in dieser Spielzeit
1978 3228 3098 3342 findet am Sonntag 5. Okt. vorm. im kleinen Haus statt; sie ist
1973 3271 3103 3385 dem Gedächtnis Verdis gewidmet, dessen 100. Geburtstag
1967 3307 3089 3411 am 9. Okt, durch eine Auführung seines Meisterwerkes
1970 3355 3084 3451 „Rigoletto“ mit Enrico Caruso als Herzog gefeiert wird. Das
1958 3378 3081 3491 Programm der Matinee weist neben dem Vortrag des Musik¬
1961 3416 3079 3528 schriftstellers Oskar Schröter hauptsächlich unbekanntere
1960 3458 3082 3564 Werke Verdis auf und dürfte das Publikum dadurch beson¬
1950 3484 3080 3595 jders interessieren. Es werden 2 Sätze des Quartetts aus dem
1949 3530 3083 3641 Jahre 1873 gespielt; ferner gelangen zum Vortrag ein Nok¬
1943 3571 3078 3683 sturno für 3 Stimmen mit Flöte und Klavier, 2 Romanzen,
1948 3610 3090 3722 eine Cavatine für Bariton aus „Ernani“ und eine Preghiera,
1927 3643 2413 3717 ffür Baß aus „Nabucco“.
