3344 4352
611 211 661 257 E
189 201 1390 295 25 PrSsor Bernhand
650 1681 1506 1758 48 PROFESSOR BERNHARDI: A PLAY
689 1742 1591 1802 Bernhardi: Thereby Your Reverence surely
656 1777 1584 1856 executed the measure of your responsibility;
652 1818 1582 1889 but perhaps the effect which this testimony
650 1851 1336 1921 produced, might be some reward.
699 1894 1574 1970 Priest: I doubt, Professor, if its effect will
656 1934 1588 1992 be favorable to me outside of the court-room.
643 1980 1585 2031 But you can imagine, Professor, that I did not
648 2019 1580 2085 come here for the purpose of recapitulating
654 2049 1585 2103 my testimony before the court. That which
644 2085 1572 2155 prompts me to call upon you at this late hour
646 2127 1577 2198 is the fact that I have a further admission to
640 2151 992 2215 to make to you.
687 2193 1389 2265 Bernhardi A further admission?
690 2239 1557 2311 Priest: Before the court, I expressed my
636 2275 1551 2337 conviction that you did not act with hostile
636 2326 1553 2380 intentions towards me or my church. Now I
633 2355 1556 2419 feel myself prompted to admit that in this
636 2402 1558 2452 special case—understand, Professor, in this
636 2435 1550 2499 special case—you acted correctly in your ca¬
628 2468 1560 2543 pacity as a physician, and that you only obey¬
628 2501 1208 2562 ed your duty as I did mine.
669 2545 1549 2607 Bernhardi: Do I understand you aright?
637 2575 1543 2637 You admit that I could not have acted differ¬
633 2618 789 2667 ently?
674 2652 1298 2717 Priest: Not as a physician.
674 2692 1552 2755 Bernhardi: If this is your real opinion,
633 2728 1551 2798 Your Reverence, I must say that you had bet¬
625 2774 1553 2848 ter opportunity, or perhaps the only proper
627 2812 1380 2862 chance, to admit it a few hours ago.
664 2846 1539 2902 Priest: I need not assure you that it was
612 2891 1545 2948 not lack of courage that sealed my lips; other¬
614 2926 1384 2993 wise should Ithen be here, Professor?
657 2968 1181 3016 Bernhardi: What then?
653 2997 1545 3066 Priest: I will tell you. That which silenced
604 3045 1537 3107 me in court was the conviction which came to
2010 140 2074 183 —.
1555 191 2006 276 box 31/8
1771 1669 2609 1731 PROFESSOR BERNHARDI: A PLAY 49
1688 1746 2610 1792 me by holy inspiration, that one word more
1692 1778 2610 1834 might cause infinite damage to a truly sacred
1698 1822 2555 1865 cause; the most sacred in the world to me.
1729 1858 2607 1902 Bernhardi: I cannot imagine, that for a
1687 1899 2603 1951 courageous man like you, Your Reverence,
1691 1933 2604 1989 there could be anything more sacred than the
1693 1965 2034 2019 truth. Nothing.
1723 2000 2599 2055 Priest: What! Nothing more sacred than
1691 2051 2609 2093 intangible truth for which I might have stood
1698 2084 2607 2126 until the end in this single case? You don't
1686 2124 2614 2157 mean that. Should I have acknowledged that
1696 2167 2604 2209 you had the right to send me away from the
1685 2195 2612 2247 death-bed of a Christian—a sinner—the ene¬
1697 2232 2603 2287 mies of the church would certainly have abused
1693 2272 2600 2315 such a declaration far beyond my responsi¬
1691 2308 2602 2354 bility. The slight truth that I had uttered
1690 2348 2607 2386 would have been twisted and misinterpreted,
1697 2386 2603 2425 so that it would have become a lie. And what
1687 2426 2612 2477 would have been the result of that? I should
1696 2463 2607 2511 have appeared as a renegade, a traitor, not
1687 2501 2618 2553 only before those to whom I owe obedience, but
1696 2537 2140 2588 even before my God.
1729 2579 2572 2625 Bernhardi: Then why do you do it now?
1737 2611 2603 2658 Priest: Because at the very instant I re¬
1693 2656 2602 2698 ceived that inspiration, I pledged myself to
1687 2698 2606 2738 make the confession to you personally, some¬
1692 2728 2609 2786 thing which the public would have misunder¬
1703 2763 2200 2823 stood and misconstrued.
1742 2803 2039 2857 Bernhardi: I
2042 2791 2601 2845 thank you for this, Your
1695 2838 2610 2893 Reverence, and let me express the hope that
1690 2871 2609 2923 vou will never again be put into the position to
1690 2921 2608 2964 have to testify publicly in a cause where greater
1700 2954 2624 2990 things are at stake than my humble self. For it
1694 2982 2618 3030 might happen, that what appears to me in this
1699 3028 2624 3075 instance, as your own personal scruple, might
