3392 4352
250 220 437 300 25
706 232 790 284 S
444 219 1452 325 ProfzO-Bernhandi
450 1133 1570 1261 Agsachnitt aus: aus Mlihren u. Schlezien¬
707 1218 852 1287 20 2
469 1264 530 1310 1
1022 1289 1136 1362 #lers
546 1260 1654 1402 Voriesung von Schll „Professor Beruh##si“.
462 1330 1659 1455 Der ersse „Leseabend der Czernowitzer Ortsgruppe
459 1388 1664 1499 der „Fresen Schule“ am 15. d. vermittelte den Brün¬
459 1439 1666 1551 nern die Bekanntschaft mit dem neuesten dramatischen Werk.
460 1470 1658 1606 Artur Schnitzlers, mit dem an allen österreichischen Bühnen
458 1535 1651 1649 polizeilich verbotenen „Professor Bernhardi“. Der Vortra¬
448 1600 1646 1697 gende, Herr Professor Josef Gajdeczka, skizzierte zu¬
445 1630 1648 1763 nächst Schnitzlers bisheriges Schaffen, worin die beiden
439 1682 1637 1800 Grundprobleme des Lebens, Liebe und Tod, vorherrschten.
445 1726 1644 1839 In seinem neuesten Werk überraschte Schnitzler Freund¬
433 1788 1647 1894 und Feind: er schuf eine politische Komödie, in der die
433 1831 1638 1957 Liebe gar keine Rolle spielt. Die österreichische Zensur ver¬
432 1878 1636 1993 bot leider die Aufführung des Werkes, durch die, wie der
435 1925 1637 2043 Vortragende besonders hervorhob, weder das Staatsge¬
419 1973 1624 2074 bände erschüttert noch auch eine Kirche zum Einsturz ge¬
418 2015 1629 2149 bracht würde. Nach diesen treffenden einleitenden Bemer¬
403 2082 1634 2190 Uungen las Professor Gajdeczka mit großem künstlerischen
410 2130 1623 2227 Verständnisse, in Tonfall und Sprechweise die einzelnen
418 2167 1634 2277 Personen scharf auseinanderhaltend, die vollständige, von
423 2225 1623 2343 starker Wirkung begleitete Komödie. Besonderen Eindruck
414 2283 1627 2402 machten die glänzend herausgearbeiteten Szenen zwischen
405 2322 1618 2428 Vernhardi und dem streberischen Unterrichtsminister Flint,
406 2373 1620 2493 sowie zwischen Bernhardi und dem anarchistelnden Hofrate
406 2417 1612 2538 Winkler. Reicher Beifall lohnte den Vortragenden für seine
386 2443 1610 2590 vorzügliche Vorlesung. Nach beendigter Vorlesung dankte
400 2517 1601 2639 der Obmann der Ortsgruppe Czernowitz der „Freien
399 2583 1603 2699 Schule", Herr Ferry Löw, dem Vortragenden für die
392 2611 1594 2732 treffliche Wiedergabe des Werkes und kündigte als nächste
389 2669 1584 2783 Veranstaltung im März eine Vorlesung Karl Hans
388 2720 1590 2833 Strobls (eigene Dichtungen) an. Unter den Gästen,
379 2766 1579 2864 die den Saal bis aufs letzte Plätzchen besetzt hielten, be¬
378 2817 1596 2919 sanden sich Mitglieder der Brünner Ortsgruppe mit ihrem
373 2869 1585 2983 Obmanne Professor Kögler, Bürgermeister und Ge¬
359 2921 1588 3053 meinderäte aus Czernowitz, Gemeinderat Beyer (Brüpn)
370 2964 504 3019 U. d.
1604 214 2069 312 box 31/6
1998 862 2173 930 Nr. 12
2109 910 2457 968 —
2063 966 3166 1044 Hoffentlich werden die Brünner Genossen bald inlde
1938 1037 3172 1100 anderen Städten Mährens Nachahmer finden, damit die di¬
1949 1079 3174 1137 Sache der Kinderfreunde zum Wohle der Kinder immer hi¬
1954 1132 2519 1195 weitere Kreise ziehen möge.
2071 1163 3172 1243 Alle Organisationen, die sich näher informieren I
1945 1227 3189 1285 wollen, sollen den „Kinderfreund“, das Organ der Un
1945 1281 3104 1335 Kinderfreunde, Graz, Auenbuggergasse 35, abonnieren,
3111 1283 3147 1333 g
1944 1300 3183 1406 der für organisierie Arbeiter nur eine Krone jährlich
1951 1368 3183 1427 kostet und eine sehr schöne Jugendbeilage, die „Jugend=un
2393 1422 3167 1497 Emmy Freundlich (Wien). k#
1944 1420 2263 1490 post“, enthält.
1962 1480 2439 1595 (G
2855 1487 3029 1593 227
2163 1568 2936 1677 Iglauer Lokalberichte.
2075 1677 3186 1736 („Freie Schule“.) Am 14. d. veranstallete des
1947 1711 3200 1785 die hiesige Ortsgruppe der „Freien Schule“ eine auf de
1952 1757 3184 1815 Geladene beschränkie Vorlesung von Schnißlers 5
1952 1809 3180 1883 Drama „Doktor Bernhardi“. Der Zudrang zu Ve
1944 1866 3185 1919 dieser Vorlesung war ein so großer, daß infolge Platz=rhie
1951 1922 3179 1983 mangel viele keinen Einlaß mehr finden konnten. Auchl dis
1955 1982 3183 2025 unsere Genossen waren sehr zahlreich erschienen und be¬ De
3101 2006 3179 2077 U
1946 2018 3102 2077 zeugten durch gespannte Aufmerksamkeit ihr Inleresse für
1960 2060 3175 2130 diese zeilgemäße Komödie, die unsere politischen Ver=ehr
3103 2112 3171 2180 st
1951 2108 3100 2174 hältnisse und die Verlotterung derselben bis hoch hinauf
1956 2155 3110 2229 so wahrheilsgetreu und schlagend beleuchtel, daß eine
1948 2199 3100 2262 hochweise Zensur ihre Aufführung auf der Bühne ver¬
3105 2202 3196 2277 S
1958 2255 3102 2322 boten hat. In der Regel verbirgt man aber nur oder
1943 2324 3104 2371 sucht zu verbergen, wofür man Ursache hat, sich zu —
1973 2343 3195 2418 schämen! Herr Obmann Herold eröffnete denf üh
1950 2397 3184 2465 Abend mit einer herzlichen Begrüßung und erkeilte zu=e
3107 2436 3175 2498 m
1958 2455 3104 2514 nächst Herrn Lehrer Springer das Wort, der unter
1943 2502 3212 2563 Hinweis auf die Vorgänge des Dramas und den Ideen=ole
1954 2548 3106 2621 gehalt desselben die Vorlesung der Komödie im Vereine
1964 2607 3178 2669 „Freie Schule“ näher begründete. Und nun hatten die be¬
3105 2626 3189 2693 bi
1954 2652 3106 2699 Versammellen Gelegenheit Herrn Willi Kraus, des
1955 2701 3099 2756 trefflichen Charaklerdarsteller unseres Stadttheaters, auch
3109 2729 3201 2786 se
1961 2764 3104 2813 als ausdauernden Vortragskünstler kennen zu lernen.
1961 2789 3192 2865 Es war ja wirklich keine geringe Aufgabe, durch nahezu
3106 2842 3164 2885 „
1962 2843 3106 2908 3½ Stunden das Publikum in Alem zu halten und
3119 2874 3171 2934 di
1959 2897 3178 2960 wenn dies Herrn Willi Kraus trotzdem gelang, so beweist###
1955 2955 3119 3006 dies nicht nur die Meisierschaft Schnißzlers in der Führung
3112 2964 3193 3045 st.
1959 2993 3117 3053 der Handlung dieser Komödie, sondern auch die vorzüg¬
1947 3057 3097 3106 liche Leistung des Vorlesers, der die einzelnen Personen
3108 3075 3168 3132 *
1962 3092 3098 3152 des Stückes scharf und konsequent zu charakterisieren
3096 3113 3177 3179 U
1959 3149 3100 3200 verstand. Wir fühlen uns daher sowohl der Ortsgruppen¬
1957 3176 3146 3259 leitung sowie Herrn Willi Kraus zu Dank verpflichtet,
1958 3240 3166 3301 daß sie uns die Bekannlschaft dieses dramatischen Kunst¬
1952 3303 3105 3357 werkes vermittelt haben. Wie uns bekannt geworden,
1956 3336 3115 3397 hat der Autor desselben, Herr Dr. Schnitzler in Wien,
1953 3381 3109 3451 die Vorlesung desselben ohne jede Entschädigung gestaltet
1964 3435 3103 3503 und so war die Ortsgruppe der „Freien Schule“ in der
1963 3500 3112 3544 erfreulichen Lage, keinen Eintrilt einheben zu müssen.
1947 3534 3153 3598 Bemerkt möge noch werden, daß viele da waren, die
1964 3581 3196 3657 man — nicht sah. Macht nichts, es gehl, wie man g
1949 3635 2376 3697 sieht, auch ohne sie.
2172 3657 2653 3745 .
2939 4095 3024 4194 220
