3436 4352
714 150 828 224 e S
1630 152 2093 248 box 30/1
285 155 1506 265 25. PrefseBernhand
427 479 1263 619 hnlt aus: Wn Toer, Maräher
1720 538 2095 632 Aussehnitt aus:
2071 575 2886 663 Berhfe. Locc. Aitzeiger
1834 610 2130 708 2 12. 1212
460 607 642 705 —29 12
550 598 854 724 9 12.1912
1720 644 1873 721 vom:
898 678 1104 757 # 1
1827 730 2707 820 „Professor Bernhardi“, die neueste Ko¬
526 717 1409 846 PProfessor Bernhardi“, die neueste Ko¬
488 787 1402 869 mödie von Arthux Schnitzler ging am
1760 741 2722 868 mödie von Artbur Schuitl
1778 824 2711 909 28. November im reinten Theater unter
489 817 1414 917 28. November im Kle#
1776 865 2698 944 ldem Zeichen jenes respektvollen Beifalls in Szene,
487 845 1402 961 dem Zeichen jenes respektvollen Beifalls in Szene,
1773 896 2713 988 der auch den durchgefallensten Werken dieses hoch¬
489 873 1418 989 der auch den durchgefallensten Werken dieses hoch¬
1790 938 2705 1014 geschätzten Autors niemals zu fehlen pflegt. In¬
493 933 1459 1027 geschätzten Autors niemals zu fehlen pflegt. In=Ps
480 968 1402 1071 dessen vermochten weder diese zarten Aufmerksang
1771 968 2704 1053 dessen vermochten weder diese zarten Aufmerksam¬
479 1016 1394 1111 keiten, noch der geistvolle Dialog darüber hinwet¬
1767 1001 2699 1116 I keiten, noch der geistvolle Dialog darüber hinweg¬
481 1052 1389 1142 zutäuschen, daß ohne direktoriale Förderung diese
1743 1068 2658 1165 zutäuschen, daß ohne direktoriale Förderung diese
476 1080 1396 1193 Komödie, deren ungehemmter Redestrom eitem
1746 1132 2661 1214 Komödie, deren ungehemmter Redestrom einem
472 1124 1323 1221 Todesfall entspringt, nicht lebensfälig wärz.
1742 1145 2590 1239 Todesfall entspringt, nicht lebensfähig wäre.
677 1715 3365 1793 Berliner Theater.Sterb#sakramenten in die Anstalt, um seines Amtes zwischen Wissenschaft und Kirche, den
1541 1753 3366 1809 zu walten. Professor Bernhardi, der leitende Arzt, decken und zuspitzen will. Der Mann
815 1777 2590 1861 F. D. Berlin, Anfang Dezember. [bittet ihn zunächst, von seinem Vorhaben abzusehen,
2571 1809 3364 1856 schaft kümmert sich nicht weiter um di
586 1821 2578 1896 Es begegnet dem Verfasser des „Leutnants weil die Kranke in ihm sofort einen Vorboten des
2582 1838 3376 1902 moralische Wirkung seines augenblich
495 1878 1551 1941 Gustl“ und der Einakter „Reigen“ nicht zum ersten
1549 1879 3363 1940 nahen Todes erkennen würde, und wehrt dann, als auf die Gesamtheit; der Priester in e
501 1931 1543 1984 Male, daß ihm die Zensur in den Arm fällt. Aber
1552 1928 3366 1997 der Diener der Kirche auf der Erfüllung seiner wo die Kirche Macht und Führung hat
504 1978 3374 2035 bisher wareges meistens erotische Kühnheiten, die Pflicht besteht, seinen Versuch, trotzdem in das einzelnen Fall nur als Symbol, in de
505 2006 1543 2081 das Bedeuten der Sittlichkeitswächter erregten;
1553 2005 3356 2073 Krankenzimmer vorzudringen, mit der Berufung und Ansehen seiner Sache spiegelt und
505 2051 1547 2118 diesmal ei Arthu#Ko¬
1549 2066 3363 2128 auf sein Hausrecht und seiner ärztlichen Machtvoll= deshalb auch nicht das menschliche Gefüh
484 2107 1554 2171 mödie Professor Bernhardi“ (Buchausgabe
1557 2108 3360 2162 kommenheit energisch ab. Dem Geistlichen bleibt blicks, sondern den Gedanken an die
491 2140 1551 2207 beiFischer, Berlin), glaubte man es in Wien mit
1553 2154 2591 2211 nichts andres übrig, als sich unverrichteten Amtes
2579 2151 3358 2208 Wirkungen, mit anderm Wort die P
493 2184 1553 2262 einen politischen Werke zu tun zu haben, von dem
1545 2200 3363 2257 zurückzuziehen. Bald aber bekommt Prof. Bern- lassen will. So ist zur Gipfelszene d
492 2228 1559 2309 eicke Aufwühlung der Parteileidenschaften zu be¬
1541 2231 3365 2321 hardi die Folgen seines Auftretens zu spüren: die nicht die Begegnung des Arztes und des
492 2277 1545 2341 Archten wäre. Diese Maßregel erscheint fast wie
1547 2285 3346 2356 adelige Patronesse des Hauses zieht sich zurück, das Krankenhause gemacht worden, auch
490 2320 1553 2391 ein Hohn auf die Idee des Stückes, denn Schnitzlers
1546 2323 2581 2388 Arztekollegium spaltet sich in zwei Lager, eins für,
2582 2316 3329 2391 regte Debatte der lieben Kollegen f
499 2360 2591 2431 Bestreben geht auf nichts andres aus, als den partei= eins gegen Bernhardi, im Parlament wird eine
2584 2356 3363 2438 Bernhardis Sache, sondern vielmehr d
497 2405 2592 2483 politischen Stoff, der ihm da auf die Finger brennt klerikale Interpellation über den Fall eingebracht,
2568 2405 3358 2476 Besuch, den der Geistliche dem Ver
488 2461 3362 2518 und den er so oder so zu gestalten sich getrieben fühlt. wobei der Minister, selbst ein Arzt und ein Jugend-mittelbar nach der Gerichtsverhandlun
487 2512 3367 2562 ins Unpolitische, ja sogar in eine Verneinung und freund Bernhardis, diesen kaltblütig fallen läßt, als vier Wänden abstattet, um ihm warm
499 2547 1548 2607 Verabschiedung all und jeder politischen Leiden¬
1536 2550 2589 2605 er sieht, daß aus einer Kraftprobe mit den Kleri¬
2573 2540 3359 2611 Sympathie, ja sogar Hochachtung für
499 2587 2590 2655 schaft umzubiegen. Er darf sich also darauf berufen, kalen, wie er sie ursprünglich wohl plante, keine
2584 2593 3363 2660 auszudrücken, ihm zugleich aber zu sa
1540 2628 2589 2692 Lorbeeren zu pflücken sind. Bei dem allen darf man
488 2641 1552 2704 ganz und gar kein Tendenzstück geschrieben zu haben.
2574 2643 3363 2697 Verschiedenheit ihrer Weltanschauung
495 2674 1551 2742 Aber kommt es bei einem politisch gefärbten Drama,
1547 2670 2575 2734 nicht vergessen, daß Bernhardi nicht bloß moderner
2576 2677 3362 2744 brückbaren Abgrund zwischen ihnen au
499 2710 1552 2784 das öffentlich gespielt werden soll, wirklich immer
1543 2725 2588 2789 Mediziner und Naturwissenschaftler, sondern auch
2577 2725 3367 2792 naives Gefühl des menschlich bewegten
500 2768 1560 2828 nur auf die Tendenz an? Kann nicht auch in der
1549 2769 3370 2837 Inde ist, dem man eine Opposition gegen die herr=Vertrauen auf eigne Erkenntnis un
502 2813 1559 2875 Exposition und in der Entfaltung des Konflikts so
1548 2797 3365 2876 schende Kirche am allerwenigsten verzeihen zu antwortlichkeit, dort die weiter blickend
499 2855 1545 2913 viel Zündstoff angesammelt werden, daß ein Staat
2577 2845 3363 2918 Verstandes und des entscheidenden Vor
1540 2858 2582 2916 können glaubt. Die Affäre schwillt denn auch
492 2896 1552 2958 wie dieses mosaikartig zusammengesetzte Österreich
1544 2900 2586 2957 lawinenartig zu einer Staatsaktion an: Handelte
2581 2895 3360 2958 aber auch die demütige Unterordnung
498 2932 1550 3000 für den lieben Frieden seiner Mitbürger fürchten
2577 2949 3356 2996 bote einer unfehlbaren Kirche. Bernh
1546 2937 2588 3009 es sich zuerst nur um ein Argernis, so bald um eine
500 2996 2581 3044 muß, wenn ihnen wie hier ad oculos demonstriert Religionsstörung und endlich sogar um ein Re¬
2570 2991 3364 3046 heiter und unerschüttert aus dem Gefä
490 3034 1556 3095 wird, wie im lieben Vaterlande alles zwischen
1548 3024 2586 3092 ligionsverbrechen. Genug, dem Sünder wird der
2585 3038 3360 3094 wie er hineingegangen ist. Die Poli
491 3078 1548 3134 Morgen und Abend von parteipolitischen Interessen,
1543 3083 2581 3140 Prozeß gemacht und eine Strafe von zwei Monaten
2578 3079 3368 3139 auch jetzt noch nicht warm machen könn
499 3114 1570 3200 Neigungen und Abneigungen, Vorteilen und
1546 3121 2581 3180 Gefängnis zudiktiert. Bernhardi nimmt das alles
2582 3124 3347 3196 Wünsche gipfeln in dem Einen: Ruhe
492 3153 1005 3241 Schäden infiziert ist?
2586 3160 3354 3221 wieder zu seiner Wissenschaft zu k
1543 3173 2589 3227 mit philosophischer Gelassenheit hin. Leicht hätte
585 3201 1556 3269 Es handelt sich um folgenden Fall: Im Elisa¬
1540 3204 2578 3272 er durch eine öffentliche Erklärung noch rechtzeitig
2582 3200 3361 3264 Staat, nun er der herrschenden Part
487 3232 1550 3311 bethinum, einem aus öffentlichen Mitteln erhaltenen
1542 3257 2592 3321 den Kopf aus der Schlinge ziehen können, aber er
2584 3241 3360 3312 verschafft hat, scheint ihm weiter kein
495 3280 1565 3346 Krankenhause, liegt ein armes Mädchen darnieder
1547 3286 3357 3350 verschmäht das in der Zuversicht eines guten Ge=den Weg legen zu wollen, ja aus dem
491 3332 3364 3403 und sieht ihrem letzten Stündlein entgegen, während wissens, und weil er sich an dem trüben Handel, der lskeptischen Hofrats, der früh das besse
489 3373 2580 3442 die Kunst der Krzte ihr ein gesteigertes Glücks= undlda eingesädelt werden soll, nicht beschmutzen möchte.
2583 3376 3366 3445 stets zu Konzessionen bereiten Resign
487 3415 2585 3493 Hoffnungsgefühl, eine selige Zuversicht auf Ge=Auch nach der Verurteilung bleibt er heiter und un¬
2583 3434 3355 3488 hat, darf er hören, daß man ihn und
2575 3478 3354 3531 da oben nur zu gut versteht, daß man
488 3476 2590 3539 nesung suggeriert hat. Alle Hoffnung auf Heilung erschüttert in dem Gefühl, innerlich mit Politik
503 3511 2576 3576 ist geschwunden, die Arzte können, nur noch dafür nichts zu schaffen zu haben, und in der Überzeugung,
2580 3509 3362 3575 aus Politik, ganz und gar nicht billig
490 3551 1503 3626 korgen, der Todgeweihten jenes Wohlgefühl-
1539 3545 2589 3620 ohne die leifeste Absicht einer Demonstration in dem
2587 3558 3356 3639 seine Erkenntnis und seine Überzeugun
500 3595 1563 3670 Euphorie nennen sie selbst es — bis zum letzten
1544 3603 2590 3659 vorliegenden, ihn allein angehenden Fall schlicht und
2581 3610 2863 3684 Tat umsetzt.
2642 3625 3357 3713 Es ist bezeichnend für das
486 3639 2598 3711 Augenblick zu erhalten. Da tritt — man weiß nichtlrecht seine ärztliche Pflicht erfüllt zu haben. In
489 3685 3334 3767 recht, von wem gerufen — der Geistliche mit den ldiesem Punkte gerade liegt aber der Unterschied Österreichertum der Gegenwart und
2303 3831 2539 3972 47
1730 3793 2226 4003 1.
