<?xml version="1.0" encoding="UTF-8" standalone="yes"?>
<PcGts xmlns="http://schema.primaresearch.org/PAGE/gts/pagecontent/2013-07-15" xmlns:xsi="http://www.w3.org/2001/XMLSchema-instance" xsi:schemaLocation="http://schema.primaresearch.org/PAGE/gts/pagecontent/2013-07-15 http://schema.primaresearch.org/PAGE/gts/pagecontent/2013-07-15/pagecontent.xsd">
    <Metadata>
        <Creator>prov=University of Rostock/Institute of Mathematics/CITlab/Gundram Leifert/gundram.leifert@uni-rostock.de:name=ONB_Newseye_GT_M1+(htr_id=10810)::::v=2.4.2
prov=University of Rostock/Institute of Mathematics/CITlab/Tobias Gruening/tobias.gruening@uni-rostock.de:name=de.uros.citlab.module.baseline2polygon.B2PSeamMultiOriented:v=2.4.2
prov=University of Rostock/Institute of Mathematics/CITlab/Tobias Gruening/tobias.gruening@uni-rostock.de:name=/mnt/transkribus/LA/DEA/URO/LA_news_onb_att.pb:de.uros.citlab.segmentation.CITlab_LA_ML:v=2.4.2
Transkribus</Creator>
        <Created>2019-10-07T11:14:12.367+02:00</Created>
        <LastChange>2019-10-08T02:58:40.847+02:00</LastChange>
        <TranskribusMetadata docId="223963" pageId="9497059" pageNr="493" tsid="16499436" status="IN_PROGRESS" userId="40391" imgUrl="https://files.transkribus.eu/Get?id=OZYSSHPSUONLWDQXACLQVBBO&amp;fileType=view" xmlUrl="https://files.transkribus.eu/Get?id=KHYBRKSZARTJXLGOWWEZCLON" imageId="6187286"/>
    </Metadata>
    <Page imageFilename="223963_0493.jpeg" imageWidth="3344" imageHeight="4256">
        <ReadingOrder>
            <OrderedGroup id="ro_1711442642364" caption="Regions reading order">
                <RegionRefIndexed index="0" regionRef="r1"/>
            </OrderedGroup>
        </ReadingOrder>
        <TextRegion orientation="0.0" id="r1" custom="readingOrder {index:0;}">
            <Coords points="242,133 242,3111 3342,3111 3342,133"/>
            <TextLine id="r1l1" custom="readingOrder {index:0;}">
                <Coords points="1571,165 1599,161 1651,192 1706,174 1741,187 1807,162 1946,191 2043,186 2042,110 1955,87 1865,106 1837,96 1786,128 1698,94 1570,110"/>
                <Baseline points="1589,167 1614,165 1640,163 1666,161 1692,160 1717,160 1743,159 1769,159 1795,159 1820,160 1846,160 1872,160 1898,160 1923,160 1949,159 1975,158 2001,157 2027,155"/>
                <TextEquiv>
                    <Unicode>box 31/2</Unicode>
                </TextEquiv>
            </TextLine>
            <TextLine id="r1l2" custom="readingOrder {index:1;}">
                <Coords points="225,209 1464,209 1558,158 1374,101 971,104 923,142 836,103 225,105"/>
                <Baseline points="242,168 310,173 378,176 447,179 515,181 583,183 652,184 720,184 788,184 857,184 925,183 994,183 1062,182 1130,181 1199,181 1267,180 1335,180 1404,180 1472,180 1541,181"/>
                <TextEquiv>
                    <Unicode>25. BresBernha</Unicode>
                </TextEquiv>
            </TextLine>
            <TextLine id="r1l3" custom="readingOrder {index:2;}">
                <Coords points="1945,1364 1963,1363 1966,1359 1973,1359 1984,1365 2011,1363 2007,1294 1986,1295 1982,1292 1975,1296 1965,1293 1962,1297 1941,1298"/>
                <Baseline points="1961,1339 1993,1337"/>
                <TextEquiv>
                    <Unicode>Wan</Unicode>
                </TextEquiv>
            </TextLine>
            <TextLine id="r1l4" custom="readingOrder {index:3;}">
                <Coords points="2178,1359 2480,1362 2479,1310 2431,1300 2365,1308 2312,1274 2177,1286"/>
                <Baseline points="2194,1346 2220,1345 2247,1345 2274,1344 2301,1343 2328,1343 2354,1342 2381,1342 2408,1342 2435,1343 2462,1344"/>
                <TextEquiv>
                    <Unicode>  </Unicode>
                </TextEquiv>
            </TextLine>
            <TextLine id="r1l5" custom="readingOrder {index:4;}">
                <Coords points="875,1384 917,1384 934,1367 965,1377 976,1367 1080,1363 1135,1381 1212,1363 1212,1283 1149,1301 1083,1283 1045,1294 976,1284 941,1301 917,1287 875,1304"/>
                <Baseline points="892,1353 917,1356 942,1357 967,1358 992,1359 1017,1359 1042,1359 1067,1358 1092,1358 1117,1357 1142,1356 1167,1356 1193,1356"/>
                <TextEquiv>
                    <Unicode></Unicode>
                </TextEquiv>
            </TextLine>
            <TextLine id="r1l6" custom="readingOrder {index:5;}">
                <Coords points="2882,1413 3135,1414 3156,1394 3239,1405 3253,1391 3357,1405 3358,1350 2882,1357"/>
                <Baseline points="2900,1398 2925,1396 2951,1395 2977,1395 3003,1395 3029,1395 3055,1395 3081,1395 3107,1396 3133,1397 3159,1397 3185,1398 3211,1398 3237,1398 3263,1398 3289,1398 3315,1397 3341,1395"/>
                <TextEquiv>
                    <Unicode>Erfahrungen, die er</Unicode>
                </TextEquiv>
            </TextLine>
            <TextLine id="r1l7" custom="readingOrder {index:6;}">
                <Coords points="1707,1407 2731,1417 2807,1399 2807,1364 1707,1376"/>
                <Baseline points="1723,1404 1776,1404 1829,1403 1882,1403 1936,1403 1989,1402 2042,1402 2096,1401 2149,1400 2202,1400 2256,1399 2309,1399 2362,1398 2415,1398 2469,1397 2522,1397 2575,1397 2629,1397 2682,1398 2735,1398 2789,1399"/>
                <TextEquiv>
                    <Unicode>aufrechter, rechtlich denkender, gradsinniger Mann ist,</Unicode>
                </TextEquiv>
            </TextLine>
            <TextLine id="r1l8" custom="readingOrder {index:7;}">
                <Coords points="520,1426 1260,1435 1464,1395 1672,1425 1707,1362 520,1374"/>
                <Baseline points="538,1417 595,1416 653,1414 710,1414 768,1412 825,1411 883,1411 940,1410 998,1409 1055,1409 1113,1408 1171,1408 1228,1408 1286,1408 1343,1407 1401,1407 1458,1407 1516,1408 1573,1408 1631,1408 1689,1409"/>
                <TextEquiv>
                    <Unicode>sich zu nehmen — ins Leben und ins Glück.“ Bernhardi</Unicode>
                </TextEquiv>
            </TextLine>
            <TextLine id="r1l9" custom="readingOrder {index:8;}">
                <Coords points="2884,1466 2971,1471 2995,1454 3051,1454 3079,1468 3096,1451 3113,1465 3197,1466 3231,1449 3280,1470 3329,1453 3329,1404 3256,1390 3235,1407 3159,1393 3135,1417 3117,1403 3079,1413 3003,1395 2885,1407"/>
                <Baseline points="2901,1448 2926,1446 2952,1445 2977,1444 3003,1444 3029,1444 3054,1444 3080,1445 3106,1446 3131,1447 3157,1447 3182,1448 3208,1448 3234,1448 3259,1448 3285,1448 3311,1446"/>
                <TextEquiv>
                    <Unicode>gemacht hat, läßt sich</Unicode>
                </TextEquiv>
            </TextLine>
            <TextLine id="r1l10" custom="readingOrder {index:9;}">
                <Coords points="1709,1457 2886,1450 2885,1398 2799,1391 1709,1409"/>
                <Baseline points="1727,1453 1784,1452 1841,1452 1898,1451 1955,1451 2012,1451 2069,1450 2126,1450 2183,1450 2240,1449 2298,1449 2355,1449 2412,1449 2469,1448 2526,1448 2583,1448 2640,1447 2697,1447 2754,1446 2811,1445 2869,1444"/>
                <TextEquiv>
                    <Unicode>diesem Augenblick sein Charakter einen entscheidenden</Unicode>
                </TextEquiv>
            </TextLine>
            <TextLine id="r1l11" custom="readingOrder {index:10;}">
                <Coords points="526,1469 1702,1475 1702,1416 526,1424"/>
                <Baseline points="544,1462 601,1463 658,1463 715,1463 772,1463 829,1463 886,1463 943,1463 1000,1463 1057,1463 1114,1462 1171,1462 1228,1462 1285,1461 1342,1461 1399,1460 1456,1460 1513,1460 1570,1460 1627,1459 1684,1459"/>
                <TextEquiv>
                    <Unicode>ist der Meinung, daß es kein gutes, „fast möchte ich sagen,</Unicode>
                </TextEquiv>
            </TextLine>
            <TextLine id="r1l12" custom="readingOrder {index:11;}">
                <Coords points="1715,1504 2743,1515 2878,1497 2878,1455 1715,1459"/>
                <Baseline points="1732,1499 1788,1499 1844,1499 1901,1499 1957,1499 2014,1498 2070,1498 2126,1498 2183,1497 2239,1497 2296,1497 2352,1496 2408,1496 2465,1496 2521,1496 2578,1496 2634,1496 2690,1496 2747,1496 2803,1497 2860,1497"/>
                <TextEquiv>
                    <Unicode>Streich. Er hält Wenger für den Fähigeren und ist, ein</Unicode>
                </TextEquiv>
            </TextLine>
            <TextLine id="r1l13" custom="readingOrder {index:12;}">
                <Coords points="2963,1515 3029,1521 3088,1507 3105,1518 3140,1503 3164,1517 3261,1513 3282,1492 3303,1513 3358,1506 3358,1440 3264,1465 3233,1448 3198,1462 2994,1452 2962,1466"/>
                <Baseline points="2979,1499 3004,1500 3030,1501 3056,1502 3082,1502 3108,1502 3134,1502 3160,1502 3185,1502 3211,1501 3237,1501 3263,1500 3289,1500 3315,1499 3341,1499"/>
                <TextEquiv>
                    <Unicode>Manche wollen in</Unicode>
                </TextEquiv>
            </TextLine>
            <TextLine id="r1l14" custom="readingOrder {index:13;}">
                <Coords points="526,1519 1706,1523 1705,1471 1601,1462 526,1471"/>
                <Baseline points="545,1515 602,1514 659,1513 716,1513 773,1512 831,1512 888,1511 945,1511 1002,1510 1059,1510 1117,1510 1174,1509 1231,1509 1288,1509 1345,1508 1403,1508 1460,1507 1517,1506 1574,1506 1631,1505 1689,1504"/>
                <TextEquiv>
                    <Unicode>kein gottgefälliges Werk wäre, wenn wir sie aus diesem</Unicode>
                </TextEquiv>
            </TextLine>
            <TextLine id="r1l15" custom="readingOrder {index:14;}">
                <Coords points="1715,1559 2878,1558 2877,1499 2791,1489 1715,1504"/>
                <Baseline points="1733,1548 1789,1548 1845,1548 1901,1547 1958,1547 2014,1547 2070,1546 2127,1545 2183,1545 2239,1544 2296,1544 2352,1543 2408,1542 2464,1542 2521,1542 2577,1541 2633,1541 2690,1541 2746,1541 2802,1542 2859,1542"/>
                <TextEquiv>
                    <Unicode>Idealist vom reinsten Wasser, der im alten Oesterreich völlig</Unicode>
                </TextEquiv>
            </TextLine>
            <TextLine id="r1l16" custom="readingOrder {index:15;}">
                <Coords points="2878,1561 3228,1563 3249,1549 3318,1566 3336,1548 3360,1555 3360,1506 3297,1510 3280,1496 3259,1514 3200,1507 3148,1528 3131,1511 2985,1515 2922,1484 2877,1495"/>
                <Baseline points="2895,1549 2921,1549 2947,1549 2973,1549 2999,1549 3026,1549 3052,1550 3078,1550 3104,1550 3131,1551 3157,1551 3183,1551 3209,1550 3236,1549 3262,1549 3288,1548 3314,1545 3341,1543"/>
                <TextEquiv>
                    <Unicode>blicken. Nun, mit eben</Unicode>
                </TextEquiv>
            </TextLine>
            <TextLine id="r1l17" custom="readingOrder {index:16;}">
                <Coords points="524,1563 1714,1550 1713,1512 1561,1503 523,1521"/>
                <Baseline points="542,1561 599,1561 657,1561 714,1561 772,1561 830,1560 887,1560 945,1559 1003,1558 1060,1557 1118,1557 1176,1556 1233,1555 1291,1554 1349,1553 1406,1553 1464,1552 1522,1552 1579,1551 1637,1551 1695,1551"/>
                <TextEquiv>
                    <Unicode>letzten Traum erwecken wollten.“ Der Priester ist begreif¬</Unicode>
                </TextEquiv>
            </TextLine>
            <TextLine id="r1l18" custom="readingOrder {index:17;}">
                <Coords points="1706,1596 2685,1610 2886,1594 2886,1549 1706,1568"/>
                <Baseline points="1723,1595 1780,1596 1837,1596 1894,1596 1952,1596 2009,1596 2066,1595 2123,1595 2181,1594 2238,1593 2295,1592 2352,1591 2410,1590 2467,1589 2524,1589 2581,1588 2639,1588 2696,1587 2753,1587 2810,1587 2868,1587"/>
                <TextEquiv>
                    <Unicode>unerhörten Ansicht, daß ein Amt ohne irgendwelche Neben¬</Unicode>
                </TextEquiv>
            </TextLine>
            <TextLine id="r1l19" custom="readingOrder {index:18;}">
                <Coords points="2877,1604 3300,1610 3335,1595 3334,1567 3289,1551 2876,1562"/>
                <Baseline points="2893,1601 2919,1600 2946,1599 2972,1598 2999,1598 3025,1597 3052,1597 3078,1596 3105,1595 3131,1595 3158,1594 3184,1594 3211,1594 3237,1593 3264,1593 3290,1593 3317,1593"/>
                <TextEquiv>
                    <Unicode>Ibsens „Volksfeind",</Unicode>
                </TextEquiv>
            </TextLine>
            <TextLine id="r1l20" custom="readingOrder {index:19;}">
                <Coords points="519,1619 1713,1628 1712,1576 1664,1559 519,1570"/>
                <Baseline points="538,1613 599,1612 660,1610 721,1609 782,1608 843,1607 904,1606 965,1606 1026,1605 1087,1605 1148,1604 1209,1604 1270,1604 1331,1603 1392,1603 1453,1602 1514,1602 1575,1601 1636,1600 1697,1600"/>
                <TextEquiv>
                    <Unicode>licherweise entgegengesetzter Ansicht und vertritt sie ebenso</Unicode>
                </TextEquiv>
            </TextLine>
            <TextLine id="r1l21" custom="readingOrder {index:20;}">
                <Coords points="1709,1653 2868,1649 2875,1593 1709,1597"/>
                <Baseline points="1725,1642 1781,1643 1838,1644 1894,1644 1951,1644 2008,1644 2064,1643 2121,1643 2178,1642 2234,1641 2291,1640 2348,1640 2404,1639 2461,1638 2518,1637 2574,1637 2631,1636 2688,1636 2744,1635 2801,1635 2858,1635"/>
                <TextEquiv>
                    <Unicode>rücksichten demjenigen gebühre, der dafür befähigt sei. „Aber</Unicode>
                </TextEquiv>
            </TextLine>
            <TextLine id="r1l22" custom="readingOrder {index:21;}">
                <Coords points="2878,1662 2969,1650 3024,1670 3069,1645 3145,1644 3361,1666 3360,1607 3322,1597 3298,1611 2878,1606"/>
                <Baseline points="2897,1650 2923,1649 2949,1648 2975,1647 3001,1647 3027,1645 3054,1645 3080,1644 3106,1643 3132,1643 3158,1642 3184,1642 3211,1642 3237,1642 3263,1643 3289,1644 3315,1644 3342,1646"/>
                <TextEquiv>
                    <Unicode>hardi ist, ein Tendenzst</Unicode>
                </TextEquiv>
            </TextLine>
            <TextLine id="r1l23" custom="readingOrder {index:22;}">
                <Coords points="525,1660 1715,1647 1566,1603 525,1618"/>
                <Baseline points="541,1659 598,1659 656,1659 714,1659 772,1658 830,1657 887,1657 945,1656 1003,1655 1061,1654 1119,1653 1176,1652 1234,1652 1292,1651 1350,1650 1408,1650 1465,1649 1523,1649 1581,1649 1639,1649 1697,1649"/>
                <TextEquiv>
                    <Unicode>würdig wie Professor Bernhardi die seine. Aber während sich</Unicode>
                </TextEquiv>
            </TextLine>
            <TextLine id="r1l24" custom="readingOrder {index:23;}">
                <Coords points="1711,1700 2877,1696 2877,1640 1711,1651"/>
                <Baseline points="1728,1692 1784,1691 1841,1690 1897,1689 1954,1688 2011,1688 2067,1687 2124,1687 2181,1687 2237,1687 2294,1686 2351,1686 2407,1686 2464,1686 2521,1686 2577,1686 2634,1685 2691,1684 2747,1684 2804,1683 2861,1682"/>
                <TextEquiv>
                    <Unicode>selbst, wenn die beiden gleichberechtigt wären, so hätte es mir</Unicode>
                </TextEquiv>
            </TextLine>
            <TextLine id="r1l25" custom="readingOrder {index:24;}">
                <Coords points="2881,1714 2971,1695 3058,1711 3093,1693 3235,1709 3269,1687 3360,1710 3359,1648 3071,1645 3026,1670 2981,1650 2880,1648"/>
                <Baseline points="2899,1695 2925,1695 2951,1695 2977,1695 3003,1695 3029,1695 3055,1695 3081,1694 3107,1694 3133,1693 3159,1693 3185,1692 3211,1692 3237,1691 3263,1690 3289,1690 3315,1690 3342,1690"/>
                <TextEquiv>
                    <Unicode>stellen, Ibsen habe mi</Unicode>
                </TextEquiv>
            </TextLine>
            <TextLine id="r1l26" custom="readingOrder {index:25;}">
                <Coords points="525,1706 1708,1703 1708,1665 1611,1648 525,1661"/>
                <Baseline points="543,1706 600,1705 657,1704 715,1704 772,1703 830,1702 887,1702 944,1701 1002,1701 1059,1700 1117,1700 1174,1699 1231,1699 1289,1698 1346,1698 1404,1698 1461,1697 1518,1697 1576,1696 1633,1696 1691,1695"/>
                <TextEquiv>
                    <Unicode>draußen im Vorsaale des Krankenzimmers die Meinungen</Unicode>
                </TextEquiv>
            </TextLine>
            <TextLine id="r1l27" custom="readingOrder {index:26;}">
                <Coords points="1707,1742 2887,1748 2886,1679 1707,1704"/>
                <Baseline points="1723,1739 1780,1738 1837,1736 1895,1735 1952,1734 2009,1734 2067,1734 2124,1734 2181,1734 2239,1734 2296,1734 2353,1734 2411,1734 2468,1734 2525,1734 2583,1734 2640,1734 2697,1733 2755,1733 2812,1731 2870,1730"/>
                <TextEquiv>
                    <Unicode>Ebenwald durch sein Ansinnen unmöglich gemacht, für einen</Unicode>
                </TextEquiv>
            </TextLine>
            <TextLine id="r1l28" custom="readingOrder {index:27;}">
                <Coords points="2876,1753 3140,1741 3300,1751 3338,1733 3337,1699 3268,1685 3237,1710 3209,1696 3178,1707 2876,1694"/>
                <Baseline points="2892,1744 2917,1742 2942,1742 2967,1741 2992,1741 3017,1740 3043,1740 3068,1740 3093,1740 3118,1740 3143,1740 3168,1740 3194,1740 3219,1740 3244,1740 3269,1740 3294,1740 3320,1739"/>
                <TextEquiv>
                    <Unicode>gewisser Badeorte, ja</Unicode>
                </TextEquiv>
            </TextLine>
            <TextLine id="r1l29" custom="readingOrder {index:28;}">
                <Coords points="526,1772 1685,1758 1705,1703 525,1706"/>
                <Baseline points="542,1752 599,1752 656,1752 714,1752 771,1751 828,1751 886,1750 943,1749 1000,1749 1058,1748 1115,1747 1172,1746 1230,1746 1287,1745 1344,1744 1402,1744 1459,1744 1516,1744 1574,1744 1631,1745 1689,1745"/>
                <TextEquiv>
                    <Unicode>zwischen Arzt und Priester dramatisch kreuzen, stirbt drinnen</Unicode>
                </TextEquiv>
            </TextLine>
            <TextLine id="r1l30" custom="readingOrder {index:29;}">
                <Coords points="1713,1796 2813,1797 2889,1783 2889,1730 1713,1754"/>
                <Baseline points="1731,1785 1788,1785 1845,1785 1902,1785 1959,1785 2016,1784 2073,1784 2130,1783 2187,1783 2244,1782 2302,1782 2359,1781 2416,1781 2473,1780 2530,1780 2587,1780 2644,1780 2701,1780 2758,1781 2815,1781 2873,1782"/>
                <TextEquiv>
                    <Unicode>anderen als für Wenger zu stimmen.“ Einem Mann, dessen</Unicode>
                </TextEquiv>
            </TextLine>
            <TextLine id="r1l31" custom="readingOrder {index:30;}">
                <Coords points="2885,1803 3249,1785 3325,1799 3356,1784 3356,1750 3321,1733 3276,1754 3259,1740 2884,1751"/>
                <Baseline points="2902,1789 2927,1788 2953,1788 2979,1787 3004,1787 3030,1787 3056,1787 3081,1786 3107,1786 3133,1786 3159,1786 3184,1786 3210,1786 3236,1785 3261,1785 3287,1784 3313,1784 3339,1783"/>
                <TextEquiv>
                    <Unicode>haupt polemisieren woll</Unicode>
                </TextEquiv>
            </TextLine>
            <TextLine id="r1l32" custom="readingOrder {index:31;}">
                <Coords points="527,1812 1599,1810 1713,1795 1713,1757 526,1770"/>
                <Baseline points="543,1800 600,1800 658,1799 715,1798 773,1797 831,1797 888,1796 946,1796 1003,1795 1061,1795 1119,1794 1176,1794 1234,1794 1291,1794 1349,1794 1407,1794 1464,1794 1522,1794 1579,1794 1637,1794 1695,1794"/>
                <TextEquiv>
                    <Unicode>die Kranke. Sie stirbt ungetröstet und doch erschreckt, da</Unicode>
                </TextEquiv>
            </TextLine>
            <TextLine id="r1l33" custom="readingOrder {index:32;}">
                <Coords points="1715,1840 2884,1820 2883,1782 2807,1779 1714,1795"/>
                <Baseline points="1731,1832 1787,1831 1844,1831 1901,1831 1957,1830 2014,1830 2071,1829 2127,1829 2184,1829 2241,1828 2298,1828 2354,1828 2411,1827 2468,1827 2524,1826 2581,1826 2638,1825 2694,1825 2751,1824 2808,1823 2865,1822"/>
                <TextEquiv>
                    <Unicode>sittliches Empfinden so subtil auf ihm zugemutete Gemein¬</Unicode>
                </TextEquiv>
            </TextLine>
            <TextLine id="r1l34" custom="readingOrder {index:33;}">
                <Coords points="2885,1842 2954,1849 2968,1835 3013,1855 3107,1830 3127,1844 3228,1850 3280,1836 3301,1850 3325,1832 3350,1839 3349,1791 2884,1797"/>
                <Baseline points="2902,1835 2927,1835 2952,1835 2978,1835 3003,1835 3028,1834 3054,1834 3079,1834 3104,1834 3130,1833 3155,1833 3180,1833 3206,1833 3231,1833 3256,1833 3282,1833 3307,1833 3333,1833"/>
                <TextEquiv>
                    <Unicode>auf Kleists unsterbliche</Unicode>
                </TextEquiv>
            </TextLine>
            <TextLine id="r1l35" custom="readingOrder {index:34;}">
                <Coords points="521,1852 1045,1873 1604,1830 1666,1861 1701,1798 521,1811"/>
                <Baseline points="537,1849 594,1848 651,1848 709,1847 766,1846 824,1846 881,1845 938,1845 996,1844 1053,1843 1111,1843 1168,1842 1225,1842 1283,1841 1340,1841 1398,1841 1455,1841 1512,1840 1570,1840 1627,1841 1685,1841"/>
                <TextEquiv>
                    <Unicode>ihr die übereisrige Pflegeschwester bereits mitgeteilt hat,</Unicode>
                </TextEquiv>
            </TextLine>
            <TextLine id="r1l36" custom="readingOrder {index:35;}">
                <Coords points="1720,1887 2834,1890 2889,1868 2889,1823 1719,1842"/>
                <Baseline points="1737,1883 1793,1882 1850,1881 1907,1881 1963,1880 2020,1879 2077,1879 2133,1878 2190,1877 2247,1877 2304,1876 2360,1876 2417,1875 2474,1875 2530,1874 2587,1874 2644,1873 2700,1873 2757,1872 2814,1871 2871,1870"/>
                <TextEquiv>
                    <Unicode>heiten reagiert, ist nicht zu helfen, und das Unheil bricht</Unicode>
                </TextEquiv>
            </TextLine>
            <TextLine id="r1l37" custom="readingOrder {index:36;}">
                <Coords points="2875,1890 2990,1885 3046,1901 3142,1879 3212,1892 3229,1874 3316,1894 3358,1879 3357,1838 3326,1831 3302,1849 3281,1835 3104,1831 3062,1849 2968,1833 2875,1841"/>
                <Baseline points="2891,1882 2916,1883 2941,1884 2966,1884 2991,1885 3016,1885 3041,1884 3066,1884 3091,1883 3116,1883 3141,1882 3166,1882 3191,1881 3216,1880 3241,1880 3266,1879 3291,1879 3316,1879 3341,1879"/>
                <TextEquiv>
                    <Unicode>Kleist durch den Mich</Unicode>
                </TextEquiv>
            </TextLine>
            <TextLine id="r1l38" custom="readingOrder {index:37;}">
                <Coords points="516,1903 1710,1901 1710,1859 1605,1833 516,1851"/>
                <Baseline points="535,1896 592,1896 650,1896 708,1896 766,1895 824,1895 882,1894 939,1894 997,1893 1055,1892 1113,1892 1171,1891 1229,1890 1287,1889 1344,1889 1402,1888 1460,1887 1518,1887 1576,1886 1634,1886 1692,1886"/>
                <TextEquiv>
                    <Unicode>daß der Priester da ist. Ihr armseliger kleiner Prozeß ist</Unicode>
                </TextEquiv>
            </TextLine>
            <TextLine id="r1l39" custom="readingOrder {index:38;}">
                <Coords points="1711,1931 2874,1920 2839,1868 1711,1882"/>
                <Baseline points="1729,1931 1785,1930 1841,1929 1898,1927 1954,1926 2011,1926 2067,1925 2123,1924 2180,1924 2236,1924 2293,1923 2349,1923 2405,1923 2462,1922 2518,1922 2575,1922 2631,1921 2687,1921 2744,1920 2800,1919 2857,1918"/>
                <TextEquiv>
                    <Unicode>denn auch über ihn herein. Die Interpellation wird ein¬</Unicode>
                </TextEquiv>
            </TextLine>
            <TextLine id="r1l40" custom="readingOrder {index:39;}">
                <Coords points="2876,1933 2976,1946 3049,1931 3358,1939 3358,1880 3320,1895 3229,1874 3212,1892 3153,1879 2976,1897 2875,1888"/>
                <Baseline points="2893,1927 2919,1928 2945,1928 2972,1929 2998,1929 3024,1929 3051,1929 3077,1928 3103,1928 3130,1928 3156,1927 3182,1927 3209,1926 3235,1926 3261,1926 3288,1926 3314,1925 3341,1925"/>
                <TextEquiv>
                    <Unicode>Räuber und Mordbren</Unicode>
                </TextEquiv>
            </TextLine>
            <TextLine id="r1l41" custom="readingOrder {index:40;}">
                <Coords points="525,1969 1517,1937 1516,1906 1346,1887 524,1906"/>
                <Baseline points="542,1944 589,1943 637,1943 685,1942 733,1942 781,1941 829,1941 876,1940 924,1940 972,1939 1020,1939 1068,1939 1116,1938 1164,1937 1211,1937 1259,1936 1307,1936 1355,1935 1403,1934 1451,1934 1499,1933"/>
                <TextEquiv>
                    <Unicode>damit zu Ende; derjenige des Dramas beginnt.</Unicode>
                </TextEquiv>
            </TextLine>
            <TextLine id="r1l42" custom="readingOrder {index:41;}">
                <Coords points="1713,1995 2865,1984 2886,1914 1713,1933"/>
                <Baseline points="1729,1981 1786,1979 1843,1976 1900,1974 1957,1972 2014,1971 2071,1970 2128,1969 2185,1968 2242,1968 2299,1967 2356,1967 2413,1967 2470,1967 2527,1967 2584,1967 2641,1967 2698,1967 2755,1967 2812,1966 2870,1966"/>
                <TextEquiv>
                    <Unicode>gebracht, und obwohl der sie beantwortende Unterrichtsminister</Unicode>
                </TextEquiv>
            </TextLine>
            <TextLine id="r1l43" custom="readingOrder {index:42;}">
                <Coords points="2883,1982 3296,1989 3358,1971 3358,1926 3215,1941 2882,1933"/>
                <Baseline points="2899,1975 2925,1976 2951,1976 2977,1977 3003,1977 3029,1977 3055,1977 3081,1977 3107,1977 3133,1976 3159,1976 3185,1975 3211,1975 3237,1974 3263,1974 3289,1974 3315,1973 3341,1973"/>
                <TextEquiv>
                    <Unicode>vom Junker Wenzel bö</Unicode>
                </TextEquiv>
            </TextLine>
            <TextLine id="r1l44" custom="readingOrder {index:43;}">
                <Coords points="628,1999 1703,2004 1703,1935 627,1964"/>
                <Baseline points="644,1996 696,1996 748,1995 800,1995 852,1994 904,1994 956,1994 1009,1993 1061,1993 1113,1993 1165,1993 1217,1992 1269,1992 1321,1992 1374,1992 1426,1992 1478,1991 1530,1991 1582,1991 1634,1991 1687,1991"/>
                <TextEquiv>
                    <Unicode>Denn „wir leben in einem christlichen Staate“, wie dem</Unicode>
                </TextEquiv>
            </TextLine>
            <TextLine id="r1l45" custom="readingOrder {index:44;}">
                <Coords points="1702,2025 2726,2041 2875,2015 2875,1970 1702,1983"/>
                <Baseline points="1721,2030 1777,2027 1834,2025 1891,2023 1948,2021 2005,2020 2062,2019 2119,2018 2176,2017 2233,2017 2290,2016 2346,2016 2403,2016 2460,2016 2517,2016 2574,2015 2631,2015 2688,2015 2745,2014 2802,2014 2859,2013"/>
                <TextEquiv>
                    <Unicode>Flint, die interessanteste Figur in Schnitzlers Drama, Bern¬</Unicode>
                </TextEquiv>
            </TextLine>
            <TextLine id="r1l46" custom="readingOrder {index:45;}">
                <Coords points="2873,2031 3098,2039 3220,2020 3268,2034 3293,2019 3338,2040 3337,1977 3042,1981 3025,1995 2983,1974 2945,1989 2872,1983"/>
                <Baseline points="2891,2025 2916,2026 2941,2026 2966,2026 2992,2026 3017,2026 3042,2026 3068,2026 3093,2025 3118,2025 3143,2024 3169,2024 3194,2023 3219,2023 3245,2023 3270,2022 3295,2022 3321,2021"/>
                <TextEquiv>
                    <Unicode>wollte, daß man ein fi</Unicode>
                </TextEquiv>
            </TextLine>
            <TextLine id="r1l47" custom="readingOrder {index:46;}">
                <Coords points="533,2044 1653,2052 1702,2048 1702,1999 532,2003"/>
                <Baseline points="551,2047 607,2046 664,2045 721,2043 777,2043 834,2042 891,2042 947,2041 1004,2041 1061,2041 1118,2041 1174,2041 1231,2041 1288,2041 1344,2041 1401,2040 1458,2040 1514,2040 1571,2039 1628,2038 1685,2037"/>
                <TextEquiv>
                    <Unicode>Professor Bernhardi wiederholt von verschiedenen Seiten ver¬</Unicode>
                </TextEquiv>
            </TextLine>
            <TextLine id="r1l48" custom="readingOrder {index:47;}">
                <Coords points="1717,2079 2873,2087 2883,2007 1717,2033"/>
                <Baseline points="1733,2073 1789,2071 1846,2070 1902,2069 1959,2068 2016,2067 2072,2066 2129,2066 2186,2066 2242,2065 2299,2065 2356,2065 2412,2065 2469,2064 2526,2064 2582,2064 2639,2063 2696,2063 2752,2062 2809,2062 2866,2061"/>
                <TextEquiv>
                    <Unicode>hardis Jugendfreund ist, wird eine Untersuchung wegen</Unicode>
                </TextEquiv>
            </TextLine>
            <TextLine id="r1l49" custom="readingOrder {index:48;}">
                <Coords points="2885,2081 2989,2093 3006,2076 3107,2081 3120,2067 3149,2095 3245,2072 3294,2086 3360,2071 3359,2015 3248,2034 3224,2021 2884,2032"/>
                <Baseline points="2901,2072 2926,2073 2952,2074 2978,2074 3004,2074 3030,2074 3056,2074 3082,2073 3108,2073 3133,2072 3159,2071 3185,2071 3211,2070 3237,2070 3263,2069 3289,2069 3315,2069 3341,2069"/>
                <TextEquiv>
                    <Unicode>bringen der Feldfrucht</Unicode>
                </TextEquiv>
            </TextLine>
            <TextLine id="r1l50" custom="readingOrder {index:49;}">
                <Coords points="535,2098 1701,2102 1700,2050 1610,2037 535,2060"/>
                <Baseline points="553,2097 609,2096 666,2095 722,2093 779,2093 836,2092 892,2091 949,2090 1005,2090 1062,2089 1119,2089 1175,2088 1232,2088 1288,2088 1345,2088 1402,2087 1458,2087 1515,2087 1571,2087 1628,2087 1685,2087"/>
                <TextEquiv>
                    <Unicode>sichert wird, und er selbst kommt nur allzubald in die Lage,</Unicode>
                </TextEquiv>
            </TextLine>
            <TextLine id="r1l51" custom="readingOrder {index:50;}">
                <Coords points="1714,2128 2880,2125 2879,2066 2705,2050 2484,2090 1713,2076"/>
                <Baseline points="1730,2118 1786,2118 1843,2118 1899,2117 1956,2117 2013,2116 2069,2116 2126,2116 2182,2115 2239,2115 2296,2114 2352,2114 2409,2113 2465,2113 2522,2112 2579,2112 2635,2112 2692,2111 2748,2110 2805,2110 2862,2110"/>
                <TextEquiv>
                    <Unicode>Religionsstörung gegen ihn eingeleitet. Flint selbst bean¬</Unicode>
                </TextEquiv>
            </TextLine>
            <TextLine id="r1l52" custom="readingOrder {index:51;}">
                <Coords points="2889,2124 3007,2137 3055,2116 3073,2129 3344,2130 3343,2078 3211,2076 3152,2094 3124,2070 2888,2083"/>
                <Baseline points="2906,2123 2932,2122 2958,2121 2984,2120 3010,2119 3036,2119 3063,2119 3089,2119 3115,2119 3141,2119 3167,2119 3194,2119 3220,2119 3246,2118 3272,2118 3298,2117 3325,2115"/>
                <TextEquiv>
                    <Unicode>man sie in Verwahrung</Unicode>
                </TextEquiv>
            </TextLine>
            <TextLine id="r1l53" custom="readingOrder {index:52;}">
                <Coords points="534,2147 1711,2141 1710,2103 1516,2087 534,2109"/>
                <Baseline points="553,2144 610,2143 667,2141 724,2140 781,2139 838,2138 895,2137 952,2137 1009,2136 1066,2136 1124,2136 1181,2135 1238,2135 1295,2135 1352,2135 1409,2134 1466,2134 1523,2134 1580,2134 1637,2133 1695,2133"/>
                <TextEquiv>
                    <Unicode>sich von der Stichhältigkeit dieser Behauptung zu überzeugen.</Unicode>
                </TextEquiv>
            </TextLine>
            <TextLine id="r1l54" custom="readingOrder {index:53;}">
                <Coords points="1707,2181 2883,2160 2882,2125 2761,2112 1706,2125"/>
                <Baseline points="1725,2167 1784,2167 1844,2166 1904,2166 1964,2165 2024,2165 2084,2164 2144,2164 2204,2163 2264,2163 2324,2162 2384,2162 2444,2161 2504,2160 2564,2160 2624,2159 2684,2159 2744,2158 2804,2157 2864,2157"/>
                <TextEquiv>
                    <Unicode>tragt dies zur allgemeinen Ueberraschung, auch zu seiner</Unicode>
                </TextEquiv>
            </TextLine>
            <TextLine id="r1l55" custom="readingOrder {index:54;}">
                <Coords points="2889,2176 3108,2170 3181,2183 3240,2165 3316,2178 3357,2160 3357,2115 3052,2118 2989,2136 2889,2127"/>
                <Baseline points="2905,2169 2930,2169 2956,2168 2981,2168 3007,2168 3033,2168 3058,2167 3084,2167 3110,2166 3135,2166 3161,2166 3187,2165 3212,2165 3238,2165 3264,2165 3289,2164 3315,2164 3341,2165"/>
                <TextEquiv>
                    <Unicode>stall unterbringen dürfel</Unicode>
                </TextEquiv>
            </TextLine>
            <TextLine id="r1l56" custom="readingOrder {index:55;}">
                <Coords points="530,2204 1634,2201 1713,2145 530,2148"/>
                <Baseline points="547,2191 604,2189 661,2188 719,2187 776,2186 834,2185 891,2185 948,2184 1006,2184 1063,2184 1121,2184 1178,2183 1235,2183 1293,2183 1350,2183 1408,2183 1465,2183 1522,2183 1580,2182 1637,2182 1695,2181"/>
                <TextEquiv>
                    <Unicode>Der Vorfall mit dem Priester erregt in maßgebenden Kreisen,</Unicode>
                </TextEquiv>
            </TextLine>
            <TextLine id="r1l57" custom="readingOrder {index:56;}">
                <Coords points="1708,2221 2888,2221 2888,2159 1708,2169"/>
                <Baseline points="1725,2216 1782,2215 1839,2215 1897,2214 1954,2213 2011,2213 2069,2212 2126,2211 2183,2210 2241,2210 2298,2209 2355,2208 2413,2208 2470,2208 2527,2207 2585,2207 2642,2207 2699,2207 2757,2207 2814,2208 2872,2208"/>
                <TextEquiv>
                    <Unicode>eigenen, am wenigsten vielleicht zu derjenigen Bernhardis,</Unicode>
                </TextEquiv>
            </TextLine>
            <TextLine id="r1l58" custom="readingOrder {index:57;}">
                <Coords points="2868,2220 2997,2226 3011,2240 3083,2215 3323,2228 3358,2211 3357,2162 3215,2173 3180,2159 3049,2177 2868,2167"/>
                <Baseline points="2887,2214 2912,2214 2937,2214 2962,2214 2987,2214 3013,2214 3038,2214 3063,2214 3088,2214 3114,2214 3139,2214 3164,2214 3189,2213 3214,2213 3240,2213 3265,2213 3290,2213 3315,2212 3341,2212"/>
                <TextEquiv>
                    <Unicode>Schnitzler daran, in sei</Unicode>
                </TextEquiv>
            </TextLine>
            <TextLine id="r1l59" custom="readingOrder {index:58;}">
                <Coords points="536,2248 1605,2253 1705,2241 1705,2189 535,2203"/>
                <Baseline points="554,2240 610,2238 667,2237 723,2236 780,2235 837,2235 893,2234 950,2233 1007,2233 1063,2233 1120,2232 1177,2232 1233,2232 1290,2232 1347,2231 1403,2231 1460,2230 1517,2230 1573,2229 1630,2229 1687,2228"/>
                <TextEquiv>
                    <Unicode>auf deren Gunst das Elisabethinum als ein Privatinstitut</Unicode>
                </TextEquiv>
            </TextLine>
            <TextLine id="r1l60" custom="readingOrder {index:59;}">
                <Coords points="1718,2267 2884,2253 2883,2208 1717,2219"/>
                <Baseline points="1736,2262 1792,2262 1848,2262 1905,2261 1961,2261 2018,2260 2074,2260 2131,2260 2187,2259 2244,2259 2300,2258 2356,2258 2413,2258 2469,2257 2526,2256 2582,2256 2639,2255 2695,2254 2752,2253 2808,2252 2865,2251"/>
                <TextEquiv>
                    <Unicode>der die geistreiche Unverläßlichkeit seines Jugendfreundes</Unicode>
                </TextEquiv>
            </TextLine>
            <TextLine id="r1l61" custom="readingOrder {index:60;}">
                <Coords points="2891,2262 2947,2278 3012,2260 3047,2274 3137,2262 3162,2283 3207,2285 3238,2264 3304,2277 3321,2260 3359,2266 3359,2207 3321,2228 3085,2214 3022,2232 2890,2227"/>
                <Baseline points="2907,2265 2932,2265 2958,2264 2983,2264 3009,2264 3034,2263 3060,2263 3085,2263 3111,2262 3136,2262 3162,2261 3187,2261 3213,2261 3238,2261 3264,2261 3289,2260 3315,2260 3341,2260"/>
                <TextEquiv>
                    <Unicode>gegen etwas Partei zu</Unicode>
                </TextEquiv>
            </TextLine>
            <TextLine id="r1l62" custom="readingOrder {index:61;}">
                <Coords points="533,2286 1706,2295 1706,2243 1664,2233 533,2252"/>
                <Baseline points="550,2285 607,2284 664,2283 721,2283 778,2282 835,2282 892,2281 949,2281 1006,2280 1063,2280 1120,2280 1177,2279 1234,2279 1291,2279 1348,2278 1405,2278 1462,2278 1519,2277 1576,2277 1633,2276 1690,2276"/>
                <TextEquiv>
                    <Unicode>vorzüglich angewiesen ist, das unliebsamste Aufsehen. Die</Unicode>
                </TextEquiv>
            </TextLine>
            <TextLine id="r1l63" custom="readingOrder {index:62;}">
                <Coords points="1711,2326 2842,2317 2884,2313 2884,2251 1711,2267"/>
                <Baseline points="1727,2310 1786,2309 1846,2308 1906,2308 1966,2307 2026,2307 2086,2306 2146,2306 2206,2305 2266,2305 2326,2305 2386,2304 2446,2304 2506,2303 2566,2303 2626,2303 2686,2302 2746,2301 2806,2301 2866,2300"/>
                <TextEquiv>
                    <Unicode>seit langem kennt und durchschaut. Es bleibt Bernhardi nichts</Unicode>
                </TextEquiv>
            </TextLine>
            <TextLine id="r1l64" custom="readingOrder {index:63;}">
                <Coords points="2887,2315 3082,2329 3106,2312 3147,2326 3168,2309 3290,2319 3328,2298 3328,2267 3283,2260 3207,2284 3141,2263 3012,2260 2981,2274 2887,2263"/>
                <Baseline points="2903,2310 2928,2310 2953,2310 2979,2311 3004,2311 3030,2312 3055,2312 3081,2312 3106,2313 3131,2313 3157,2313 3182,2313 3208,2312 3233,2312 3259,2311 3284,2310 3310,2308"/>
                <TextEquiv>
                    <Unicode>Menschlichkeit, aber</Unicode>
                </TextEquiv>
            </TextLine>
            <TextLine id="r1l65" custom="readingOrder {index:64;}">
                <Coords points="529,2351 1712,2320 1614,2276 528,2288"/>
                <Baseline points="546,2336 603,2335 660,2333 718,2332 775,2331 833,2331 890,2330 948,2329 1005,2329 1063,2329 1120,2328 1177,2328 1235,2327 1292,2327 1350,2326 1407,2326 1465,2325 1522,2324 1580,2323 1637,2322 1695,2321"/>
                <TextEquiv>
                    <Unicode>Fürstin Stixenstein legt das Protektorat nieder; das Kura¬</Unicode>
                </TextEquiv>
            </TextLine>
            <TextLine id="r1l66" custom="readingOrder {index:65;}">
                <Coords points="1702,2363 2823,2361 2882,2357 2882,2308 1702,2314"/>
                <Baseline points="1721,2357 1778,2357 1835,2356 1892,2356 1949,2355 2006,2355 2063,2354 2121,2353 2178,2353 2235,2352 2292,2352 2349,2351 2406,2350 2463,2350 2521,2350 2578,2349 2635,2349 2692,2349 2749,2349 2806,2349 2864,2349"/>
                <TextEquiv>
                    <Unicode>anderes übrig, als seine Stelle als Direktor des Elisa¬</Unicode>
                </TextEquiv>
            </TextLine>
            <TextLine id="r1l67" custom="readingOrder {index:66;}">
                <Coords points="2876,2368 2987,2364 3029,2381 3077,2363 3341,2356 3341,2311 3313,2301 3296,2315 2994,2322 2876,2309"/>
                <Baseline points="2892,2357 2917,2359 2942,2359 2968,2360 2993,2360 3019,2360 3044,2360 3070,2359 3095,2358 3121,2357 3146,2356 3172,2356 3197,2355 3223,2355 3248,2355 3274,2356 3299,2356 3325,2358"/>
                <TextEquiv>
                    <Unicode>Dichtung ein Tendenzstl</Unicode>
                </TextEquiv>
            </TextLine>
            <TextLine id="r1l68" custom="readingOrder {index:67;}">
                <Coords points="536,2384 1713,2366 1712,2335 1605,2326 536,2350"/>
                <Baseline points="554,2385 611,2383 668,2382 725,2380 782,2379 839,2378 896,2378 953,2377 1010,2377 1067,2376 1125,2376 1182,2376 1239,2375 1296,2375 1353,2374 1410,2373 1467,2372 1524,2371 1581,2370 1638,2368 1696,2367"/>
                <TextEquiv>
                    <Unicode>torium, an der Spitze Hofrat Winkler aus dem Unterrichts¬</Unicode>
                </TextEquiv>
            </TextLine>
            <TextLine id="r1l69" custom="readingOrder {index:68;}">
                <Coords points="1720,2412 2876,2404 2876,2365 2747,2349 1720,2363"/>
                <Baseline points="1738,2404 1794,2402 1850,2402 1906,2401 1962,2400 2018,2400 2074,2400 2130,2400 2186,2400 2242,2400 2299,2400 2355,2400 2411,2400 2467,2400 2523,2400 2579,2400 2635,2399 2691,2399 2747,2398 2803,2396 2860,2395"/>
                <TextEquiv>
                    <Unicode>bethinums niederzulegen; auch wird er in der Folge, haupt¬</Unicode>
                </TextEquiv>
            </TextLine>
            <TextLine id="r1l70" custom="readingOrder {index:69;}">
                <Coords points="2888,2412 3020,2420 3051,2395 3086,2415 3336,2413 3360,2409 3359,2350 3262,2366 2887,2367"/>
                <Baseline points="2906,2407 2931,2407 2957,2407 2982,2407 3008,2407 3033,2407 3059,2406 3085,2405 3110,2405 3136,2404 3161,2403 3187,2402 3213,2402 3238,2401 3264,2400 3289,2400 3315,2400 3341,2399"/>
                <TextEquiv>
                    <Unicode>müßte, wenn Schnitzl</Unicode>
                </TextEquiv>
            </TextLine>
            <TextLine id="r1l71" custom="readingOrder {index:70;}">
                <Coords points="539,2431 1709,2424 1680,2376 539,2386"/>
                <Baseline points="556,2431 612,2430 669,2428 726,2427 783,2426 840,2425 896,2425 953,2424 1010,2423 1067,2423 1124,2423 1180,2422 1237,2422 1294,2422 1351,2422 1408,2421 1464,2421 1521,2420 1578,2420 1635,2419 1692,2418"/>
                <TextEquiv>
                    <Unicode>ministerium, das die Subvention bewilligen, aber auch nicht</Unicode>
                </TextEquiv>
            </TextLine>
            <TextLine id="r1l72" custom="readingOrder {index:71;}">
                <Coords points="1711,2468 2727,2462 2883,2443 2883,2394 1710,2412"/>
                <Baseline points="1727,2454 1784,2453 1841,2452 1898,2451 1955,2450 2012,2450 2069,2449 2126,2449 2183,2448 2240,2448 2297,2447 2354,2447 2411,2446 2468,2446 2525,2446 2582,2445 2639,2444 2696,2444 2753,2443 2810,2442 2867,2441"/>
                <TextEquiv>
                    <Unicode>sächlich auf Grund einer Aussage der Schwester Ludmilla, die</Unicode>
                </TextEquiv>
            </TextLine>
            <TextLine id="r1l73" custom="readingOrder {index:72;}">
                <Coords points="2887,2468 3223,2452 3317,2471 3355,2453 3354,2404 3305,2395 3160,2415 3062,2402 3021,2417 2972,2404 2886,2412"/>
                <Baseline points="2905,2455 2930,2454 2956,2453 2981,2452 3007,2451 3032,2450 3058,2449 3083,2449 3109,2448 3134,2448 3160,2448 3185,2447 3211,2447 3236,2447 3262,2447 3287,2447 3313,2447 3339,2447"/>
                <TextEquiv>
                    <Unicode>sich doch die darin vorh</Unicode>
                </TextEquiv>
            </TextLine>
            <TextLine id="r1l74" custom="readingOrder {index:73;}">
                <Coords points="526,2483 1713,2463 1712,2428 1508,2420 526,2448"/>
                <Baseline points="544,2478 601,2477 659,2476 716,2475 774,2475 831,2474 889,2473 946,2473 1004,2473 1061,2472 1119,2472 1177,2471 1234,2471 1292,2470 1349,2470 1407,2469 1464,2468 1522,2467 1579,2466 1637,2465 1695,2463"/>
                <TextEquiv>
                    <Unicode>bewilligen kann, droht zu demissionieren. Noch könnte</Unicode>
                </TextEquiv>
            </TextLine>
            <TextLine id="r1l75" custom="readingOrder {index:74;}">
                <Coords points="1708,2509 2881,2508 2880,2445 1708,2475"/>
                <Baseline points="1727,2502 1783,2502 1840,2501 1897,2501 1954,2500 2011,2499 2068,2498 2124,2498 2181,2497 2238,2496 2295,2496 2352,2495 2409,2495 2466,2494 2522,2494 2579,2493 2636,2493 2693,2492 2750,2492 2807,2492 2864,2492"/>
                <TextEquiv>
                    <Unicode>gesehen haben will, wie er den geistlichen Herrn tätlich</Unicode>
                </TextEquiv>
            </TextLine>
            <TextLine id="r1l76" custom="readingOrder {index:75;}">
                <Coords points="2879,2517 3070,2502 3112,2512 3139,2494 3226,2520 3254,2502 3313,2508 3312,2452 2878,2458"/>
                <Baseline points="2895,2504 2920,2504 2945,2503 2970,2502 2995,2501 3020,2501 3045,2501 3070,2500 3096,2500 3121,2500 3146,2499 3171,2499 3196,2498 3221,2497 3246,2496 3271,2496 3297,2494"/>
                <TextEquiv>
                    <Unicode>umschreiben lassen.</Unicode>
                </TextEquiv>
            </TextLine>
            <TextLine id="r1l77" custom="readingOrder {index:76;}">
                <Coords points="535,2542 1659,2531 1711,2513 1711,2471 534,2483"/>
                <Baseline points="552,2526 609,2525 666,2524 723,2523 780,2522 837,2521 894,2520 952,2520 1009,2519 1066,2519 1123,2518 1180,2518 1237,2518 1294,2517 1352,2517 1409,2517 1466,2516 1523,2515 1580,2515 1637,2514 1695,2513"/>
                <TextEquiv>
                    <Unicode>Professor Bernhardi das Schicksal wenden, wenn er sich zu</Unicode>
                </TextEquiv>
            </TextLine>
            <TextLine id="r1l78" custom="readingOrder {index:77;}">
                <Coords points="1711,2548 2887,2544 2886,2506 2834,2496 1710,2500"/>
                <Baseline points="1728,2547 1785,2547 1842,2547 1899,2546 1956,2546 2013,2545 2070,2545 2127,2544 2184,2544 2241,2543 2299,2542 2356,2542 2413,2541 2470,2541 2527,2540 2584,2539 2641,2539 2698,2539 2755,2538 2812,2538 2870,2537"/>
                <TextEquiv>
                    <Unicode>insultiert hat, zu zwei Monaten Arrest verurteilt. Nach Ab¬</Unicode>
                </TextEquiv>
            </TextLine>
            <TextLine id="r1l79" custom="readingOrder {index:78;}">
                <Coords points="2886,2555 3018,2570 3059,2545 3104,2545 3136,2572 3156,2551 3250,2546 3320,2566 3351,2551 3350,2499 3315,2486 3225,2519 3145,2492 3117,2506 2885,2509"/>
                <Baseline points="2904,2548 2929,2549 2954,2550 2979,2550 3005,2550 3030,2550 3055,2549 3081,2549 3106,2548 3131,2548 3156,2547 3182,2546 3207,2545 3232,2545 3258,2545 3283,2545 3308,2545 3334,2546"/>
                <TextEquiv>
                    <Unicode>bestehen? Etwa dari</Unicode>
                </TextEquiv>
            </TextLine>
            <TextLine id="r1l80" custom="readingOrder {index:79;}">
                <Coords points="537,2579 1536,2585 1713,2562 1713,2524 536,2541"/>
                <Baseline points="555,2575 612,2573 669,2572 726,2571 783,2570 840,2569 897,2568 954,2567 1011,2567 1068,2566 1125,2566 1182,2566 1239,2565 1296,2565 1353,2564 1410,2564 1467,2563 1524,2562 1581,2561 1638,2560 1696,2558"/>
                <TextEquiv>
                    <Unicode>einem kleinen akademischen Kuhhandel entschlösse. Die Lehr¬</Unicode>
                </TextEquiv>
            </TextLine>
            <TextLine id="r1l81" custom="readingOrder {index:80;}">
                <Coords points="1717,2601 2880,2590 2879,2549 2782,2539 1717,2556"/>
                <Baseline points="1736,2595 1792,2595 1848,2594 1904,2594 1961,2593 2017,2593 2073,2592 2130,2592 2186,2591 2242,2591 2299,2591 2355,2590 2411,2589 2467,2589 2524,2588 2580,2588 2636,2587 2693,2587 2749,2586 2805,2585 2862,2585"/>
                <TextEquiv>
                    <Unicode>büßung seiner Strafe stellt sich allerdings heraus, daß die</Unicode>
                </TextEquiv>
            </TextLine>
            <TextLine id="r1l82" custom="readingOrder {index:81;}">
                <Coords points="3127,2590 3148,2590 3162,2604 3186,2604 3200,2594 3217,2604 3262,2605 3276,2605 3287,2594 3318,2595 3318,2563 3291,2563 3273,2549 3228,2545 3218,2552 3194,2548 3176,2555 3159,2548 3145,2558 3128,2558"/>
                <Baseline points="3143,2590 3169,2590 3196,2590 3222,2590 3249,2591 3275,2591 3302,2591"/>
                <TextEquiv>
                    <Unicode>danach</Unicode>
                </TextEquiv>
            </TextLine>
            <TextLine id="r1l83" custom="readingOrder {index:82;}">
                <Coords points="2888,2602 3006,2602 3020,2609 3047,2587 3075,2604 3144,2588 3144,2563 3060,2545 3040,2566 3019,2571 2994,2557 2939,2563 2886,2554"/>
                <Baseline points="2905,2595 2932,2597 2960,2598 2988,2598 3016,2598 3043,2596 3071,2594 3099,2592 3127,2589"/>
                <TextEquiv>
                    <Unicode>wenn sie</Unicode>
                </TextEquiv>
            </TextLine>
            <TextLine id="r1l84" custom="readingOrder {index:83;}">
                <Coords points="1610,2613 1627,2613 1634,2620 1652,2613 1659,2620 1669,2613 1683,2620 1690,2616 1711,2616 1711,2564 1686,2564 1669,2571 1652,2561 1645,2568 1610,2571"/>
                <Baseline points="1626,2607 1660,2607 1694,2607"/>
                <TextEquiv>
                    <Unicode>der</Unicode>
                </TextEquiv>
            </TextLine>
            <TextLine id="r1l85" custom="readingOrder {index:84;}">
                <Coords points="530,2632 1480,2623 1629,2614 1629,2579 529,2577"/>
                <Baseline points="546,2623 599,2621 652,2619 705,2618 759,2617 812,2616 865,2615 918,2615 972,2615 1025,2614 1078,2614 1131,2614 1185,2614 1238,2613 1291,2613 1344,2613 1398,2612 1451,2611 1504,2611 1557,2609 1611,2608"/>
                <TextEquiv>
                    <Unicode>kanzel des Dermatologen Professor Tugendvetter —</Unicode>
                </TextEquiv>
            </TextLine>
            <TextLine id="r1l86" custom="readingOrder {index:85;}">
                <Coords points="1718,2643 2887,2646 2887,2587 1717,2598"/>
                <Baseline points="1736,2641 1792,2641 1849,2641 1906,2641 1962,2640 2019,2640 2076,2640 2132,2640 2189,2640 2246,2640 2303,2640 2359,2639 2416,2639 2473,2639 2529,2638 2586,2637 2643,2637 2699,2636 2756,2635 2813,2633 2870,2632"/>
                <TextEquiv>
                    <Unicode>Schwester Ludmilla gelogen hat, ja, sie bezichtigt sich selbst</Unicode>
                </TextEquiv>
            </TextLine>
            <TextLine id="r1l87" custom="readingOrder {index:86;}">
                <Coords points="2880,2644 2943,2660 3019,2641 3037,2655 3102,2643 3151,2663 3175,2638 3200,2655 3349,2652 3348,2590 3327,2586 3279,2605 2879,2595"/>
                <Baseline points="2896,2642 2921,2642 2947,2642 2973,2641 2998,2641 3024,2641 3050,2640 3075,2640 3101,2639 3127,2638 3153,2638 3178,2637 3204,2637 3230,2636 3255,2636 3281,2635 3307,2635 3333,2634"/>
                <TextEquiv>
                    <Unicode>letzten Oelung beraube</Unicode>
                </TextEquiv>
            </TextLine>
            <TextLine id="r1l88" custom="readingOrder {index:87;}">
                <Coords points="525,2676 1712,2662 1711,2613 1628,2611 525,2638"/>
                <Baseline points="543,2671 600,2669 658,2667 715,2666 773,2665 830,2664 888,2663 945,2663 1003,2663 1060,2662 1118,2662 1175,2662 1233,2662 1290,2661 1348,2661 1405,2660 1463,2659 1520,2657 1578,2655 1635,2654 1693,2651"/>
                <TextEquiv>
                    <Unicode>lustige Name wiegt allein eine kleine Komödie auf — wird</Unicode>
                </TextEquiv>
            </TextLine>
            <TextLine id="r1l89" custom="readingOrder {index:88;}">
                <Coords points="1710,2694 2820,2696 2886,2692 2886,2637 1710,2642"/>
                <Baseline points="1726,2688 1783,2688 1840,2688 1897,2688 1954,2688 2012,2688 2069,2688 2126,2687 2183,2687 2240,2686 2298,2686 2355,2686 2412,2685 2469,2684 2526,2684 2584,2683 2641,2683 2698,2682 2755,2681 2812,2681 2870,2680"/>
                <TextEquiv>
                    <Unicode>der Lüge. Der Wiederinnahme des Verfahrens stünde nichts</Unicode>
                </TextEquiv>
            </TextLine>
            <TextLine id="r1l90" custom="readingOrder {index:89;}">
                <Coords points="2880,2694 2967,2690 2995,2714 3029,2696 3057,2710 3078,2692 3175,2701 3206,2687 3325,2720 3359,2713 3359,2664 3300,2641 3032,2654 3018,2641 2963,2648 2945,2631 2928,2649 2880,2646"/>
                <Baseline points="2896,2688 2922,2689 2948,2691 2974,2691 3000,2691 3027,2691 3053,2691 3079,2690 3105,2690 3132,2689 3158,2688 3184,2687 3210,2687 3237,2686 3263,2686 3289,2686 3315,2687 3342,2688"/>
                <TextEquiv>
                    <Unicode>der Professor so wenig</Unicode>
                </TextEquiv>
            </TextLine>
            <TextLine id="r1l91" custom="readingOrder {index:90;}">
                <Coords points="537,2718 1689,2717 1709,2665 536,2676"/>
                <Baseline points="554,2718 613,2716 673,2715 733,2714 793,2713 853,2712 913,2711 973,2711 1033,2710 1093,2710 1153,2710 1213,2709 1273,2709 1333,2708 1393,2707 1453,2706 1513,2705 1573,2704 1633,2702 1693,2700"/>
                <TextEquiv>
                    <Unicode>frei, und es kommen für die Nachfolge zwei Kandidaten in</Unicode>
                </TextEquiv>
            </TextLine>
            <TextLine id="r1l92" custom="readingOrder {index:91;}">
                <Coords points="1712,2747 2767,2750 2881,2736 2881,2684 1712,2695"/>
                <Baseline points="1728,2738 1784,2737 1841,2736 1898,2735 1955,2735 2011,2734 2068,2734 2125,2734 2182,2734 2238,2734 2295,2734 2352,2734 2409,2734 2465,2734 2522,2733 2579,2733 2636,2732 2692,2731 2749,2729 2806,2728 2863,2725"/>
                <TextEquiv>
                    <Unicode>im Wege, aber Bernhardi verzichtet darauf, es wieder aufzu¬</Unicode>
                </TextEquiv>
            </TextLine>
            <TextLine id="r1l93" custom="readingOrder {index:92;}">
                <Coords points="2879,2740 2994,2738 3015,2754 3067,2736 3116,2755 3154,2737 3189,2757 3230,2735 3261,2745 3278,2727 3300,2744 3341,2740 3340,2705 3257,2704 3204,2684 3191,2698 3156,2685 3059,2708 3031,2695 2997,2713 2969,2690 2878,2695"/>
                <Baseline points="2895,2737 2920,2738 2945,2740 2970,2740 2995,2740 3021,2740 3046,2739 3071,2739 3096,2737 3122,2736 3147,2735 3172,2733 3197,2732 3223,2732 3248,2731 3273,2732 3298,2732 3324,2734"/>
                <TextEquiv>
                    <Unicode>dies zu behaupten. I</Unicode>
                </TextEquiv>
            </TextLine>
            <TextLine id="r1l94" custom="readingOrder {index:93;}">
                <Coords points="535,2762 1708,2765 1707,2706 1641,2700 535,2717"/>
                <Baseline points="554,2769 610,2767 667,2765 724,2764 781,2762 838,2761 894,2760 951,2759 1008,2758 1065,2757 1122,2757 1178,2756 1235,2756 1292,2756 1349,2755 1406,2755 1462,2754 1519,2754 1576,2753 1633,2753 1690,2752"/>
                <TextEquiv>
                    <Unicode>Betracht, ein christlicher, namens Hell und ein jüdischer,</Unicode>
                </TextEquiv>
            </TextLine>
            <TextLine id="r1l95" custom="readingOrder {index:94;}">
                <Coords points="1707,2789 2790,2797 2887,2779 2887,2737 1707,2744"/>
                <Baseline points="1726,2786 1783,2785 1840,2784 1897,2784 1954,2783 2012,2783 2069,2783 2126,2782 2183,2782 2240,2782 2298,2781 2355,2781 2412,2781 2469,2780 2526,2780 2584,2779 2641,2778 2698,2777 2755,2776 2812,2775 2870,2774"/>
                <TextEquiv>
                    <Unicode>nehmen. Er ist kein Michael Kohlhaas unter den Aerzten, oder</Unicode>
                </TextEquiv>
            </TextLine>
            <TextLine id="r1l96" custom="readingOrder {index:95;}">
                <Coords points="2870,2789 3030,2805 3113,2773 3141,2794 3203,2779 3304,2806 3325,2785 3360,2792 3359,2736 3331,2726 3165,2745 3054,2735 3016,2753 2998,2739 2870,2737"/>
                <Baseline points="2889,2782 2914,2783 2939,2784 2964,2784 2989,2785 3014,2785 3039,2786 3064,2786 3089,2786 3115,2786 3140,2785 3165,2785 3190,2784 3215,2784 3240,2783 3265,2782 3290,2781 3315,2780 3341,2779"/>
                <TextEquiv>
                    <Unicode>Bernhardi die Berech</Unicode>
                </TextEquiv>
            </TextLine>
            <TextLine id="r1l97" custom="readingOrder {index:96;}">
                <Coords points="537,2805 1714,2806 1713,2764 1439,2750 537,2774"/>
                <Baseline points="554,2814 611,2812 668,2810 725,2809 782,2808 839,2807 896,2806 953,2806 1010,2806 1067,2805 1124,2805 1181,2805 1238,2805 1295,2805 1352,2804 1409,2804 1466,2802 1523,2801 1580,2800 1637,2798 1695,2796"/>
                <TextEquiv>
                    <Unicode>namens Wenger. Die christliche Partei im Elisabethinum,</Unicode>
                </TextEquiv>
            </TextLine>
            <TextLine id="r1l98" custom="readingOrder {index:97;}">
                <Coords points="1719,2838 2878,2830 2877,2778 1719,2793"/>
                <Baseline points="1736,2832 1792,2831 1848,2831 1904,2831 1961,2831 2017,2831 2073,2831 2129,2831 2186,2831 2242,2831 2298,2831 2354,2831 2411,2831 2467,2830 2523,2830 2579,2829 2636,2828 2692,2826 2748,2825 2804,2823 2861,2821"/>
                <TextEquiv>
                    <Unicode>wenn er einer ist, so jedenfalls ein ziemlich wienerischer, bei</Unicode>
                </TextEquiv>
            </TextLine>
            <TextLine id="r1l99" custom="readingOrder {index:98;}">
                <Coords points="2874,2837 2985,2850 3034,2832 3093,2845 3332,2832 3332,2797 3304,2804 3220,2781 2874,2792"/>
                <Baseline points="2891,2832 2916,2833 2941,2833 2966,2833 2991,2833 3016,2832 3041,2832 3066,2831 3091,2831 3116,2830 3141,2830 3166,2829 3191,2829 3216,2829 3241,2829 3266,2829 3291,2829 3316,2829"/>
                <TextEquiv>
                    <Unicode>wieder auf den einen,</Unicode>
                </TextEquiv>
            </TextLine>
            <TextLine id="r1l100" custom="readingOrder {index:99;}">
                <Coords points="534,2868 1430,2844 1544,2874 1721,2841 1720,2789 534,2805"/>
                <Baseline points="552,2858 609,2858 667,2857 724,2857 782,2857 839,2856 897,2856 954,2856 1012,2856 1069,2855 1127,2855 1185,2855 1242,2854 1300,2853 1357,2853 1415,2852 1472,2850 1530,2849 1587,2847 1645,2845 1703,2842"/>
                <TextEquiv>
                    <Unicode>vertreten durch Professor Ebenwald, läßt nun dem Professor</Unicode>
                </TextEquiv>
            </TextLine>
            <TextLine id="r1l101" custom="readingOrder {index:100;}">
                <Coords points="1715,2880 2885,2879 2884,2823 1715,2831"/>
                <Baseline points="1732,2879 1788,2878 1845,2878 1902,2878 1958,2878 2015,2879 2072,2879 2128,2879 2185,2879 2242,2880 2299,2880 2355,2879 2412,2879 2469,2878 2525,2878 2582,2877 2639,2875 2695,2874 2752,2872 2809,2870 2866,2867"/>
                <TextEquiv>
                    <Unicode>dem sich die Rechthaberei schließlich in Humor auflöst, aller¬</Unicode>
                </TextEquiv>
            </TextLine>
            <TextLine id="r1l102" custom="readingOrder {index:101;}">
                <Coords points="2889,2886 2972,2899 2986,2884 3062,2879 3350,2884 3349,2835 3322,2832 2888,2838"/>
                <Baseline points="2906,2880 2931,2881 2956,2881 2981,2881 3006,2881 3031,2881 3056,2881 3081,2880 3106,2880 3131,2879 3156,2878 3181,2877 3206,2876 3231,2875 3256,2875 3281,2874 3306,2874 3332,2874"/>
                <TextEquiv>
                    <Unicode>sich auf das entschieden</Unicode>
                </TextEquiv>
            </TextLine>
            <TextLine id="r1l103" custom="readingOrder {index:102;}">
                <Coords points="530,2913 1713,2913 1713,2847 530,2854"/>
                <Baseline points="549,2904 606,2904 663,2905 720,2905 778,2905 835,2905 892,2905 950,2905 1007,2904 1064,2904 1122,2904 1179,2903 1236,2902 1293,2902 1351,2901 1408,2900 1465,2899 1523,2897 1580,2896 1637,2895 1695,2893"/>
                <TextEquiv>
                    <Unicode>Bernhardi nahelegen, sich für ihren Kandidaten zu ent¬</Unicode>
                </TextEquiv>
            </TextLine>
            <TextLine id="r1l104" custom="readingOrder {index:103;}">
                <Coords points="1719,2935 2875,2928 2874,2872 1719,2883"/>
                <Baseline points="1737,2925 1793,2926 1849,2926 1905,2927 1961,2927 2017,2927 2073,2927 2129,2926 2185,2926 2241,2925 2297,2925 2353,2924 2409,2923 2465,2923 2521,2922 2577,2921 2633,2920 2689,2919 2745,2919 2801,2918 2858,2918"/>
                <TextEquiv>
                    <Unicode>dings erst, was von Wichtigkeit ist, nachdem er recht behalten</Unicode>
                </TextEquiv>
            </TextLine>
            <TextLine id="r1l105" custom="readingOrder {index:104;}">
                <Coords points="2888,2933 2964,2928 3002,2945 3051,2930 3127,2940 3148,2922 3190,2939 3241,2920 3269,2934 3360,2922 3359,2880 3328,2877 3154,2873 3057,2896 2887,2888"/>
                <Baseline points="2906,2927 2931,2928 2957,2928 2982,2928 3008,2928 3033,2928 3059,2928 3085,2928 3110,2928 3136,2927 3161,2926 3187,2926 3213,2925 3238,2925 3264,2923 3289,2923 3315,2922 3341,2921"/>
                <TextEquiv>
                    <Unicode>Es gibt aber kein Tend</Unicode>
                </TextEquiv>
            </TextLine>
            <TextLine id="r1l106" custom="readingOrder {index:105;}">
                <Coords points="532,2954 1604,2965 1708,2950 1707,2898 531,2916"/>
                <Baseline points="550,2956 609,2955 669,2954 729,2953 789,2952 849,2951 909,2951 969,2950 1029,2949 1089,2949 1149,2948 1209,2947 1269,2947 1329,2946 1389,2946 1449,2945 1509,2944 1569,2943 1629,2942 1689,2941"/>
                <TextEquiv>
                    <Unicode>scheiden, in welchem Falle alles andere, auch die drohende</Unicode>
                </TextEquiv>
            </TextLine>
            <TextLine id="r1l107" custom="readingOrder {index:106;}">
                <Coords points="1720,2982 2734,2988 2879,2980 2879,2921 1720,2934"/>
                <Baseline points="1738,2980 1794,2978 1850,2977 1906,2975 1962,2974 2018,2974 2074,2973 2131,2973 2187,2972 2243,2972 2299,2972 2355,2971 2411,2971 2467,2971 2524,2970 2580,2970 2636,2969 2692,2968 2748,2966 2804,2964 2861,2962"/>
                <TextEquiv>
                    <Unicode>hat. Das, worauf Bernhardi verzichtet, ist nur die amtliche</Unicode>
                </TextEquiv>
            </TextLine>
            <TextLine id="r1l108" custom="readingOrder {index:107;}">
                <Coords points="2873,2977 3019,2991 3106,2976 3151,2996 3206,2974 3245,2987 3359,2978 3358,2922 3306,2937 3240,2921 3178,2936 3146,2923 3126,2941 2984,2943 2963,2926 2873,2938"/>
                <Baseline points="2891,2972 2916,2974 2941,2975 2966,2976 2991,2977 3016,2977 3041,2977 3066,2977 3091,2977 3116,2976 3141,2975 3166,2974 3191,2972 3216,2972 3241,2970 3266,2970 3291,2969 3316,2968 3341,2967"/>
                <TextEquiv>
                    <Unicode>Schnitzlers „Professor</Unicode>
                </TextEquiv>
            </TextLine>
            <TextLine id="r1l109" custom="readingOrder {index:108;}">
                <Coords points="541,3004 1690,3007 1714,2955 541,2959"/>
                <Baseline points="557,2999 614,2998 671,2997 728,2997 785,2996 842,2995 899,2995 956,2994 1013,2993 1070,2993 1127,2992 1184,2992 1241,2991 1298,2991 1355,2990 1412,2990 1469,2989 1526,2989 1583,2989 1640,2989 1698,2989"/>
                <TextEquiv>
                    <Unicode>Interpellation im Parlament, die Ebenwalds Vetter, das</Unicode>
                </TextEquiv>
            </TextLine>
            <TextLine id="r1l110" custom="readingOrder {index:109;}">
                <Coords points="1715,3030 3321,3032 3266,2976 1715,2982"/>
                <Baseline points="1732,3028 1810,3026 1889,3025 1967,3024 2046,3023 2125,3022 2203,3022 2282,3021 2360,3021 2439,3021 2518,3021 2596,3021 2675,3021 2753,3021 2832,3021 2911,3022 2989,3022 3068,3023 3146,3023 3225,3024 3304,3024"/>
                <TextEquiv>
                    <Unicode>Bescheinigung der Wohlmeinung aller anständigen Leute, Problemstück, das,</Unicode>
                </TextEquiv>
            </TextLine>
            <TextLine id="r1l111" custom="readingOrder {index:110;}">
                <Coords points="537,3052 1714,3056 1713,3000 1623,2991 537,3021"/>
                <Baseline points="555,3048 612,3048 669,3048 726,3049 783,3049 840,3049 897,3049 955,3049 1012,3049 1069,3049 1126,3048 1183,3048 1240,3047 1297,3047 1355,3046 1412,3045 1469,3043 1526,3042 1583,3040 1640,3038 1698,3036"/>
                <TextEquiv>
                    <Unicode>Haupt der klerikalen Partei, einbringen will, unterbliebe.</Unicode>
                </TextEquiv>
            </TextLine>
            <TextLine id="r1l112" custom="readingOrder {index:111;}">
                <Coords points="541,3113 3352,3089 2868,3016 540,3057"/>
                <Baseline points="559,3100 697,3100 836,3100 975,3098 1114,3096 1252,3093 1391,3090 1530,3087 1669,3083 1807,3079 1946,3076 2085,3073 2224,3071 2362,3068 2501,3067 2640,3067 2779,3067 2917,3068 3056,3071 3195,3076 3334,3082"/>
                <TextEquiv>
                    <Unicode>Unglücklicherweise svielt dem Professor Bernbardi, der ein deren er auch ohne amtliche Bescheinigung sicher ist. Nach den 1 Situation ausgehen</Unicode>
                </TextEquiv>
            </TextLine>
            <TextEquiv>
                <Unicode>box 31/2
25. BresBernha
Wan
  

Erfahrungen, die er
aufrechter, rechtlich denkender, gradsinniger Mann ist,
sich zu nehmen — ins Leben und ins Glück.“ Bernhardi
gemacht hat, läßt sich
diesem Augenblick sein Charakter einen entscheidenden
ist der Meinung, daß es kein gutes, „fast möchte ich sagen,
Streich. Er hält Wenger für den Fähigeren und ist, ein
Manche wollen in
kein gottgefälliges Werk wäre, wenn wir sie aus diesem
Idealist vom reinsten Wasser, der im alten Oesterreich völlig
blicken. Nun, mit eben
letzten Traum erwecken wollten.“ Der Priester ist begreif¬
unerhörten Ansicht, daß ein Amt ohne irgendwelche Neben¬
Ibsens „Volksfeind",
licherweise entgegengesetzter Ansicht und vertritt sie ebenso
rücksichten demjenigen gebühre, der dafür befähigt sei. „Aber
hardi ist, ein Tendenzst
würdig wie Professor Bernhardi die seine. Aber während sich
selbst, wenn die beiden gleichberechtigt wären, so hätte es mir
stellen, Ibsen habe mi
draußen im Vorsaale des Krankenzimmers die Meinungen
Ebenwald durch sein Ansinnen unmöglich gemacht, für einen
gewisser Badeorte, ja
zwischen Arzt und Priester dramatisch kreuzen, stirbt drinnen
anderen als für Wenger zu stimmen.“ Einem Mann, dessen
haupt polemisieren woll
die Kranke. Sie stirbt ungetröstet und doch erschreckt, da
sittliches Empfinden so subtil auf ihm zugemutete Gemein¬
auf Kleists unsterbliche
ihr die übereisrige Pflegeschwester bereits mitgeteilt hat,
heiten reagiert, ist nicht zu helfen, und das Unheil bricht
Kleist durch den Mich
daß der Priester da ist. Ihr armseliger kleiner Prozeß ist
denn auch über ihn herein. Die Interpellation wird ein¬
Räuber und Mordbren
damit zu Ende; derjenige des Dramas beginnt.
gebracht, und obwohl der sie beantwortende Unterrichtsminister
vom Junker Wenzel bö
Denn „wir leben in einem christlichen Staate“, wie dem
Flint, die interessanteste Figur in Schnitzlers Drama, Bern¬
wollte, daß man ein fi
Professor Bernhardi wiederholt von verschiedenen Seiten ver¬
hardis Jugendfreund ist, wird eine Untersuchung wegen
bringen der Feldfrucht
sichert wird, und er selbst kommt nur allzubald in die Lage,
Religionsstörung gegen ihn eingeleitet. Flint selbst bean¬
man sie in Verwahrung
sich von der Stichhältigkeit dieser Behauptung zu überzeugen.
tragt dies zur allgemeinen Ueberraschung, auch zu seiner
stall unterbringen dürfel
Der Vorfall mit dem Priester erregt in maßgebenden Kreisen,
eigenen, am wenigsten vielleicht zu derjenigen Bernhardis,
Schnitzler daran, in sei
auf deren Gunst das Elisabethinum als ein Privatinstitut
der die geistreiche Unverläßlichkeit seines Jugendfreundes
gegen etwas Partei zu
vorzüglich angewiesen ist, das unliebsamste Aufsehen. Die
seit langem kennt und durchschaut. Es bleibt Bernhardi nichts
Menschlichkeit, aber
Fürstin Stixenstein legt das Protektorat nieder; das Kura¬
anderes übrig, als seine Stelle als Direktor des Elisa¬
Dichtung ein Tendenzstl
torium, an der Spitze Hofrat Winkler aus dem Unterrichts¬
bethinums niederzulegen; auch wird er in der Folge, haupt¬
müßte, wenn Schnitzl
ministerium, das die Subvention bewilligen, aber auch nicht
sächlich auf Grund einer Aussage der Schwester Ludmilla, die
sich doch die darin vorh
bewilligen kann, droht zu demissionieren. Noch könnte
gesehen haben will, wie er den geistlichen Herrn tätlich
umschreiben lassen.
Professor Bernhardi das Schicksal wenden, wenn er sich zu
insultiert hat, zu zwei Monaten Arrest verurteilt. Nach Ab¬
bestehen? Etwa dari
einem kleinen akademischen Kuhhandel entschlösse. Die Lehr¬
büßung seiner Strafe stellt sich allerdings heraus, daß die
danach
wenn sie
der
kanzel des Dermatologen Professor Tugendvetter —
Schwester Ludmilla gelogen hat, ja, sie bezichtigt sich selbst
letzten Oelung beraube
lustige Name wiegt allein eine kleine Komödie auf — wird
der Lüge. Der Wiederinnahme des Verfahrens stünde nichts
der Professor so wenig
frei, und es kommen für die Nachfolge zwei Kandidaten in
im Wege, aber Bernhardi verzichtet darauf, es wieder aufzu¬
dies zu behaupten. I
Betracht, ein christlicher, namens Hell und ein jüdischer,
nehmen. Er ist kein Michael Kohlhaas unter den Aerzten, oder
Bernhardi die Berech
namens Wenger. Die christliche Partei im Elisabethinum,
wenn er einer ist, so jedenfalls ein ziemlich wienerischer, bei
wieder auf den einen,
vertreten durch Professor Ebenwald, läßt nun dem Professor
dem sich die Rechthaberei schließlich in Humor auflöst, aller¬
sich auf das entschieden
Bernhardi nahelegen, sich für ihren Kandidaten zu ent¬
dings erst, was von Wichtigkeit ist, nachdem er recht behalten
Es gibt aber kein Tend
scheiden, in welchem Falle alles andere, auch die drohende
hat. Das, worauf Bernhardi verzichtet, ist nur die amtliche
Schnitzlers „Professor
Interpellation im Parlament, die Ebenwalds Vetter, das
Bescheinigung der Wohlmeinung aller anständigen Leute, Problemstück, das,
Haupt der klerikalen Partei, einbringen will, unterbliebe.
Unglücklicherweise svielt dem Professor Bernbardi, der ein deren er auch ohne amtliche Bescheinigung sicher ist. Nach den 1 Situation ausgehen</Unicode>
            </TextEquiv>
        </TextRegion>
    </Page>
</PcGts>
