3392 4320
690 107 806 191 S S
222 108 1452 228 25. PrfonBernhadi
989 1103 1070 1165 18
412 1181 1642 1256 lieber Bernhardi, sich in irgendeinem unbeträchtlichen
420 1258 1641 1325 Einzelfall korrekt oder, wenn du willst, überzeugungstreu
408 1332 1635 1382 zu benehmen, es handelt sich darum, der immanenten Idee
415 1390 1641 1440 seines eigenen Lebens mit Treue zu dienen.“ — Auch von
414 1447 1634 1507 Flint bekommt hier Bernhardi zu hören, was ihm der
402 1515 1617 1558 Hofrat am Schluß — allerdings in anderer Beleuchtung —
409 1580 1646 1623 als die Quintessenz der Weisheit der ihn umgebenden Welt
409 1638 1641 1682 anvertraut, in der Bernhardis Verhalten nur als eine
405 1679 1645 1740 „Tragikomödie des Eigensinns“ erscheint: „Was dir fehlt,
410 1741 1640 1795 Bernhardi, das ist der Blick fürs Wesentliche, ohne den alle
406 1810 1643 1854 Überzeugungstreue doch nur Rechthaberei bleibt. Denn es
418 1851 1655 1904 kommt nicht aufs Rechthaben an im einzelnen, sondern
417 1923 1648 1972 aufs Wirken im Großen. Und solche Möglichkeit des
414 1975 1650 2045 Wirkens hinzugeben für das etwas ärmliche Bewußtsein, in
418 2025 1647 2092 irgendeinem gleichgültigen Falle das Rechte getan zu haben,
421 2094 1644 2148 erscheint mir nicht nur klein, sondern im höheren Sinne
420 2146 1639 2206 unmoralisch.“ — An dieser Stelle eine unzweideutige Um¬
420 2207 1643 2282 schreibung des jesuitischen Grundsatzes: Der Zweck heiligt
417 2261 1654 2324 die Mittel! Kein Wunder, daß dieser Mann in der Jugend
421 2333 1649 2397 einen Artikel „Krankenhäuser — Gotteshäuser“ schreiben
423 2379 1647 2446 wollte, um die Umgestaltung der Kirchen in Krankenhäuser
421 2459 1657 2527 zu empfehlen, und jetzt als Minister der Handlanger der
425 2510 1651 2565 klerikalen Partei geworden ist! Als der Hofrat ihm mit¬
425 2558 1646 2624 teilt, daß die Krankenschwester Ludmilla „das Geständnis
429 2617 1655 2683 ihrer falschen Zeugenaussage zuerst in der Beichte abgelegt
431 2695 1651 2748 hat, und der Beichtvater selbst ihr auferlegt habe, ihre
425 2746 1651 2804 schwere Sünde, so weit es in ihren Kräften steht, wieder
427 2796 1651 2880 gutzumachen“ weil er offenbar keine Ahnung gehabt habe,
418 2869 1657 2930 um was es sich handelte, da geht der große Mann in Ge¬
423 2926 1647 2989 danken auf und ab und murmelt vor sich hin: „In der
429 2973 1655 3033 Beichte. — Das sollte gewisse Leute doch wohl stutzig
418 3052 1669 3104 machen. Es wird sich vielleicht herausstellen, daß die katho¬
420 3103 1679 3190 lischen Gebräuche zuweilen auch für Andersgläubige von
1592 99 2054 197 box 31/7
2556 1073 2649 1149 19
1983 1171 3215 1237 ziemlich wohltätigen Folgen begleitet sein könnten.“ Kein
1990 1240 3208 1321 Wunder, daß der Verfasser des — vorsichtigerweise unver¬
1996 1311 3211 1368 öffentlichten — Artikels „Gotteshäuser — Krankenhäuser“.
1990 1360 3214 1421 später für das Elisabethinum nur einen Bruchteil der ver¬
1991 1418 3219 1489 sprochenen Subvention zur Verfügung stellt, weil „wir uns
1983 1474 3221 1538 hier nicht nur mit der medizinischen Fakultät, sondern mit
1991 1539 3220 1600 dem ganzen ungeheuren Gebiet des Kultus und Unterrichts
1995 1605 3218 1663 zu befassen haben.“ In den Händen dieses famosen Re¬
1996 1658 3219 1726 formators ist allerdings die Sache Bernhardis schlecht auf¬
1994 1716 3227 1777 gehoben; sie dient dem gewandten Staatsmann nur dazu,
1999 1778 3235 1851 sein Licht in allen möglichen gefälligen Farben leuchten
1992 1837 2219 1911 zu lassen.
2084 1878 3218 1949 Und neben dem Staatsmann steht der Pfarrer, der
1998 1944 3217 2022 Mann, der für seine Überzeugung eintritt, weil er an ihre
1995 2018 3215 2075 Göttlichkeit glaubt. Wir müssen diesen Mann für durchaus
2000 2083 3226 2134 ehrlich halten, wenn auch seine Versöhnlichkeit und milde
2002 2126 3218 2195 Gesinnung oft zu ostentativ erscheint. Er ist vor Gericht
1993 2196 3217 2264 für Bernhardi eingetreten, indem er jede feindliche Absicht
2002 2244 3229 2323 des Arztes gegen die Kirche in Abrede stellte, und daß dies
2001 2303 3228 2373 nicht bloße Effekthascherei war, beweist uns der Umstand,
2001 2382 3218 2432 daß der Pfarrer unmittelbar darauf vom Erzbischof an die
1999 2425 3226 2487 polnische Grenze versetzt wurde. Jetzt nach der unerwarteten
1992 2504 3226 2548 Verurteilung Bernhardis ist der Pfarrer gekommen, um
2004 2555 3217 2616 dem Juden ein Geständnis zu machen: „Ich sehe mich
2003 2596 3222 2671 aber nun veranlaßt, Ihnen zuzugestehen, Herr Professor,
2007 2674 3221 2727 daß Sie in dem speziellen Fall — verstehen Sie mich wohl,
2009 2720 3219 2785 Herr Professor — in dem speziellen Fall, um den es sich
1995 2773 3228 2837 hier handelt, in Ihrer Eigenschaft als Arzt vollkommen
2000 2838 3223 2895 korrekt gehandelt haben, daß Sie innerhalb Ihres Pflichten¬
1992 2909 3227 2961 kreises, gerade so wie ich innerhalb des meinen, nicht anders
1998 2969 3223 3028 handeln konnten.“ Auf die erstaunte Frage Bernhardis,
2005 3011 3225 3073 warum er das nicht vor einigen Stunden im Gerichtssaal
2009 3076 3234 3141 angeführt habe, antwortet der treue Diener der Kirche:
