3392 4352
752 149 816 197 C
1598 118 2074 224 box 31/7
711 143 880 214 S S 0
237 144 1481 251 25. ProfessonBernhandi
2126 1270 3171 1348 wären? Und gibt es einen, wer anders ist daran schuld
1070 1290 2120 1357 wenn die Figuren der Komödie Leben bekämen, wenn
2115 1321 3168 1400 als diejenigen, in deren Interesse es eben lag, daß reli¬
1073 1343 2111 1408 sie erzählen würden, was ihr Schöpfer weiß, fühlt und
336 1327 743 1430 Feuilleton.
2120 1355 3180 1448 giöse Gefühle verletzt werden sollen, in deren Inter¬
1065 1385 2107 1460 sieht. Also untersagt die Zensur die Bühnenaufführung
2114 1412 3183 1487 esse es liegt, daß es Leute gibt, die religiöse Gefühle
1070 1434 2123 1509 des Werkes. Und die Ursache des Verbotes? Sie ist
2123 1470 3176 1539 verletzen. Und gebe es nicht Strebertum, Parlamentaris¬
158 1456 1063 1555 Schnitzler: „Professor Bernhardi“.
1064 1486 2109 1554 wahrhaftig wieder nicht zu erraten. Im Jahre 1828
2127 1517 3177 1589 mus, menschliche Gemeinheit —. Politik mit einem
1077 1530 2115 1611 hat Kaiser Franz den Wunsch ausgesprochen, Grillpar¬
169 1534 1053 1637 Schnitzler ist ein tüchtiger Poet, ein scharf¬
2131 1565 3180 1636 Wort — wäre es jemals möglich gewesen, aus diesem
1062 1577 2107 1662 zers „Ein treuer Diener seines Herrn“ ausschließlich zu
167 1597 1067 1667 Beobachter der Wirklichkeit, ein erfolgreicher
2129 1623 2749 1702 Fall eine Affäre zu machen?“
1064 1627 2121 1699 besitzen. „Das ist die mildeste Tyrannei, von der ich noch
153 1657 1065 1735 kier, ein Dramatiker von anerkanntem Ruf. Eines
2167 1645 3170 1739 So rekapituliert einer der Professoren die Gescheh¬
1079 1674 2125 1757 gehört,“ schreibt der Dichter in sein Tagebuch. Im
148 1706 1068 1777 angelt ihm: er hat nicht gelernt zu schweigen,
2126 1708 3180 1798 nisse im Elisabethinum, dessen Direktor Professor
1068 1720 2125 1799 Jahre 1913 hat die Zensur erkannt, daß „Professor
148 1752 1065 1842 s ihn drängt zu reden. Solches muß ihn der
2137 1768 3186 1839 Bernhardi ist. Das Ende kommt rasch nach. Bernhardi
1079 1777 2116 1847 Bernhardi“ als Buchdrama eingesargt zu bleiben habe.
155 1797 1071 1877 verdächtig machen. Es war schon ein bißchen
2125 1817 3178 1898 hätte eine Besprechung der Angelegenheit im Parlament
1079 1833 2118 1907 Das ist die geschmackloseste und vernunftwidrigste Tyran¬
159 1857 1067 1933 als vor Jahren das Schauspiel „Freiwild“ nach
2130 1865 3184 1939 vereiteln können, wenn er sich verpflichtet hätte, bei der
1078 1891 1721 1952 nei, von der die Welt gehört ...
182 1884 1066 1972 Aufführungen von der Bühne verschwinden
2138 1917 3180 1997 Neubesetzung einer Abteilung seiner Anstalt für den
1114 1931 1669 2015 Sehen wir, was geschehen.
162 1952 1063 2022 Damals hieß es, einem sehr hohen Wunsche ge¬
2128 1965 3185 2039 unwürdigen Kandidaten jener Partei zu stimmen, die
1118 1958 2117 2059 „Ein armes Menschenkind liegt todkrank im Spital,
151 1992 1078 2079 Bünsche hoher Stellen sind wie der Blitz, der in
2135 2015 3180 2086 das religiöse Gefühl zum Handelsobjekt politischer Be¬
1086 2024 2132 2107 ein junges Geschöpf, das das bißchen Jugend und Glück
154 2043 1074 2120 us fährt, ohne Wahl, ohne tieferen Grund. Sie
2138 2055 3187 2140 strebungen macht. Bernhardi tut nicht mit. So wird
1082 2084 2123 2163 und Sünde, wenn Sie wollen, teuer genug mit Todes¬
151 2080 1078 2171 sen, genügen unfaßbare Dinge. In jenem Theater¬
2139 2105 3180 2183 wider ihn die Anklage wegen des Verbrechens der
1083 2129 2125 2201 angst und Qual und mit dem Leben selbst bezahlt. In
154 2157 1069 2221 ekommt ein innerlich stark defekter Kavallerie¬
2134 2160 3187 2239 Religionsstörung erhoben. Das Urteil lautet auf zwei
1081 2181 2127 2250 den letzten Stunden kommt es zu Euphorie. Sie fühlt
153 2179 1076 2264 tnant eine Ohrfeige. Man könnte somit auf
2130 2222 3179 2282 Monate Kerker, trotz der günstigen Aussage des be¬
1089 2229 2131 2308 sich wohl, sie ist wieder glücklich, sie ahnt nicht den
143 2252 1081 2317 gung des Offiziersstandes raten. Doch nein; die¬
2130 2260 3190 2329 teiligten Pfarrers, der in einer interessanten, die Ge¬
1074 2283 2123 2353 nahen Tod. Genesen glaubt sie sich, sie träumt auch
145 2292 1072 2374 erleutnant Karinski ist ein ganz niederträchtiger
2139 2301 3188 2389 danken zweier Weltanschauungen berührenden Privat¬
1082 2330 2136 2398 davon, daß ihr Geliebter kommen wird, sie abzuholen,
165 2333 1073 2414 . Längst schon hat er das Recht auf das gol¬
2135 2343 3189 2429 unterredung gesteht, daß Bernhardi innerhalb seines
1091 2381 2125 2452 sie hinauszuführen aus den Räumen des Elends und
162 2386 1078 2462 Portepee verscherzt; kein Offizier des gemein¬
2139 2402 3200 2479 Pflichtenkreises als Arzt gar nicht anders handeln
1087 2428 2136 2498 des Leids ins Leben und ins Glück. Es war vielleicht
152 2429 1078 2527 Heeres und der österreichischen Landwehr könnte
2144 2454 3194 2529 konnte, als er getan. Angesichts der belastenden Aus¬
1086 2473 2136 2541 der schönste Augenblick ihres Lebens, ihr letzter Traum.
157 2482 1080 2565 zur Ehre rechnen, Kamerad des Herrn v. Karinski
2144 2499 3190 2580 sagen einer Krankenschwester und eines vielseitigen
1081 2528 2130 2598 Und aus diesem Traum wollte Professor Bernhardi sie
145 2535 1084 2619 Een. Die anständigen Leute haben ein Recht auf
2138 2564 3198 2624 Kandidaten der Medizin aus Tirol war der Spruch
1083 2569 2125 2647 nicht mehr zu der furchtbaren Wirklichkeit erwachen
161 2580 1077 2661 hhrfeige, die klatschend auf des Polen Wange
2138 2601 3191 2681 des Gerichtes nicht anders zu erwarten gewesen. Bern¬
1081 2617 2134 2692 lassen. Das ist seine Schuld! Dieses Verbrechen hat
154 2631 1089 2711 Und doch ward das Schauspiel verboten. Rätsel
2142 2642 3194 2721 hardi wandert in den Kerker, er fügt sich mit der Ruhe
1094 2669 2131 2741 er begangen! Dies und nichts mehr. Er hat den Pfar¬
155 2681 1085 2757 ensur, österreichische Kuriositäten. Und Artur
2147 2707 3201 2777 des Stoikers in das Unvermeidliche. Er dünkt sich
1088 2721 2137 2795 rer gebeten, das arme Mädel ruhig hinüberschlummern
156 2745 980 2822 ler durfte nicht mehr Leutnant i. R. sein.
2139 2765 3196 2823 weder Held noch Märtyrer; lediglich ein Mensch, der
1089 2770 2146 2851 zu lassen. Gebeten! Wenn er auch minder höflich
163 2782 1079 2857 ist ziemlich lange her. Schnitzler hat inzwischen
2143 2790 3196 2875 seine Pflicht getan hat. Die Erregung verteilt Schnitz¬
1092 2815 2141 2900 gewesen wäre, jeder müßte es ihm verzeihen. Was für
163 2836 1078 2910 halb Dutzend Novellen, Romane und Theater¬
2140 2855 3200 2924 ler auf die Nebenpersonen, sie haben die Streitfragen
1100 2879 2141 2938 eine ungeheure Verlogenheit gehört dazu, um den gan¬
162 2877 1084 2956 geschrieben. Zuletzt eine Komödie mit dem Titel:
2143 2890 3196 2968 zwischen Juden und Antisemiten, zwischen Orthodoxen
1092 2914 2134 2991 zen Fall anders anzusehen als rein menschlich.
168 2930 1079 3003 ssor Bernhardi“. (Verlag S. Fischer, Berlin.)
2146 2933 3200 3013 und Freigeistern zum Tönen zu bringen. Bernhardi
1092 2965 2138 3029 Wo existiert der Mensch, dessen religiöse Gefühle durch
164 2983 1094 3056 BBuch zu lesen, ist nicht verboten. Eine Gefahr
166 2969 3266 3113 n Staat, so scheint es, würde es jedoch bedeuten, das Vorgehen Bernhardis in Wahrheit verletzt worden will seine Ruhe, auch dann, als sich die hysterische
