3392 4320
272 175 1485 299 5 SSOTNAT
1650 184 2083 286 box 30/3
1326 1089 1475 1140 dress
1316 1151 1405 1229 ite
1634 1172 2062 1275 f
1412 1257 2005 1353 4 Play By Schnitzler.
1353 1314 2078 1399 Arthur Schnitzler’s. Viennese com¬
1340 1366 2066 1439 edy öfProfessor Bernhardi,“ trans¬
1342 1400 2056 1498 lated and adapted by Mrs. Emil Pohll,
1344 1449 2052 1518 would scarcely bear the name of com¬
1328 1492 2047 1565 edy on our English stage. Ineiden¬
1334 1538 2057 1616 tally, it deals with a problem which
1334 1582 2049 1654 seldom arises among us, and is thus
1336 1622 2043 1691 not very interesting to us. Professor
1338 1655 2056 1739 Bernhardi is chief of a small Vienna
1328 1690 2043 1779 hospital, and when the play starts one
1326 1735 2040 1808 of his patients, a young girl, is dying.
1308 1773 2040 1837 But she has no knowledge of her doom
1312 1804 2040 1872 pand-fs consequently very happy, and
1302 1852 2047 1912 he wants to kcep that bitter krowl¬
1305 1880 2038 1956 edge from her. Accordingly, he re¬
1310 1911 2040 1992 fuses admittance to a clergyman who
1313 1965 2032 2033 comes to offer her the last consola¬
1310 1988 2031 2064 tions of the church. As a result he be¬
1311 2040 2038 2104 comes the storm centre of a religious
1312 2076 2034 2147 persecution, largely inspired by the
1309 2120 2040 2187 fact that he is a Jew, and in the end
1302 2142 2035 2234 he goes to Jjail and loses his license to
1306 2187 1504 2250 practice.
1344 2215 2025 2304 The play made a considerable im¬
1300 2262 2017 2339 pression in Vienna, but American au¬
1293 2287 2025 2379 Idiences would probably yawn over it.
1308 2337 2018 2411 The dying patient is never seen onthe
1297 2384 2024 2453 stage, and there is but one other wom¬
1284 2421 2016 2493 ancharacter—a nurse—who appears
1282 2466 2031 2530 in the first act only. Mrs. Pohli has
1278 2493 2016 2567 taken the rather unusual liberty of re¬
1282 2529 2011 2613 ducing the length ofthe play by about
1271 2570 2008 2637 Vone-half. The characters lose vivid¬
1279 2600 2008 2672 ness thereby, and most of their discus¬
1268 2648 2011 2717 sions seem trivial and ineffectlve, but
1272 2676 2012 2756 it is doubtful that Americans would
1275 2718 2009 2803 be interested by what has been left
1286 2752 1385 2802 out.
1313 2784 1997 2874 The small book is beautifully print¬
1263 2828 2002 2897 ed and bound. There is not the slight¬
1284 2872 1995 2941 est hint of ostentation, and yet the
1268 2889 2010 2992 hand of a master of typography in
1279 2947 1704 3007 visible on every page.
1303 2989 1993 3049 PROFESSOR BERNHARDl. By Arthur
1269 3022 1996 3092 Schnitzler. Translated and adapted by
1264 3045 2000 3127 Mrs. Emil Pohlt. (Boards, pp. 04. 81)
1278 3085 1996 3170 Published by Paul Elder & Co., San Fran¬
1242 3103 1392 3181 eisco.
2043 1530 2196 1597 1884
