3344 4352
2096 94 2201 171 —
1632 164 2093 260 box 31/6
274 164 1484 269 25 Prefessen-Bernhandi
826 892 2292 973 geprügelt zu werden; also nicht dies Ziel habe ich mir festgesetzt.
832 979 2289 1026 sondern ich hoffe, daß Sie mich einst mit der göttlichen Hülfe als
826 1013 2289 1071 Künstler umarmen und mit Recht stolz auf Ihren Adolf sein werden!
924 1063 2283 1131 0 Vater, Vater! Ich bitte Sie, ich beschwöre Sie, willigen Sie
823 1114 2285 1171 ein, denn ohne Ihre Einwilligung würde ich unglücklich für immer
824 1159 2290 1210 sein! — Glauben Sie ja nicht, um Schauspieler zu sein, muß
823 1210 2280 1259 man ein Lump sein; nein, man kann ein Lump und ein Spieler
826 1261 2292 1321 sein. ohne gerade Schauspieler zu sein. Jeder, der mich genau
826 1302 2303 1368 kennt, billigt mein Unternehmen, denn man kennt auch meinen
833 1368 1817 1419 Charakter und fürchtet sich nicht für mich.“
1086 1504 2277 1572 Auch gestern war es schlecht besetzt. Dabei regnet
917 1514 963 1570 #
823 1561 2285 1628 es um die Theaterzeit herum, daß Gott erbarm! Das ist aber
825 1599 2287 1677 keine Entschuldigung, denn wäre Mitterwurzer zugkräftig, so
828 1655 2290 1719 kämen sie trotz Regen und Sturm. Also sie kommen bis Dato
825 1710 2287 1770 nicht, warten wir also, seien wir fröhlich.... So weiß ich auch
826 1758 2272 1817 nichts mehr zu schreiben, als . .. daß ich täglich Gott bitte, er
820 1805 2286 1852 möge uns die rechten Wege zeigen, unser Talent, unser Können
824 1854 2272 1908 in die richtigen Bahnen zu lenken, denn dann, wenn unser ge¬
823 1896 2291 1969 rechter berechtigter Ehrgeiz erfüllt ist, wenn wir arbeiten und
829 1953 2286 1997 tätig sind mit Freude und Lust, dann gibt’s Glück und Zufrieden¬
825 1997 966 2062 heit.
1108 2002 1772 2068 Es wird, es muß werden!
1894 2004 2279 2062 Mich haben die
822 2049 2275 2110 schlechten Geschäfte manch trübe, ja qualvolle Stunde gekostet,
816 2100 2275 2157 Du kannst es mir ruhig glauben. Es ist nichts ohne Reklame,
818 2154 2276 2209 und diese zu machen, verstehe ich nicht. Ich bin hier in Berlin
828 2193 2278 2254 so unbekannt im Publikum, als komme ich aus Island, und es dauert
828 2243 2280 2299 eine geraume Zeit. bis man populär wird, und das allein schafft
832 2287 2285 2359 Geld. Ich werfe darum die Flinte nicht ins Korn, denn ich muß
817 2344 2274 2401 und werde jemand finden. der mich macht und stellt. Ich habe
826 2392 2287 2440 bisher stets an feiger Furcht gelitten, an Aengstlichkeit und Bangen,
823 2429 2273 2490 damit wahrhaftig kommt man am ehesten ins Grab. Ich sage Dir
981 2495 2282 2551 ich bin herzlich froh, daß diese bitteren Erfahrungen in
826 2533 2289 2602 Wahrheit an mich herantreten, denn sie heilen und zeigen uns
827 2592 2279 2642 den Weg. Neulich einmal habe ich garnichts erhalten, vorgestern
828 2639 2286 2705 fünf Mark. Es ist zum Lachen, wenn ich’s in solchen Augenblicken
829 2684 2285 2728 nicht verlernte. So viel schöne. kostbare Zeit versessen zu haben,
827 2731 2283 2797 in Träumen und Denken und Hoffen und Harren und sich sagen
829 2793 2278 2851 zu müssen: „Fange nur ruhig von vorne an, Du bist auf dem Holz¬
828 2827 1363 2891 weg, dummer Idealist!“
1072 2860 2285 2941 (Friedrich Mitterwurzer an seine Frau, Berlin 9. März 1881.)
914 3012 1006 3092 „ „
1069 3026 2272 3081 .Meine Meinung ist eine ziemlich indifferente, ich habe
832 3088 2275 3149 keine Empfindung für, noch gegen das Gastspiel. Gleichgültig sehe
822 3131 2299 3187 ich zu und bewundere die harmlosen Menschen, — die vielleicht.
823 3184 2275 3238 nur so harmlos erscheinen. — wie sie lustig ihr Leben verzehren
886 3229 2277 3289 ich hab eben den Melancholiker im Leib, und der jagende Puls
828 3286 2275 3343 meines Daseins muß immer erst aufgeschüttelt werden, — jetzt
818 3326 2285 3378 ist eben Ruhe in mir, wenn auch keine behagliche. Die Leere
826 3375 2274 3424 meines Lebens allein jagt mir oft das Blut zum Herzen, denn Du
822 3421 2281 3464 magst sagen, was Du willst, liebes Herz, tief und innerlich fühle
836 3470 2286 3543 ich's — mir kann nur Glück werden im großen Erfolg. der ein¬
3242 3444 3317 3515 in
3149 1817 3290 1892 ndrock
3210 1923 3351 1999 mich
3248 2039 3334 2100 en
3223 2089 3351 2153 hoch
3208 2136 3351 2197 ich Mit
3315 3397 3355 3455 6
