3436 4256
1582 120 2044 213 box 31/6
230 151 1445 237 25. Brofesser-Bernhandl
1745 1346 2532 1426 gereicht wurde, vor Verzückung über die
811 1354 1711 1425 nicht alle Edelleute sind; und daß es da manch¬
1743 1408 2263 1473 übte Bühnenkunst schmilzt.
824 1421 1726 1471 mal zu unliebsamen Vorfällen kommt, Klatsch
1774 1435 2657 1509 Dabei ist auch das, auch das Theatermäßige,
811 1457 1731 1510 und Tratsch und Aushorcherei und Zank und
1636 1480 1674 1517 al
1738 1500 2631 1551 auch Regie und Spiel billig und billiger. All¬
823 1507 1725 1561 Stank und Liebelei; mißliche Familienverhält¬
1742 1527 2633 1592 tägliches wird alltäglich gemacht; mit selbstver¬
812 1540 1728 1591 nisse und unbefriedigte Sehnsucht aus dem
1742 1577 2592 1643 ständlicher Rontine. Was gehört schon dazu?
814 1589 1720 1637 Schatten in die Sonne; auch Ehestörungen. Und
1770 1616 2633 1678 Es war bei Gott nicht nötig, Albert Basser¬
818 1629 1729 1684 eines Tages betrunkene Eifersucht und zwei
1738 1663 2638 1713 mann für diesen flachen Sketch zu bemühen.
825 1667 1721 1731 Schüsse und zwei Tote und eine Mordkommission
1733 1707 2466 1761 Das Wenige was da zu machen war
824 1713 1453 1787 und heulendes Elend, — Schluß.
1734 1753 2632 1805 Suff, bissel Totschlag, bissel heulendes Elend —,
865 1735 1721 1810 In jeder Zeitungsnummer findet man mehr,
1746 1789 2637 1841 hat er natürlich gemacht. Mehr Dank noch ver¬
816 1786 1729 1851 in jedem Mordbericht ebensoviel Drama, wie in
1740 1835 2635 1883 dienten — man wird bescheiden in den Berliner
811 1838 1720 1890 den drei Akten, die man da der Uebersetzung aus
1737 1853 2650 1933 Schauhäusern — Rosa Valetti, die eine Hinter¬
815 1881 1734 1944 dem Amerikanischen für wert gehalten hat. Nicht
1746 1917 2646 1975 hausschlampe mit ungewaschenem Maul mimte
817 1922 1734 1981 einen Satz, nicht eine Szene lang hebt sich das
1742 1952 2640 2008 und ihr Hundchen früh und spät an der Strippe
827 1974 1725 2028 stupide Machwerk über das Niveau der arm¬
1735 1993 2652 2069 Gassi gehen ließ, und Herr Karl Huszar=Puffi,
828 2007 1731 2075 seligsten, gehetztesten Reportage. Neue Sachlich¬
1740 2049 2654 2098 der als dicker, gutmütiger, vaterlandsfroher
816 2045 1723 2104 keit; seit dreißig Jahren an den Schuhsohlen ab¬
1748 2085 2650 2148 (andere dürfen das!) italienischer Musikant einem
816 2092 1731 2159 gelaufener naturalistischer Jammer, tief verlogen
1746 2121 2653 2184 ein bißchen Heiterkeit atmen ließ in der Stickluft
832 2136 1732 2199 in seiner Wirklichkeit. So fing es damals an
1749 2170 2655 2240 dieser undramatischen Armseligkeit. Grete Mos¬
830 2180 1719 2244 vor vierzig Jahren — auch mit dem Schmerz¬
1738 2215 2187 2275 heim — lieb — schade.
825 2220 1725 2275 geschrei einer Gebärenden hinter der Szene. Nur,
1779 2256 2654 2325 Noch ein verlorener Abend; noch ein Blind¬
821 2269 1729 2324 daß heute der Kreis, aus dem damals eine Ge¬
1740 2296 1910 2361 gänger.
824 2312 1724 2375 bärzange höhnisch über die Rampe auf die Bühne
831 2390 1931 2470 Kunst, Geld, Polllik und der eimeinc.
874 2588 2628 2646 Aussteaangsranst dbei nicht:
980 2645 2509 2740 Kritische Anmerkungen zur Kundgebung der Künstlerschaft.
1745 2752 2645 2825 sagen, daß dies eine leichtfertige, verschwende¬
867 2747 1750 2830 Vor einigen Tagen wurde Berlin überrascht,
1764 2787 2656 2844 rische Geste sei! Deutschland und Berlin
828 2806 1739 2859 durch eine große Kundgebung der Gesamt¬
1754 2832 2652 2887 brauchen wirklich und dringlich und
824 2836 1746 2899 künstlerschaft, die einmütig und stürmisch
1751 2879 2648 2934 notwendig ein würdiges Haus, um
830 2888 1739 2944 ein neues Ausstellungsgebäude for¬
1747 2922 2655 2979 darin internationale Beziehungen
832 2933 1736 2995 derte. Den Gründen konnte man sich schwer ent¬
1752 2956 2656 3021 zu pflegen, ein Haus, in dem vor aller Welt
838 2975 1747 3026 ziehen, und die leider so seltene Einmütigkeit ver¬
1746 3008 2661 3070 bewiesen werden kann, daß es eine so starke, leben¬
838 3015 1745 3081 dient Sympathie. Und dennoch fragt man viel¬
1759 3048 2663 3100 dige, junge deutsche Kunst gibt, daß es sich lohnt,
838 3056 1742 3125 leicht, ob ein neues Ausstellungsgebäude nötig,
1767 3090 2595 3158 sie anzuschauen, sie zu kaufen, sie zu besitzen.
830 3103 1739 3170 ja sogar, ob die bildende Kunst, die Malerei also,
1790 3144 2660 3197 Das Gefühl, zu dieser Kunst und ihrem Ringen
844 3148 1744 3202 die Architektur und die Plastik, heutzutage noch
1758 3183 2658 3239 für eine höhere Ehre der Nation das bürgerliche
834 3191 1750 3256 ein so großer Gegenstand öffentlichen Interesses
1765 3235 2656 3287 Fundament zu sein, sollte dem einzelnen, der —
836 3247 934 3303 sei.
1759 3264 2663 3332 man muß heute nahezu schreiben „das Glück“ hat,
869 3254 1706 3340 Was die finanzielle Seite angeht,
1757 3297 2665 3370 nicht aus quälendem Drang malen und meißeln
839 3318 1752 3374 schwanken die Berechnungen der Fachleute zwi¬
1764 3358 2662 3416 zu müssen, eigentlich schon genügen. Es sollte
846 3364 1743 3421 schen drei und sieben Millionen. Ohne den
1771 3396 2664 3457 genügen, mit Verständnis und vielleicht sogar
844 3402 1746 3467 Grund und Boden, aber für einen statt¬
1758 3441 2666 3500 mit der Tat der deutschen Kunst zu dem Pferd
835 3447 1745 3505 lichen und ausreichenden Bau einschließlich eines
1776 3485 2658 3547 zu verhelfen, auf dem sie zeigen kann, ob sie
837 3491 1746 3538 größeren Wirtschaftsbetriebes. Nimmt man mit
2291 3527 2633 3606 F. A. Dargel.
1774 3535 2121 3610 zu reiten vermag.
848 3533 1750 3592 fünf Millionen die Mitte, so bleibt das natürlich
843 3585 1747 3636 immer noch eine sehr stattliche Summe. Wobei
842 3621 1747 3667 noch die Voraussetzung besteht, daß das Terrain
852 3663 1758 3725 nichts kostet, also etwa fiskalischer Besitz ist. Es
855 3702 1750 3767 wurde auf der Kundgebung gesagt, das Kultus¬
846 3746 1749 3804 ministerium habe bereits seit längerem etwa
2462 3751 2547 3826 825
849 3799 1636 3855 700000 Mark als erste Rate bereitgestellt.
886 3845 1760 3900 Das Gelände des alten „Palastes“ am Lehrter
839 3875 1758 3938 Bahnhof wurde mit etwa drei Millionen Mark
849 3925 1753 3978 bewertet, und die Künstlerschaft hat darauf ohne
851 3969 1750 4032 Zweisel ein starkes moralisches Anrecht. Nun ge¬
855 4013 1759 4068 hört es jedoch, wenn wir richtig unterrichtet sind,
842 4053 1751 4121 zu großen Teilen der Eisenbahn, die am Lehrter
