3344 4256
1384 9 1468 53 —.
1583 46 2040 145 box 31/7
226 97 1433 180 25. Prefess Benhandi
1132 956 1249 1021 386
1132 1053 2537 1110 Tragikomödie des Eigensinns, der keinen tiefern Sinn hat. Die
1127 1110 2537 1187 Tragikomödie des Starrsinns, der nicht so recht den ganzen Mut
1128 1151 1835 1220 hat, starren Sinnes zu bleiben.
1246 1202 2528 1256 Und mit einem Male weiß man es: Arthur Schnitzlers neues
1127 1254 2540 1317 Werk ist deshalb kein Kunstwerk, weil der Dichter nicht den
1129 1303 2537 1352 guten Mut zur Tragödie und nicht die gute Laune zur Komödie
1133 1362 2539 1401 hatte. Es mag ihm vorgeschwebt haben, einen charakterlosen
1138 1405 2538 1458 Charakter zu zeichnen. Einen Menschen, der sich selbst hineinhetzt
1133 1458 2537 1500 in Kämpfe, denen er nicht gewachsen ist, gewachsen sein will.
1127 1503 2529 1556 Einen Idealisten, der nicht imstande ist, sein Letztes zu geben für
1126 1558 2536 1601 seine Idee. Wäre eine Frau im Hintergrund — die Groteske
1133 1609 2535 1661 wäre gelungen. Man hätte gewußt, warum dieser Professor sich
1123 1658 2547 1730 mit allen Menschen überwirft. Man hätte seinen Willen zur Tat
1133 1699 1991 1770 und seine Schwäche zur Tat begriffen.
1250 1755 2529 1831 So aber bleibt die Gestalt halb, in der Mitte geknickt, an
1133 1810 2530 1859 Händen und Füßen gebunden. Die Tat selber, die den Ausgangs¬
1125 1875 2532 1929 punkt des Konfliktes bildet, war gar keine Tat, sondern ein
1126 1908 2537 1960 Zufall. Und der Zufall wird aufgegriffen, zum Thema, zum
1131 1958 2538 2027 Gesetz, zum Schlachtruf erhoben. Doch nicht aus innerer Erkenntnis,
1123 2008 2536 2050 daß der Zufall Pflichten aufgedeckt und beleuchtet habe — sondern
1135 2049 2532 2126 so allgemein aus der wütenden Laune eines Augenblicks; aus der
1126 2112 1955 2174 Plötzlichkeit einer gehetzten Situation
2063 2109 2452 2188 aus Starrsinn!
1785 2182 1873 2243 II.
1252 2235 2529 2314 Ein Arzt wehrt einem Pfarrer den Zutritt zu einem
1136 2303 2528 2359 Sterbenden, weil dieser Sterbende den Tod nicht wittert. Das
1128 2353 2531 2412 wäre der reine destillierte Konflikt. Er ist der Meinung und der
1133 2389 2526 2452 Überzeugung, daß man die letzte Stunde eines Menschen nicht
1127 2444 2532 2515 durch Angst ums Jenseits peinigen soll; daß der letzte Atemzug
1128 2492 2543 2564 nicht der richtige Moment ist, um mit einem Menschen Rechnung
1128 2539 1871 2591 zu halten über Fehl und Sünde.
1251 2587 2519 2655 Er ist als Arzt der Überzeugung —— aber nein! Es ist ja
1136 2644 2524 2695 nicht wahr! Professor Bernhardi betoni es ja immer wieder: Es
1129 2691 2520 2743 handelt sich ihm gar nicht um das Vertreten einer Überzeugung,
1133 2738 2525 2793 um das Verfechten einer Idee. Nicht die Spur. Es handelt sich
1289 2786 1965 2847 „um einen speziellen Jall“...
1249 2840 2520 2909 Der spezielle Fall führt zu einem Konflikt. Die Politiker
1128 2893 2529 2942 des lieben Österreichs (das eigentlich Wien ist) bauschen den Fall
1121 2944 2524 2993 auf. Man interpelliert, intrigiert, insinuiert. Der Minister für
1127 2997 2525 3052 Kultus (eine der besten Gestalten des Stückes) fällt um und steht
1122 3036 2526 3093 wieder auf und fällt wieder um. Die Juden wettern, die Anti¬
1136 3081 2331 3141 semiten bellen. Die Überläufer kommen in Verlegenheit.
1241 3126 2509 3190 Dieser Tumult ist in mancher Szene kostbar gezeichnet.
1121 3170 2518 3254 Dr. Cyprian ist eine Prachtgestalt. Dr. Löwenstein redet deutlich
1126 3235 2530 3289 mit allen Gliedmaßen. Aber der Held, der Träger des Konfliktes,
1120 3281 2517 3334 Professor Bernhardi bleibt im Konflikt stecken. Er kommt aus
1128 3333 2519 3392 dem Lehm seiner Überzeugung nicht heraus. Er lehnt seine Freunde
1111 3384 2540 3460 ab. Er wehrt sich aber auch nicht gegen seine Feinde. Er resigniert.
2925 -58 2997 35 —.—
