3344 4256
599 514 869 600 Seite 14
1197 526 1570 635 Wien, Freitag
1878 535 2612 642 TNeue Freie Presse.
2976 534 3337 644 29. November
573 627 3359 679 anschauungen, den die Angst, daß ihn die Snobs einen Kontrapunkt. Worauf ihm freilich die hübsche Antwort  geschaffen hatte und
569 668 1754 747 Phrasendrescher heißen könnten, niemals und nirgends
1743 687 2910 756 zuteil wird, daß dies nur solange der Fall sei, bis einer
2902 678 3357 757 handelte. Die seine Z
561 724 1739 794 verleitet, den Paradoxen und Lügen das Feld zu räumen.
1742 741 2902 797 komme, dem wieder einmal eine Melodie einfalle. Aber
2907 743 3358 805 gewürdigt wie der am
554 778 1746 835 Dann etwa der Salonprofessor aus der Welt, in der man
2901 790 3349 845 wie überhaupt der gi
1741 776 2898 831 der Minister läßt sich durch solche Einwände nicht irre¬
557 813 1749 899 sich nicht langweilt, der gegen den „nihilistischen Hochmut
1752 821 2912 893 machen. Arbeiten, Leisten, das bezeichnet er als seine Welt¬
2909 833 3347 898 hat, vor allem wohl
566 862 1740 929 der Wissenschaft“ Front macht und erklärt, Glaube und
2909 878 3357 947 beinahe das Lustspiel
1747 882 2897 938 anschauung, und dieser Forderung gegenüber muß alles
559 903 1740 990 Wissenschaft vertrügen sich sehr gut. Wissenschaft ohne
2914 927 3359 1001 Schnitzler erwartet h
1749 929 2902 982 in den Hintergrund treten. Darum ist er auch stets zu
557 968 1752 1027 Glaube bleibe sogar eine etwas unsichere Angelegenheit,
2980 976 3360 1042 Was die schausp
1744 974 2915 1028 Konzessionen bereit, zu so ausgiebigen Konzessionen, daß
564 996 1753 1085 weil die sittliche Grundlage fehle. Neben dem nationalen
2899 1001 3333 1083 es ein Ehrenabend
1742 1023 2912 1078 er schließlich der Minister für Kultus und Konkordat ge¬
561 1043 992 1117 Antisemiten steht
1008 1055 1756 1121 der klerikale Streber und der
2897 1060 3352 1131 allen Anforderungen
1739 1075 2903 1131 nannt wird. Vorderhand stellt er sich auf die Seite Bern¬
572 1094 1003 1164 überzeugte Jude,
1002 1096 1745 1177 den zeitlebens die übertriebene
2907 1110 3341 1169 von der Darstellung
1745 1112 2905 1178 hardis, dem er freilich nachsagt, daß ihm der Blick fürs
571 1139 1755 1204 Antisemitenriecherei quält, und zu ihnen tritt der Mann,
2900 1160 3359 1231 Novität Einzelnleistu
1733 1164 2900 1222 Wesentliche fehle, ohne den alle Ueberzeugungstreue doch
552 1174 1740 1259 dessen Gattin den Lebenswunsch nicht unterdrücken kann,
2901 1214 3359 1272 wie dies kaum ein
1749 1215 2896 1267 nur Rechthaberei bleibe. Er wünscht zunächst, daß ihm die
562 1240 1746 1311 an ihrem Geburtstag Hofrätin zu werden. Auch sonst
2903 1248 3351 1319 gebracht hätte. Freilich
1740 1259 2904 1310 Interpellation im Parlament erspart werde, redet auch
561 1291 1745 1353 fehlt es nicht an überzeugten Anhängern der Lebens¬
2907 1293 3358 1364 fessors Bernhardi, H
1736 1306 2903 1351 seinerseits Bernhardi zu, eine Erklärung abzugeben. Aber
563 1345 1754 1416 anschauung von der „selbstlosen Gemeinheit“, das heißt
2908 1349 3360 1414 übrig. Er war etwa
1733 1349 2904 1416 da er von jenem kleinen Kuhhandel hört, der Bernhardi
550 1375 1741 1449 Leute, die gemein sind ohne Grund, ohne Zweck, sogar
2906 1391 3360 1459 keine sehr sympathisch
1732 1400 2899 1466 zugemutet wurde, ändert er plötzlich seine Auffassung,
558 1436 1093 1515 ohne einen Vorteil.
2905 1436 3352 1508 der Autor schuld sein
1109 1441 1619 1515 Das Haupt dieser
1638 1445 1744 1505 ge¬
1735 1443 2906 1500 denn jetzt fürchtet er die Interpellation nicht mehr und
559 1474 1024 1555 mischten Gesellschaft
2901 1489 3359 1553 des Helden in diesem
1612 1467 1744 1556 Das
1031 1471 1606 1562 ist Professor Bernhardi.
1746 1499 2900 1555 glaubt, der Klerikalen Herr zu werden, wenn er von
561 1525 1742 1608 Institut ist unter seiner Leitung über die ärgsten Fähr¬
2899 1529 3327 1605 dungen zu erheben.
1737 1541 2901 1613 der parlamentarischen Tribüne die Gesinnungslosigkeit
548 1565 1733 1637 lichkeiten, die verderblichsten Kinderkrankheiten hinaus¬
2903 1578 3330 1651 des Herrn Abel, d
1744 1596 2904 1647 aufdecken wird, die man von Bernhardi als Preis ver¬
556 1627 1740 1692 gediehen. Es hat eine Protektorin, eine hochadelige
2899 1623 3333 1695 dieses Schauspielers
1736 1634 1932 1710 langte.
546 1674 1741 1729 Dame, die ihre schützende Hand über Bälle hält, die zu
2893 1672 3351 1733 traditionen entspricht.
1814 1660 2902 1758 Dazu kommt es aber nicht. Denn da der Minister
561 1718 1729 1783 seinen Gunsten veranstaltet werden, und ein Kuratorium,
2899 1725 3357 1791 klerikale Professor Ebe
1737 1726 2905 1794 im Parlament die Interpellation beantwortet, spürt er
564 1759 1735 1825 in dem ein Prinz und ein Bischof, ein Bankdirektor und
2894 1769 3359 1838 spielte. Hans Sa
1733 1775 2911 1841 plötzlich mit seinem feinen Instinkt für die Massen¬
561 1818 1735 1866 ein Hofrat sitzen. Und es gibt sogar reiche Leute, die
2909 1822 3360 1888 feldner, den alten
1730 1830 2901 1881 stimmungen, daß das Haus auf seiten der Inter¬
557 1866 1738 1911 Geld dafür hergeben, die es aber freilich nicht täten, wenn
2903 1849 3347 1922 sympathisch. Den Un
1726 1875 2900 1943 pellanten stehe. Er kommt von seinem Thema ab, spricht
548 1906 1732 1958 eben kein Prinz und kein Bischof Kuratoren wären.
2945 1918 3358 1987 6, daß die feine sat
1730 1924 2901 1976 von der Notwendigkeit der religiösen Erziehung und
543 1945 1748 2028 Diese idyllische Situation, die nur gelegentlich gestört
2907 1960 3358 2029 Geltung kam. Der
1726 1968 2897 2019 endigt, vielleicht zu seiner eigenen Ueberraschung, mit der
553 2006 2898 2081 wird, wenn es sich um Personalfragen handelt und nicht Mitteilung, daß er sich mit seinem Ministerkollegen von
2898 1996 3360 2079 freilich, der unter der
554 2042 1724 2104 alle Professoren zu der Auffassung Bernhardis sich bekehren
2900 2041 3358 2121 der allerwienerischsten
1715 2051 2906 2137 der Justiz ins Einvernehmen gesetzt habe, ob dem Pro¬
557 2088 1731 2156 lassen wollen, daß jeder Posten dem Tüchtigsten gebühre,
2900 2102 3323 2166 Wiener Darstellers
1730 2112 2905 2179 fessor Bernhardi nicht der Prozeß wegen Religionsstörung
552 2143 1733 2195 hört mit einem Schlage auf, als der Professor mit der
2901 2148 3325 2222 sein Möglichstes tat.
1734 2167 2901 2222 gemacht werden solle. Und dieser Prozeß wird tatsächlich
552 2196 2900 2255 Kirche in Konflikt gerät. Da liegt auf einer Abteilung durchgeführt, die Anklage lautet noch dazu auf Verbrechen
2983 2190 3348 2262 Es gab Beifall
540 2234 2903 2329 des Elisabethinums ein achtzehnjähriges Mädchen. Sie und die Geschwornen finden Bernhardi schuldig, trotzdem
2909 2231 3347 2317 starken Beifall, und
557 2282 1735 2345 ist vollkommen bei Bewußtsein, möchte aufstehen, spazieren
2890 2283 3353 2357 beiwohnte, konnte me
1726 2302 2896 2354 der Psarrer vor Gericht seine Ueberzeugung ausspricht,
561 2326 1728 2388 gehen, hält sich für ganz gesund und ist doch eine Tod¬
1723 2348 2901 2413 das Verhalten des Angeklagten sei keineswegs von osten¬
547 2378 1731 2436 geweihte, eine Sterbende. Völlig ahnungslos ist sie in
1724 2402 2905 2468 tativ=feindl.cher Absicht gegen die katholische Kirche geleitet
552 2417 1736 2484 dem glücklichen Wahn befangen, daß in der nächsten
1733 2446 2900 2515 gewesen. Als der verurteilte Bernhardi in seine Wohnung
544 2455 1721 2524 Stunde jemand, der ihr nahe steht, erscheinen wird, um
1721 2497 2902 2562 heimkehrt, da erscheint der Geistliche bei ihm, um sich mit
547 2512 1728 2574 sie abzuholen, um sie wieder mit sich zu nehmen ins
1720 2532 2907 2611 ihm auszusprechen. Und es ist eine der tiefsten
554 2562 1725 2643 Leben und ins Glück. An das Sterbelager dieses
1718 2587 2913 2664 Szenen in dem Schnitzlerschen Werk. in der die
1388 2605 1729 2674 ist und sich
543 2603 1403 2682 Mädchens, das unrettbar verloren
1726 2635 2917 2711 beiden Vertreter entgegengesetzter Weltanschauungen
551 2664 2906 2747 genesen glaubt, soll der Priester mit den Tröstungen die geistigen Waffen kreuzen, und die schließlich
1026 2697 1188 2776 und
554 2699 1043 2782 der Rteligion treten,
1180 2700 1635 2773 Bernhardi meint,
1716 2731 2904 2780 damit endet, daß der Priester zu seiner Religion
980 2744 1731 2814 fast möchte er sagen kein
544 2751 999 2819 sei kein gutes,
1723 2780 2914 2839 sich bekennt, die ihm gebietet, auch die zu lieben, die ihn
551 2801 1728 2875 gottgefälliges Werk, wollte man sie aus ihrem letzten
1731 2819 2902 2882 hassen, während der Arzt seine Weltanschauung rühmt,
552 2851 1723 2900 Traum erwecken. Der Priester zögert. Er fragt, ob die
1721 2871 2895 2947 die von ihm heischt, auch dort zu verstehen, wo er nicht
549 2902 1727 2954 Möglichkeit vorhanden sei, daß sein Erscheinen den Ver¬
1725 2912 2888 2988 verstanden werde. Bernhardi geht in das Gefängnis.
554 2940 1724 2995 lauf der Krankheit in ungünstiger Weise beschleunigen
1727 2967 2898 3044 Aber schon deutet sich bei ihm der innere Umschwung an,
542 2985 1722 3048 würde. Wenn die Kranke noch zu retten ist, dann will
1726 3014 2897 3082 der sich während der Kerkerhaft vollendet. Er will nicht,
545 3034 1726 3092 er sich zurückziehen; aber wenn sie unbedingt verloren
1727 3053 2905 3125 daß seine Sache ein Politikum werde. Davor flüchtet er
555 3077 1729 3142 ist, dann besteht er auf seinem Recht, beharrt er auf der
1735 3105 2892 3177 sich eigentlich in die Zelle. Seine Lebensaufaabe ist es,
556 3126 1727 3192 Erfüllung seiner Pflicht. Denn was ein glückliches Sterben
1721 3149 2902 3221 Leute gesund zu machen oder ihnen wenig'tens einzu¬
546 3172 1717 3221 sei, darüber gehen seine Anschauung und die des Pro¬
1719 3199 2893 3268 reden, daß er es könne. Eine politische Affaire will er
553 3214 1727 3279 fessors begreiflicherweise auseinander. Bernhardi verwehrt
1727 3249 2898 3301 aus seiner Angelegenheit nicht machen lassen. Das würde
543 3274 1724 3326 als Arzt dem Priester, an das Bett der Kranken zu
1734 3295 2901 3349 ihn zu einer Rolle verführen, zu der er sich gar nicht
549 3307 1723 3377 treten, als Arzt, dem das Wohl seines Patienten bis zur
1721 3335 2902 3394 tauglich fühlt, weil es eben nur eine Rolle wäre. Darum
543 3348 1720 3414 letzten Stunde anvertraut bleibe, und er rührt leicht mit
1720 3390 2891 3455 verzichtet er auf alle Rechtsmittel und büßt seine Haft ab.
541 3404 1725 3474 der Hand an die Schulter des Priesters, um ihm sym¬
1719 3440 2897 3502 Darum verwahrt er sich auch gegen die Wiederaufnahme
542 3448 1720 3503 bolisch den Eintritt ins Krankenzimmer zu wehren. Die
1723 3477 2907 3557 des Verfahrens, als es sich herausstellt, daß seine Verur¬
544 3496 1722 3559 Schwester hat die Kranke verständigt. „Muß ich denn
1725 3533 2895 3604 teilung im ersten Prozeß nur durch falsche Zeugenaus¬
537 3538 1725 3606 wirklich sterben?“ ächzt diese in banger Qual. Während
1728 3580 2892 3638 sagen ermöglicht wurde. Freilich muß er sich von dem
542 3588 1717 3643 noch Arzt und Priester miteinander rechten kommt der
1722 3628 2892 3687 Minister sagen lassen, daß jenem sein Märtyrertum nicht
554 3616 1721 3688 diensthabende Wärter mit der Meldung, daß alles vorbei
1723 3674 2893 3723 besonders imponiere. Es liege darin nichts als eine
549 3680 1720 3735 sei. „Als Sünderin,“ sagte der Geistliche, „ohne Tröstung
1717 3725 2891 3786 Tragikomödie des Eigensinns und eine ziemlich unge¬
545 3730 1723 3792 der Religion ist sie dahingegangen, und das ist die Schuld
1723 3751 2898 3841 fährliche noch dazu, in einer Zeit, in der schließlich „in
542 3772 1657 3841 des Arztes.“ Bernhardi erklärt, sie auf sich zu nehmen.
627 3806 2909 3882 Nun überstürzen sich die Ereignisse. Die Fürstin Oesterreich nicht mehr die Scheiterhaufen gegen Himmel
1715 3863 1932 3926 lohen“..
535 3847 1726 3923 Stixenstein legt das Ballprotektorat nieder. Das
1797 3883 2892 3965 Für die Vorlesungszwecke hat sich die fünfaktige
538 3901 1719 3973 Kuratorium demissioniert in corpore und Bernhardi sieht
1713 3931 2894 4016 Komödie selbstverständlich wesentliche Kürzungen gefallen
549 3967 1713 4035 sein Institut dem sicheren Untergang geweiht. Zuerst will
1711 3998 2898 4066 lassen müssen. Herr Onno ist seiner schwierigen, restlos
550 4013 1714 4082 er eine beschwichtigende Erklärung abgeben. Es handelt
532 4067 2880 4123 sich ja nur, wie ihm nahegelegt wird, um ein tleines wohl überhaupt nicht zu bewältigenden Aufgabe bis zu
544 4090 2905 4175 Opfer der Eitelfeit, das er bringen soll. Dem großen, einem bemerkenswert hohen Grade gerecht geworden. Er
