3344 4352
249 222 1486 333 25. Prefessernhardi
775 1299 1636 1385 8 PROFESSOR BERNHARDI: A PLAY
773 1368 1716 1436 spectacles, with exaggerated Austrian accent):
773 1420 1716 1477 Good morning! Ah, there you are Professor!
819 1458 1573 1507 Bernhardi: How do you do, Doctor.
811 1502 1635 1549 Ebenwald: Have you a second for me?
814 1524 1219 1575 Bernhardi: Now?
810 1556 1711 1622 Ebenwald (approaching him): If it were
778 1610 1716 1665 possible. It is in regard to the appointment
782 1645 1628 1699 of a successor to Professor Tugendvetter.
809 1684 1656 1734 Bernhardi: Is there any hurry for that?
824 1718 1692 1770 (The Sister gives Bernhardi a document to
785 1748 1703 1803 sign): Excuse me one moment, we have a case
784 1794 1676 1844 of septicaemia there (pointing to door), a
778 1827 1699 1881 young #irl, absolutely conscious; she wants to
772 1872 1698 1916 get up, take a walk, believes herself perfectly
780 1907 1703 1968 well. You cannot count the pulse any more.
765 1930 1537 1995 It may be over before an hour is gone.
809 1982 1704 2033 Ebenwald (pompously): That occurs not
774 2009 1049 2061 infrequently.
813 2054 1705 2119 Hochroitzpointner (eagerly): Shall I give
768 2088 1401 2141 her another camphor injection?
817 2129 1701 2167 Bernhardi: You might have spared your¬
772 2166 1705 2222 self the first one—never mind, you gave her
775 2200 1704 2271 perhaps the happiest hour of her life, though,
800 2243 1299 2287 suppose, unintentionally.
801 2267 1705 2328 Hochroitzpointner: Do you consider me a
773 2306 1095 2362 mere butcher?
810 2351 1695 2410 Bernhardi: I do not remember having ut¬
774 2386 1691 2452 tered a reproach of that kind. (Hochroitz¬
766 2427 1592 2471 pointner and Ebenwald exchange a look.)
812 2469 1700 2515 Bernhardi (to Sister): Has she relatives?
811 2498 1379 2553 Sister: Nobody has called.
796 2530 1347 2596 Bernhardi: Not a lover?
802 2583 1687 2641 Oscar: Trust him! He won't dare. She
758 2627 1690 2664 hasn't even mentioned him. Perhaps she does¬
760 2659 1157 2710 n't know his name.
1614 235 2076 320 box 31/8
2060 1361 2883 1437 PROFESSOR BERNHARDI: A PLAY 9
2005 1419 2905 1511 Bernhardi: And that is what they call
1988 1469 2362 1527 love’s happiness.“
2004 1511 2887 1582 Sister (who has been standing near, whis¬
1963 1552 2891 1616 pers to Hochroitzpointner): I'll go now and
1962 1587 2515 1644 get his Reverence to come.
2006 1623 2888 1682 Hochroitzpointner: Yes, you might go. If
1956 1660 2887 1735 vou get there too late, it is no misfortune.
1966 1692 2337 1747 (Sister goes out.)
2004 1736 2887 1801 Ebenwald (displaying impatience): Well,
1955 1775 2877 1838 the case is this, Doctor: I have received a ler¬
1959 1813 2889 1866 ter from Professor Hell, from Graz. He is in¬
1948 1844 2886 1923 clined to accept an appointment as suceessor
1950 1887 2340 1929 to Tungendvetter.
1994 1918 2633 1989 Bernhardi: Ahl he is inclined!
1982 1955 2426 2011 Ebenwald: Yes, sir.
1997 1992 2685 2053 Bernhardi: Did anyone ask him?
2000 2028 2886 2101 Ebenwald: I took the liberty, as his old
1949 2052 2412 2123 friend and class-mate.
1990 2111 2869 2174 (Enter Professor Tugendvetter. About fif¬
1938 2147 2872 2204 ty years old, gray, “side-chops,' effects jovial,
1944 2187 2872 2260 humorous manner. Of uncertain demeanor,
1944 2225 2427 2271 tries to win applause.)
1979 2259 2869 2323 Tugendvetter: Good morning! I have to
1946 2298 2860 2352 talk to you, Bernhardi. His Excellency—I
1942 2339 2865 2410 have just come from his Excellency—sends his
1942 2369 2266 2418 regards to vou.
1984 2407 2737 2470 Bernhardi: Who sends his regards?
1979 2453 2855 2521 Tugendvetter: Flint, the Minister. Ohl we
1933 2485 2857 2552 talked about you. He thinks a great deal of
1930 2524 2856 2598 vou. He remembers with pleasure the time
1939 2567 2852 2629 when von were assistants together at Rappen¬
1934 2606 2857 2669 weiler’s. Ahl he is a winner! First time in
1934 2647 2850 2710 Austria a clinical professor ever rose to be a
1922 2670 2141 2726 Minister.
1959 2723 2860 2777 Bernhardi: He was always a good politi¬
