3392 4352
721 156 873 222 P S S
279 161 1481 258 25. PrBernhandr
576 489 1508 679 nandope Gensnhechinsgen
785 588 974 677 Hamt
526 649 1406 793 Wehedte
770 777 1270 888 Wiener Cheater.
990 877 1636 971 K. k. Wien, Anfanz Januar.
453 915 1663 1028 Es bedurfte erst eines rebolutionären Umsturzes. ehe Artur
378 927 1647 1062 Schnitzlers Komödie „Professor Bernhardi“ in Wien zur
381 987 1656 1111 Erstaufführung im Deutschen=Volkstheater kommen konnté.
374 1036 1656 1149 In Berlin kam sie seinerzeit glatt durch, in dem klerikalen Oester¬
372 1075 1643 1179 reich nahm man Anstoß an der Tendenz dieser ebenso interessan¬
374 1107 1642 1223 ten wie literarischen Komödie. Wie jedenfalls noch erinnerlich,
362 1157 1651 1266 verweigert der jüdische Professor Bernhardi anem Priester den
372 1199 1642 1311 Zutritt zu dem Sterbebett eines jungen Mädchens, um ihm nicht
370 1239 1632 1350 die letzte Hoffnung auf die Wiedergenesung zu nehmen. Daraus
353 1263 1632 1391 entsteht ein Politikum schlimmster Art und wie Schnitzler diese
351 1317 1628 1433 ganze Sache dreht und wendet, macht ihm als Dramatiker alle
361 1360 1622 1477 Ehre. Direktor Bernau nahm sich mit vielem Eifer des Titel¬
358 1393 1616 1521 helden an und gab eine abgerunde# schausvielerische Leistung,
351 1443 1630 1567 die Herren Homma, Klirsch, Edthofer und Forest zeigten sich wie
356 1476 1615 1591 schon so oft als tüchtige Schauspieler, denen man alles ruhig
349 1529 1621 1633 anvertrauen kann. Als Kuriosum muß erwähnt werden, daß in
351 1560 1641 1678 diesem Werk Schnitzlers, das neunzehn Rollen enthält, nur eine
426 1681 1690 1856 Aenien ehenit Ae ain aitngenen
413 1761 769 1849 die Rampe riaf.
419 1726 1676 1908 Aen deld Ae da enserchemnenen
1131 1837 1439 1924 W
678 2222 1590 2283 Tagesbote aus Mähren und Schlesi
549 2269 808 2363 · SN 191
1063 2276 1259 2356 Brünn.
991 2348 1331 2421 Abendblatt
512 2406 1624 2504 Wiener Theater. Die Privattheater Wiens zogen aus der
413 2470 1627 2520 Revolution zunächst den Gewinn, daß üg Schaufpiele anfführten,
417 2507 1637 2554 die früher von der jett via waetig ageschafften Zenfur verdoren
408 2549 1636 2622 gewesen warenz So lebt das Deuische Volkstheater an den weni¬
420 2592 1626 2646 gen Tagen, dieshm der ##enmangel zu spielen erlauot, fast
424 2631 975 2683 ausschließlich vonArin
1117 2633 1619 2701 PProfessor Bern¬
413 2663 1624 2732 hardi“ der vorlehmen Ke# Merreit heidnischer
416 2715 1620 2779 und christlicher Wellanschäuung; in einem besonderen Fall: am
429 2745 1621 2804 Bett einer Sterbenden. Direktor Bernau hat sich als Schau¬
421 2780 1617 2828 spieler mit viel Liebe insdie Sonnenthal=Rolle des Professors
414 2820 1619 2882 hineingearbeitet, Onno gibt als überzeugter Priester einen wür¬
417 2868 1619 2927 digen Widerpart, Edthofer istseine glänzende Max Burckhardt¬
415 2914 1621 2973 Type, Klirsch ein eleganter Obskflächen=Minister und Homma
415 2956 1628 3011 ein überwaltigender Intrigant, Vernau, der Direktor, hat mit
423 2985 1614 3031 diesom Erfolg den Mißgriff der Aufführung des angeblichen
411 3023 1627 3089 Lustspiels „Valentins Ehe“ von Max Bernstein und Ludwig
426 3062 1621 3121 Heller, das von einem regelrechten Theaterstandal verschlungen
420 3108 1609 3168 wurde, wieder gutgemacht. Die Zugtraft Schnitzlers hat auch
421 3145 1625 3189 Alexander Zinns seit einigen Jahren mit wechseludem Eefolge
417 3189 1607 3244 über die deutschen Bühnen wandelndes Schauspiel „Gewitter
407 3222 1623 3280 vom Volkstheaterspielplan verdlängt, obwohl die Aufführung
409 3272 1618 3322 nicht minder vortrefflich war. In seinen Kammerspielen hat
409 3308 1624 3350 Bernau mertwürdigerweise in Ludwig Futdas neuer Komödie
416 3353 1623 3407 „Der Lebensschüler“ gleichfalls ein Erfolgstück von
416 3387 1624 3435 stärkster Zugkraft herausgebracht. Diese Molierisch gemeinte.
397 3424 1616 3470 ganz in Technik und Schablone stecken gebliebene Geschichte von
407 3472 1609 3521 einem welttingen Avokaten, der seinen naiven, begabien
402 3502 1612 3554 jungen Freund vom Land durch ein „dämonisches Weib' zur
404 3548 1626 3605 Lebensweisheit erziehen will und ihn dann zuletzt mit schwerer,
411 3585 1611 3625 Mühe vor ernsthafter Gefahr rettet, ist recht schwach ausgefallen.
410 3624 1628 3682 Da dem Pieplikum strotz allem und allem!) Fulda nach wie vor
407 3656 1626 3721 herzlich gefällt, so behalten dieser „gefällige Autor, seine Zu¬
403 3691 1634 3746 hürer und der Phratemettor aegenüber dem griesgrämtigen
405 3737 701 3805 Kritiker recht¬
1636 166 2082 251 box 31/2
2168 1945 2819 2022 Theater-Courier, Berlin
2790 2247 3030 2325 S. IAN 7376
1956 2299 3090 2391 Endlich haben wir auch hier in Wien Schnitzlers Schauspiel
1882 2352 3100 2440 „Professor Bernchardi“, dem die Zensur hartnaagg die Pforten
1872 2384 3088 2481 des Burgtheaters verschlossen hielt, im Deutschen Volkstheater
1876 2431 3086 2517 zu sehen bekommen. Eigenwärtignach dert Sturze des alten Regimes
1866 2486 3085 2548 hat das Werk eigentlich# piel von ##ktualität verloren, sodaß
1864 2500 3092 2594 der Bernau den unleughar großen Premèrenerfolg umso höher ein¬
1874 2549 3087 2632 schätzen mag. Er spielte auch die Titelrolle und gestaltete sie
1882 2596 3089 2682 mit überlegener Würde und schlichter Vornehmheit. Herr Onno
1879 2627 3094 2717 stellte den glaubenseifrigen Priester mit wohltuender Zurückhaltung
1870 2667 3160 2759 dar, während die Herren Klitsch und Edthofer recht charak¬
1866 2715 3100 2793 teristische Bürokratentypen schufen. Aus dem Kreise der Berufsge¬
1841 2758 3092 2841 Knossen Bernhardis verdienen als gut gelungene Originale die Herren
1839 2804 3083 2868 [Homma, Golz, Kutschera und Askonas hervorgehoben zu
1849 2838 3088 2893 werden. Autor und Darsteller mußten sich für den nahezu demon¬
1850 2876 2468 2950 stratiben Beifall oftmals bedanken
