3296 4320
629 146 749 228 es
1578 148 2028 264 box 30/1
223 149 1432 275 25. Pro#ssor Bernhardi
792 403 1406 511 Songationen, Pianobllel. Golo- und
1454 404 1838 496 nkulierungen u. Dei
785 474 1357 523 Silbermünzen, fremder Noten usw.
1431 454 1844 520 gen sowohl von Stittun
758 502 1406 558 Bareinlagen werden bis auf weiteres
1425 504 1852 560 als auch Militärheiratskat
1428 530 1692 579 und kulantest.
791 532 1402 600 mit 4“ bis 5 Prozent, je nach der Kün¬
1403 549 1838 612 Verlosungsevidenzhalt
782 561 1151 617 digungsfrist, verzinst.
1433 587 1841 640 uns gekauften Lose un
757 602 1410 660 Eröffnung von provisionsfreien
1424 615 1843 671 übernehmen wir auf Wu
787 632 1411 705 Barkontis unter Ausfolgung von
1433 648 1836 699 wegen der Verlosung in
784 656 1056 716 Scheckbüchern.
1401 677 1836 745 Kuponeinlösung findet
742 689 1417 766 Anweisungen auf alle wichtigen Plätze
1418 707 1652 755 Abzug stat.
774 729 1177 792 des in- und Auslandes.
1391 733 1837 797 Promessen an allen 2
718 844 1773 920 die Zensur es nicht durchließ. In Berlin erlebte
706 905 1767 978 dasselbe weit über hundert Aufführungen. Der
707 963 1773 1027 Redner erzählte, daß er sich in Berlin das Stück
719 1019 1764 1078 angesehen habe. Darin kommt ein Medizin¬
710 1080 1768 1155 professor vor, der deshalb zwei Monat eingesperrt
712 1143 1770 1210 wurde, weil er in einem österreichischen Spitale
703 1201 1769 1274 den Priester verhinderte, einen Todkranken mit
710 1254 1768 1308 den Sterbesakramenten zu versehen. So elwas
712 1303 1765 1387 ist ja vollkommen unmöglich. In dem Stücke
709 1368 1770 1442 kommt auch ein österreichischer Hofrat vor, der
711 1433 1765 1504 sich gerade am Telephon mit Kokotten unterhält.
706 1487 1759 1562 Da kommt der Unterrichtsminister herein und
706 1545 1769 1604 spricht ihn per Anarchist an. Der k. k. Hofrat
710 1593 1765 1697 antwortet: „In Österreich kann einer nur ein
712 1659 1757 1722 Trottel oder Anarchist sein.“ Hinter dem Redner
714 1715 1761 1794 saßen zwei Damen, welche zueinander äußerten:
709 1790 1757 1853 „Das müssen ja schaudervolle Zustände in Öster¬
697 1840 1770 1918 reich sein.“ Da drehte sich Redner um und sagte
707 1892 1757 1963 zu den Damen: „Die Zustände in Österreich sind
704 1953 1738 2024 ganz gute, aber der Jude hat frech gelogen.“
705 2014 1756 2084 (Großer Beifall.) Geht einmal ein Christ durch
706 2075 1761 2138 mit der Kasse, so heißt es: Der Gauner, der
702 2130 1763 2214 Dieb, die christlichsoziale Partei hat gestohlen!
701 2189 1764 2270 Gehen zehn Juden mit der Kasse durch, so heißt
706 2247 1753 2313 es: sie sind europamüde. (Heiterkeit.) Dazu
705 2303 1750 2379 kommt, daß wir in Österreich das schlechteste
1854 2225 2810 2373 Der genamnte Adrotan ind mun den Der¬
705 2359 1755 2449 Preßgesetz in Europa haben. Die Judenpresse
1770 2372 2810 2447 walter der Rauchfangkehrerkonzession des P.,
703 2432 1746 2498 kann jedem den ehrlichen Namen rauben, frech
1768 2427 2493 2495 Herrn F. S., in die Kanzlei vor.
701 2482 1743 2564 in die Familienverhältnisse hineingreifen, man ist
1844 2479 2820 2561 Als Herr S., der Ladung Folge leistend, bei
693 2552 1744 2615 schutz= und wehrlos ihr preisgegeben. Sie ist
1751 2511 2814 2614 Dr. L. H. vorsprach und fragte, was man von
705 2600 1751 2667 unser größter Feind, darum nieder mit ihr und
1755 2598 2808 2664 ihm wolle, trat Dr. L. H. an einen kleinen Tisch
702 2652 1753 2740 hoch die christliche deutsche Presse! (Stürmischer
1761 2649 2801 2739 seines Arbeitszimmers, auf dem ein Kruzifix zwischen
694 2708 927 2794 Beifall.)
1758 2722 2800 2797 zwei Herzenleuchtern stand, zündete die Kerzen
1394 2707 1707 2804 „Reichspost“.
1751 2781 2793 2849 an und sprach: „Sie sind der Verwalter der
1762 2824 2804 2913 Konzession P.; ich werde Sie nun über den
911 2810 1536 2927 Stadtrat Schmid
1757 2895 2794 2946 Gegenstand dieser Konzession und über die
719 2906 1717 2990 über Pflichtantisemitismus.
1760 2940 2800 3022 Vermögensumstände des P. befragen. Damit
794 2996 1735 3069 Aus dem Berichte über die Sitzung des
1747 3002 2790 3079 ich sicher gehe, werden Sie mir hier vor diesem
689 3055 1613 3119 Gemeinderates vom 12. Dezember 1913:
1756 3055 2802 3136 Kruzifix schwören, daß sie mir die reine Wahrheit
782 3099 1740 3184 Nach dem Schlußworte des Referenten führt
1761 3120 2590 3193 sagen und nichts verschweigen werden.“
685 3169 1735 3258 G2. Regierungsrat Schmid in einer tatsächlichen
1839 3175 2790 3259 Herr S., der keineswegs der „dumme Kerl“
699 3220 1736 3287 Berichtigung aus: Herr G2. Goltz hat u. a. ge¬
1745 3233 2795 3307 ist, für den ihn der Jude ansah, lehnte höflichst
695 3283 1734 3345 sagt, daß der Antisemitismus nur ein Aushänge¬
1751 3295 2788 3374 diese „Beeidigung“ ab, ohne jedoch genau zu
690 3341 1740 3413 schild unserer Partei sei, und daß es viele unter
1751 3353 2802 3439 MT
695 3408 1732 3479 uns gibt, die lieber heute als morgen die anti¬
693 3473 1738 3541 semitische Überzeugung an den Nagel hängen.
1746 3408 2798 3556 Joh. Scheuer:
697 3525 1731 3601 Demgegenüber berichtige ich tatsächlich, daß der
1779 3539 2759 3628 Stammersdorf, Hauptstraße 6
684 3582 1729 3645 Antisemitismus heute ebenso wie vor 15 Jahren
1736 3584 2797 3698 □ im vergrößerten Saale jeden Sonn- und Feier- H
686 3642 1729 3721 ein Hauptprogrammpunkt unserer Partei ist, von
1797 3682 2766 3749 tag Konzert des Wiener Schrammelquartetts
691 3697 1733 3775 welchem wir nie und nimmer abgehen werden.
1808 3714 2796 3809 Gebrüder Mazura. Konzertmeister Paul Mestak #
690 3750 1741 3831 (Lebhafter Beifall.) Daß der Kampf gegen die
1881 3779 2668 3852 jun., Gesanghumorist H. Schönberger.
696 3828 2828 3912 Auswüchse des Judeniums für uns eine Pflichl= HENAHHNZTAHZHHHHEHAZEEE
