3344 4352
226 195 1429 296 25. ProfessonBernhardi
652 1733 1516 1802 52 PROFESSOR BERNHARDI: A PLAY
709 1789 1595 1874 Bernhardi: Yes, at this hour, in the pres¬
672 1833 1594 1911 ence of one of the most liberal of his cloth. But
671 1872 1595 1941 Chostility'—that seems too small a word for
673 1911 1602 1987 that which separates us perhaps for all time
690 1946 1390 2019 —it is higher, loftier, more hopeless.
693 1993 1580 2059 Priest: I think you are right. I have
656 2038 1585 2099 had occasion to have had similar conversa¬
661 2072 1593 2140 tions with men of your circles, scientists, and
669 2102 1586 2178 Penlightened'’ people; but it never seemed so
653 2147 1591 2208 utterly impossible to reach any hind of an
657 2178 1238 2243 understanding or agreement.
692 2218 1580 2283 Bernhardi: And what about you, Your
654 2258 1571 2330 Reverence? Do you feel yourself free from
650 2287 1577 2367 all feelings of hostility towards men of my
651 2343 1574 2401 class? Can you find no milder word for the
650 2378 1206 2430 feeling you accuse me of?
690 2410 1567 2480 Priest (suppressing anger, but collecting
647 2450 1563 2512 himself with a slight smile): I know myself to
638 2498 1570 2555 be free from it. My religion, Professor, com¬
648 2528 1403 2587 mands me to love those who hate me.
687 2566 1559 2618 Bernhardi (with feeling): And mine, Your
647 2594 1573 2672 Reverence, or that which I possess in its stead,
636 2642 1563 2709 teaches me to understand even those who do
643 2683 1292 2724 not, or will not understand me.
680 2719 1566 2775 Priest: I do not doubt your good-will, but
640 2765 1565 2819 understanding has its limitations. Wherever
642 2797 1567 2859 the human mind rules, there is error, there is
629 2830 1554 2898 deception, That which does not deceive, that
629 2868 1562 2933 which cannot deceive men of my kind—let me
630 2906 1558 2973 choose a word to which even you cannot have
630 2952 1430 3009 any objection—is the “innermost feeling.“
680 2987 1553 3042 Bernhardi: Let us call it so, even if this
620 3018 1559 3083 Pinnermost feeling' as you call it, flows from
632 3050 1549 3124 different sources in my soul, I also try to trust
629 3099 1560 3171 in it. What is there left for all of us to do?
1592 196 2042 276 box 31/8
1793 1722 2632 1772 PROFESSOR BERNHARDI: A PLAY 53
1719 1761 2624 1827 And if it is not so easy for us, as it is for men
1711 1814 2650 1848 of your calling, God Almighty, who created
1723 1852 2641 1899 us both, surely this incomprehensible God, has
1726 1891 2127 1942 his reasons for it.
1773 1922 2636 1975 (The priest looks at him for a long time.
1722 1966 2634 2019 Then in sudden decision, stretches out bis
1725 2005 1884 2055 hand.)
1751 2029 2639 2083 Bernhardi: (hesitatingly, smiling a little.)
1724 2081 2373 2123 Over the abyss, Your Reverence.
1752 2116 2645 2168 Priest: Do not let us look down for a mo¬
1719 2160 1887 2210 ment—
1755 2186 2343 2244 (Bernhardi takes his hand.)
1754 2233 2345 2280 Priest: Farewell, Professor!
1766 2261 2645 2309 (Exit Priest. Bernhardi stands for awhile,
1720 2310 2644 2361 lost in thought; then makes a movement as if
1714 2345 2632 2395 to shake off something, draws the portiere and
1721 2383 2639 2438 opens the door. Company at table, smoking.)
1774 2421 2161 2480 Cyprian: At last!
1762 2451 2637 2504 Adler: We have just arrived at the cigers.
1781 2497 2647 2549 Cyprian (going up to Bernhardi). What was
1721 2537 2476 2577 the matter? A patient today—so late?
1759 2566 2643 2621 Oscar: Here are some telegrams for you,
1723 2611 2638 2666 father, but won't you first have some supper?
1762 2655 2649 2705 Bernhardi (opens one and reads): Ahl that
1723 2686 2647 2739 is nice. A poor patient assures me of his
1716 2729 1960 2786 sympathy.
1779 2758 2644 2810 Cyprian: (receives the next telegram from
1711 2809 2650 2849 Bernhardi, and reads aloud).“ We assure the
1718 2841 2645 2894 noble fighter for liberty and free thought,
1729 2885 2646 2932 of our admiration. He will always find us ready
1720 2919 2050 2976 to support him.
1878 2950 2491 3008 Doctor Reiss, Walter Koeing.“
1764 2985 2325 3044 (Enter servant with card.)
1764 3028 2290 3090 Bernhardi: What next?
1762 3072 2647 3124 Oscar: (reading). A deputation from
