3392 4352
690 175 1143 247 EXTRACT FROM
696 259 1164 337 DAILY MIRROR,
482 331 1371 405 Gereidine House, Rolls Buildings, Fetter Lane,
1280 377 1380 437 E.C. 4
814 509 1217 629 16 JUl. 1936
445 587 632 661 Date
498 633 908 695 FIRST NICHT
608 772 1278 846 Doorek PaLst
645 850 1247 918 BV DUR DRAMATIC CRITIC
591 913 1392 975 AS a doctor the right to refuse a priest
524 928 1119 991 H access to a dying patient?
565 961 1390 1037 This is the question which is argued skilfully
534 1013 1388 1063 and fiercely in“ Professor Bernhardi, the play
545 1030 1395 1096 by Schnitzler, which was recently produced at
532 1081 1391 1130 the Embassy, and has now been transferred
529 1119 852 1170 to the Pheenix.
566 1136 1401 1195 The play, banned in Germany and Austria.
1346 589 2242 651 Idevelops into an exposition of anti-Semitism,
1379 635 2238 686 quite foreign to anything that could happen in
1380 663 2235 719 this country. Nevertheless, it makes an excit¬
1381 709 2245 758 ing dramatic entertainment, and people argue
1382 736 2019 784 the point warmly in the intervals.
1415 749 2233 818 Abraham Sobaer repeats his forceful port¬
2076 793 2208 843 B. B.
1386 800 1892 861 rait of the Jewish surgeon.
1878 1007 2279 1096 Extract from:
1811 1102 2418 1197 JEVISH CHRONTCLE
1647 1140 1802 1218 —
1908 1168 2173 1238 London
2025 1223 2309 1300 17.7.36
1734 1462 2103 1537 JULY 17, 1936
2662 1490 3066 1584 THE JEWISH
1669 1583 1943 1658 Theatre
1952 1689 2698 1779 * Professor Bernhardi
1962 1796 2708 1864 Schnitzler’s Magnificent Drama
2018 1858 2665 1914 A STUDY IN ANTI-SEMITISM
1741 1899 3011 1974 Only a few weeks ago, this brilliaut classic of Schnitzler’s was
1652 1945 3025 2017 presented at the Embassy Theatre. It has now been put on in the
1665 1986 3016 2051 West End at the Phenix Theatre; and even seeing it again after
1661 2022 3012 2111 80 short an interval, the power and interest ofthe work grip one
1657 2065 1827 2116 afresh.
1728 2106 3015 2171 Apart fromthe intense interest which holds the attention from start
1655 2149 3013 2211 to finish—the brilliant dialogue and the valuable light which the play
1651 2165 3017 2246 throws upon the psychology of anti-Semitism —the very evenness with
1654 2214 3016 2288 which the anthor holds the seales in the case of the Trofessor, lends the
1662 2261 3016 2323 story a vivid reality and raises the discn-sion to a pläne of immediate
1650 2283 3012 2356 importance. What Schnitzier shows—and it is a depressing thought that
1649 2319 3014 2388 this is as evident to-day as it was when he wrote the play many
1650 2367 3018 2429 Fears before the War—is that the antipathy to the Jew in its“
1648 2403 2429 2458 original primitive form, is only a
2437 2411 3009 2465 very little of the whole
1653 2437 3009 2502 trouble. It is the thousand and onc interests and occasions for
1661 2467 3010 2538 sellish opportunism which, building upon the brutish base of hate, raise
1652 2515 3008 2574 upthe hideous super-structure of anti-Semitism as a political or social or
1647 2551 3005 2609 superstitions erced. Again I must point out that this play in no way
1646 2577 3009 2644 attempts to portray the conflict between the Jewish and Christian attitude
1655 2618 3000 2677 on the purely religions plane. Schnitzler carefully shows us the priest
1651 2649 3009 2716 and the Jewish doctor respecting eachother as two honest men, separated
1647 2687 3008 2757 by differences of dogma, but both capable of contributing to the good of
1651 2723 2995 2792 mankind. It is the intrusion of the mean, the selfish, the billiously¬
1644 2763 3008 2827 hating and dishonestly-jealons among men that produces the urge to
1640 2787 3010 2865 persecute the Jew, and raises an incident into a malicious generalisation.
1735 2833 3001 2910 It has been suggested by no less an authority on theatrical matters
1647 2861 3002 2930 than Mr. Sydney Carroll, writing on this great play, that, from bis
1646 2896 3008 2952 experienee, Christians as a rule are far more interested in plays of a
1650 2942 3006 3008 Jewish problem nature than are Jews theinselves. There may be some
1656 2977 3007 3042 truth in this, truth which is by no means a pleasant reflection on Jewish
1649 2999 3003 3079 theatre-goers. But, thank Heaven, it ouly applies to the least admirable
1645 3049 2996 3118 along our Community, and is not unconnected with that ugly symnptom
1645 3086 3004 3157 of immnority self-consciousness which, misunderstood and not examined
1652 3115 3001 3189 with a symnpathetie reference to its causes, mag have helped to produce
1649 3156 2993 3221 that popular theory that the persecuted “generallv ask for it.“' Let
1646 3194 3003 3258 us hope that on this occasion the London Jewish Comnmunitv will give
1637 3232 2993 3298 practical refutation to Mr. Carroll’s suggestion—no oue will be more
1641 3266 2554 3321 gratified than that distinguished writer himself.
1728 3296 2998 3360 The cast at the Phoenix is largely the same as that at the former
1637 3324 2993 3401 production. Again Abraham Sofaer gives a magnificent performance
1638 3366 2999 3436 as the Professor. It it amusing to hear people blaming the Jewish
1646 3410 2983 3469 doctor’s stubbornness, merelg because he insisted on doing what was,
1639 3434 2995 3501 in his view, unquestionablz right. How the forcc of morality has weakened
1649 3472 2993 3542 since the day's of the categorical imperative! Mr. Sofaer suggests a
1645 3518 2992 3577 genuinelg Jewish moral determination and thie prophetie refusal to com¬
1635 3551 2993 3611 promise, combined with a deep humane kindliness which sees in man,
1639 3589 2995 3633 physical and suffering man, not a play-thing for the gods, but the image
1632 3623 2984 3681 of God Hunself. It is a noble and inspiring performance, inevitably
1632 3642 2993 3717 winning our syinpathy ichere we are not too prejidiced. Ronald Adam’s
1632 3692 2988 3752 version of the political opportunist is again delightful, wickedly true to
1634 3719 2986 3784 life and oozing the unctuonsness of the fellow. Earle Grey takes the
1632 3755 2990 3834 cold and scheming Ebenwald in a very convincing manner, the true
1632 3794 2985 3864 obnoxionsness of which, as happens in real life with such persons, rises
1634 3828 2988 3912 more as an after-odour thian upon innnediate contact—a clever piece of
1634 3862 1790 3913 acting.
1704 3896 2963 3965 For every one who is not entirely devoid of brains,“ Bernhardi''
1629 3938 2986 3993 presents a real theatre treat—intelligently, exeiting, topically valuable
1633 3977 2991 4019 and lasting in its impressiveness. For the Jew, it presents a double
1628 4017 2981 4073 attraction, for-beeis not merelg outstle it all but verr much Vof'’ the
1633 4040 1793 4085 Grama.
2078 4078 2523 4156 No! No! Nanette“
