3392 4256
1039 91 1994 163 der Firma auf die Dauer nicht vermeiden lassen.
1141 152 2301 215 Ein halbes Jahrhundert lang zählen dann die Leitenberger
1027 200 2300 265 zu den gefeiertsten Namen im österreichischen Gewerbestande, bis
1038 240 2306 312 der 1862 geborne Friedrich Freiherr v. Leitenberger als Chef
1030 266 2301 361 des Hauses die seinen Ahnen eigene ursprüngliche Kraft vermissen
1036 331 2301 382 ließ. Er fühlte sich mehr als Aristokrat (die Familie ist schon
1042 384 2306 434 1869 in den Ritterstand, 1373 in den Freiherrnstand ausgenommen
1033 429 2289 509 worden), als großer Herr, als Sportsman denn als Kaufmann,
1032 472 2301 541 und er wäre dem geschäftlichen Zusammenbruch kaum entgangen,
1028 510 2307 598 wenn er nicht vor einem Jahrzehm bei einer Automobilfahrt einen
977 562 1578 629 I“ frühen Tod gefunden hätte.
1136 633 2298 694 Die Bodenkreditanstalt, die schon bei Lebzeiten des Barons
967 645 1029 700 ie
1037 658 2300 729 Friedrich Leitenberger dem Unternehmen finanziell nahe stand,
1037 718 2293 791 hat noch unter dem Gouvernement Taussigs einige Monate nach
1029 764 2294 832 dem Ableben des Barons Friedrich das Geschäftshaus Leiten¬
1031 817 2290 876 berger mit Haut und Haaren verspeist — es ist jetzt eine Aktien¬
1025 871 2300 934 gesellschaft mit einem verhältnismäßig geringen Kapital und heißt
964 881 1022 944 ie
1028 920 2287 963 „Cosmanos, Vereinigte Textil- und Druckfabriken“. Die Leiten¬
1027 961 2291 1023 berger sind nicht geradezu verarmt, aber von dem ehemaligen
1025 1003 1835 1074 Glanz sind nur spärliche Reste vorhanden
1919 1015 2293 1075 binnen wenigen
1032 1054 2281 1125 Jahren hat ein Unbegsbter mit „vornehmer“ Lässigkeit ein¬
1024 1101 2282 1186 stürzen lassen, was drei Generationen unter Schmerzen auf¬
1026 1144 1394 1219 gebaut haben ...
990 1181 2228 1386 1 Ein Gespräch mit Rudolf
1380 1348 2186 1487 Christians. (000
952 1409 1018 1470 er
949 1443 1029 1502 g.
1043 1390 1950 1526 II(6 Gen unserem Verliner Korespontenten.)
1693 1505 2245 1591 Berlin, Aufang Juni.
953 1495 1109 1600 0
1113 1529 2275 1636 Ruholf Chrkstians ist soeben aus New=York eingetroffen, wo
952 1590 1001 1659 r
1012 1609 2279 1679 er in dieser Saison als Direktor des einzigen in New=York vor¬
1017 1647 2287 1727 handenen sdeutschen Theaters gewirkt hat. Er besieht sich Stücke
1010 1704 2273 1773 und Darsseller und obwohl er sein Programm für die kommende
1016 1739 2278 1826 Kampagne fertichshat,“ scheigt er nicht abgeneigt zu sein, noch
949 1795 2190 1870 eetwas Besonderes seinem umsangreichen Gepäck hinzuzufügen:
1117 1830 2272 1924 Sobald ich alles gesehen habe, was Berlin einem Theater¬
1012 1869 2276 1944 leiter bietet, ziehe ich mich zu Beginn des Juli — in die bayri¬
1002 1937 2270 2001 schen Berge zurück, und Ende August dampfe ich mit meinen
1004 1983 2275 2064 Leuten nach New York“, so erzählt er mir. „Den drüben
1011 2029 2280 2092 kommenden Dingen sehe ich mit frohem Mut entgegen, denn ich
1005 2084 2266 2137 habe nicht nur eine finanziell glänzende erste Saison ge¬
1009 2124 2278 2193 habt, ich glaube nun auch zu wissen, worauf es in Amerika an¬
994 2162 2272 2254 kommt. Von meinen Vorgängern in der Leitung des deutschen
1003 2210 2275 2284 Theaters hat lediglich der verstorbene Conried reussiert.
928 2242 1304 2325 s Daher war
1361 2266 1504 2328 für
1501 2276 2269 2342 Conried das deutsche Theater
930 2314 2270 2384 n naturgemäß nichts als eine Episode. In erster Linie
924 2357 2265 2424 ie war er der Pächter aller Schiffsstühle auf den
929 2396 2265 2487 e= Dampferlinien, die zwischen New=York und Europa verkehren.
943 2441 997 2500 ef
995 2454 2259 2536 Dann machte er Börsengeschäfte von den größten Dimensionen.
932 2497 992 2541 is
1001 2494 2260 2579 Außerdem war er bekanntlich Gründer und Generaldirektor der
923 2547 981 2589 in
1001 2535 2255 2625 Metropolitanoper, die von jeher ein Riesenunternehmen war. Und
1001 2589 2254 2672 in irgendwelcher Pause fand der geniale Mann noch Zeit, sich
995 2639 2247 2698 um das deutsche Theater zu kümmern. Er hatte eine wunderbare
991 2690 2243 2754 Nase für den Geschmack des amerikanischen Publikums, und so
994 2729 2257 2815 spürte er, daß das deutsche Theaterpublikum in New-York nur
992 2786 2243 2836 gute, ernste Stücke sehen will. Nebenher bot er interessante Gast¬
992 2832 2257 2909 spiele, von denen allerdings manche mißlangen. Ich selbst habe,
984 2885 2245 2933 noch als Mitglied des Königlichen Schauspielhauses in Berlin,
980 2930 2246 2980 drei Jahre lang bei Conried gastiert und mich solcher Art in
914 2970 2248 3042 lt New=York bekanntgemacht. Den weitaus größten Erfolg unter
919 3034 2248 3088 er den zahllosen Gästen, die Conried brachte, hatten Possart
917 3075 2244 3120 in und Sonnenthal. Die Vorstellungen, in denen Sonnenthal
917 3111 2237 3164 re mitwirkte, gingen zu doppelten Preisen vor sich, wurden aber
910 3165 2243 3217 ie gestürmt. Andere berühmte Darsteller — ich will keine Namen
908 3203 2246 3259 ie nennen — sind jämmerlich durchgefallen, das heißt sie wurden
917 3247 982 3311 1=
975 3262 2252 3315 nicht etwa ausgezischt oder verlacht. Nein, sie wurden einmal
973 3312 2247 3360 achtungsvoll angehört, und dann spielten sie vor terren Bänken.
1093 3353 2240 3419 Mit den Gästen verhält es sich nämlich in Amerika folgender¬
979 3391 2248 3469 maßen: Die Amerikaner lassen sich durchaus nicht durch den
978 3446 2227 3508 Namen, durch den Ruf imponieren, der einem Schauspieler voraus¬
984 3503 2237 3566 geht. Der Name ist nicht ganz wertlos, er bestimmt
977 3530 2241 3586 das Publikum zum Besuch des Theaiers, sind die Menschen
984 3597 2236 3634 aber einmal im Hause, dann hat der Name seine volle Schuldig¬
972 3642 2239 3690 keit getan und nun wollen die New=Yorker — genau wie die
950 3677 2246 3734 Wiener, die Pariser, die Berliner — gerührt oder unterhalten
984 3723 2240 3787 werden. Selbstverständlich haben sie zuweilen einen anderen Ge¬
974 3772 2242 3843 schmack als ein anderes Publikum, man darf darum nicht sagen,
946 3823 2242 3886 t daß die Amerikaner nichts verstehen. Dinge der Kunst sind keine
943 3881 2227 3932 exakten Wissenschaften, und wie ein Schauspieler, in den die
