3344 4320
1571 213 2024 301 box 30/1
208 208 1504 325 25. Professor Bernhardi
525 1163 579 1252 4
528 1227 2592 1324 Hiépendu que de lni, il eüt restreint sa listel figurera aussi. Arihur Schnitzler y aura sa part,
1568 1305 2596 1368 fort large. parait-il; peut-étre aussi Ludwig
536 1313 1566 1367 Pauteurs à Beptmann, à lbsen et à leurs
1571 1341 2596 1390 Thoma, Molnar, etc. On dit mäme que nous y
513 1351 1556 1417 Spigones; Reinbardt, au contraire, parait s’ef¬
1572 1380 2599 1444 verrons une représentation de l’Annonce faite
523 1391 1564 1446 foreer de présenler à son publie tontes les
1560 1434 2231 1509 4 Marie, de M. Paul Clandel.
509 1435 1560 1523 Unonveautés du marche dramatique internatio¬
542 1486 1575 1546 nalei n'hésite pas à monter des pieces russes,
1612 1493 2609 1561 Fidele à sa tradition, ie Deutsches Theater a
530 1518 1576 1582 Françaises, italiennes, polonaises, hollandai¬
1573 1551 2608 1617 fait cette année-ci un nouvel effort pour mettre
538 1573 1568 1628 sé, ete. Ce ne fut pas une des moindres rai¬
1585 1588 2607 1652 en scène quelques chefs-d’euvre classiques ou¬
545 1608 1560 1668 schs gui firent qu'après la striete discipline
1574 1639 2609 1703 blies et des pièces contemporaines que les Ber¬
539 1650 1574 1710 de retie sorte de protestantisme littéraire
1577 1683 2361 1750 linois ne connaissaient pas encore.
532 1702 1567 1784 quétait le theätre de Brahm, le public berli¬
1636 1711 2612 1785 Une reslauration des deux parties du Hen¬
549 1744 1579 1807 nois siflua anx représentations dirigées par
1572 1767 2612 1826 ri 7# de Shakespeare a été un hommage au
882 1788 1569 1848 trouvait, à côté d’une joie pres¬
537 1787 894 1855 Reinhardt;
1581 1808 2619 1877 culte que 1'Allemagne continue de rendre au
905 1825 1574 1881 couleurs et des sensations, le
551 1834 859 1900 que palenne
1583 1869 2608 1926 grand poète anglais. Malgré la couleur et l’ori¬
554 1866 1579 1932 charme meterge de la li'térature cosmopolile.
1581 1908 2616 1965 ginalité des tableanx, un speciateur français ent
891 1921 1575 1972 attribnet Puérilement un rang
552 1921 903 1988 Sans cherchen
1574 1957 2614 2009 peut-étre pensé que Taction de ces drames est
551 1974 1578 2015 5 des talenl aissi peu comparables, on pour¬
1586 1996 2613 2048 lente et que les scenes comiqules en sont d’une
552 2012 1577 2059 rlt peut-Stre formuler les différences qui les
1585 2032 2618 2096 bouffonnerie trop aisée. Mais le public alle¬
555 2044 1582 2098 eparenten disant que Brahm fut surtout litté¬
1596 2075 2613 2132 mand ne#s’en est pas plaint. II respecte
550 2079 1583 2150 raire et intellectuel, tandis que Reinhardt est
1590 2122 2612 2178 Shakespeare. L’ennui supporté patiemment est
557 2132 1584 2209 avant tout, par-dessus tout, un homme de théä¬
1589 2159 2622 2221 une des formes de la déférence. Henri IV eüt
554 2176 673 2254 tre.
1591 2217 2631 2264 6té un échec à Paris; ce fut un sticcès anx bords
1589 2247 2619 2304 de la Spréc. La. reprise de Marie-Madeleine de
595 2235 1584 2317 Il est regreitable que la mort de Brahm soil
1584 2291 2612 2355 Hebbel fut une heureuse tentgtive. La renom¬
554 2297 1579 2368 #urvenue avant qu’il ait pu assurer la conti¬
1578 2346 2605 2405 mée de Hebbel semhle grandir chaque an¬
548 2350 1092 2411 nuation de son cuvre.
1591 2374 2611 2437 née dans l'Allemagne intellectuelle, gräce à
600 2366 1579 2444 Les excellents acteurs qu’il forma, les 6 so¬
1588 2426 2621 2489 Teffort diligent des critiques et des professeurs
565 2423 1580 2487 ciétaires n dee Lessing Theater, M. Riltner, Else
1594 2457 2617 2526 de littérature. Ce poôte appartient à la catégo¬
560 2482 1585 2543 Lehmann, etc. ont décidé de déserter leur an¬
1587 2510 2627 2578 rie des écrivains qui, méconnus de leur vivant,
900 2522 1584 2586 d’aller s’établir à leur compte,
572 2527 841 2583 cienne on
1594 2557 2619 2608 affirment avcc tant de force leur confianee en
885 2566 1582 2614 #n littéraire de Gerhardt Haupt¬
558 2567 823 2622 sous 1a dir
1583 2595 2621 2651 leur génie et dans le jugement de la postérité
875 2613 1569 2672 #ie salle un peu excentrique, le
566 2609 823 2666 mann, dan
1595 2632 2630 2706 que leurs biographes, cinquante ans plus tard,
870 2650 1590 2719 #er. La régie de la scène scrait
557 2651 783 2713 Künstle
1593 2686 2620 2753 en sont émus et prennent à cceur de leur don¬
871 2695 1081 2748 Rittner.
566 2696 823 2752 ontiée a
1585 2738 1875 2796 ner raison.
598 2726 1597 2797 In est encore bien malaisé de dire quel sera
1630 2745 2616 2830 Les deux grands succès de la saison au
561 2784 1583 2837 ie sueces de cette entreprise, intéressante d’ail¬
1596 2816 2611 2875 Deutsches Theater furent la Danse macahre
560 2825 1149 2881 leurs à bien des égards.
1599 2855 2618 2920 (première partie) d’Auguste Strindberg, et le
598 2842 1585 2924 La direction du Lessing Theater va passer à
1602 2899 2634 2957 Cadarre rivant de Tolstoi. L'euvre de Strind¬
564 2911 1584 2958 la saison prochaine entre les mains de M. Bar¬
1593 2942 2628 3017 berg — qui n'avait été encore jamais jouée en
567 2958 1584 3012 nowsky, ie distingué directeur du Kleines
1593 2981 2638 3055 Allemagne — est fort remarquable, mais trop
567 3001 1587 3054 Theater. M. Barnowskv s’est adjoint comme
1595 3033 2625 3096 pétrie de haine pour jamais étre populaire. Le
576 3044 1591 3107 collaberateur littéraire M. Eloesser, un critique
1593 3075 2628 3135 rideau tombé, le public quitte le théätre avec
574 3089 1583 3139 érudit et fin, qui publia ici méme, il y a quel¬
1598 3129 2638 3188 une impression pénible. II en est tout autre¬
580 3122 1592 3184 ques annßes, des chroniques théätrales que les
1597 3153 2632 3224 ment de la pièce de Tolstol. Nous avons déjä
566 3174 1591 3216 #ecigurs du Temps n’ont certainement pas ou¬
1601 3202 2644 3264 dit ici méme, il y a quelques mois, tout le bien
570 3208 1598 3277 bliées. Mal. Barnowsky et Eloesser paraissent
1597 3254 2629 3305 que nous pensions de la régie de M. Reinhardt
572 3253 1554 3309 Gécidés à continner la tradition de Brahm —
1595 3292 2632 3365 et du très intelligent jen de M. Moissi. Ce fut
578 3301 1593 3346 nrais avee modération. Dans de nouvean Les¬
1602 3334 2644 3401 assurêment la plus intéressante soirée de lan¬
575 3343 1599 3395 sing Theater, Ibsen ne disparaitra point du
568 3373 2643 3454 programime, saus doute, mais Shakespeare F néc. L,'Oiseau öleu parut surprendre les Ber¬
