3392 4256
802 124 919 189 S S0
1674 123 2122 212 box 30/1
312 127 1524 225 25 PrfBernharal
306 1032 625 1132 I0.JMNLTS
593 1024 1192 1216 sißziger Taghlatt
1373 1461 2326 1522 Also ein Konflikt zwischen Kirche und Wissenschaft?
2369 1463 3329 1524 feinen und noblen Gebärden auskämpfen läßt. Hier
1345 1496 2326 1563 Wirklich scheint es so, wie es auch den erleuchteten
2365 1510 3335 1555 wird der lächelnde Zweifler wieder ganz zum Dich¬
371 1465 1304 1589 Theater und Musik.
1354 1546 2332 1605 Zensoren erscheinen mußte, deren Spruch dies Werk
2356 1553 3344 1603 ter, der dem vollen ehrlichen Gefühl beipflichtet, das
1358 1587 2340 1632 ein für allemal zum Tendenzdrama stempelte: Der
2367 1589 3344 1650 seine Träger gleichzeitig gefährdet und rettet gegen¬
339 1582 1315 1669 Schnitzler's „Professor Bernhard!“ im
1349 1613 2339 1682 Arzt, Jude zudem, verweigert dem Pfarrer den Zu¬
2353 1616 3341 1681 über jenen, von denen Bernhardi sagt: „Der Herr
615 1633 1044 1713 inen Sheater.
1354 1654 2332 1722 tritt zu der ahnungslosen Kranken, die ohne den
2364 1670 3347 1739 verzeihe ihnen —— sie wissen verdammt gut, was
1357 1697 2332 1747 Empfang der Sterbesakramente in der glücklichsten
2361 1702 2535 1769 sie tun.“
408 1680 1326 1756 Es ist etwas an diesen Wienern, was sie uns zu¬
1343 1736 2326 1798 Hoffnung auf Genesung sterben würde. Der Arzt:
346 1745 1331 1798 gleich lieb und fremd macht. Eine überlegene Klug¬
2416 1734 3342 1806 So sind auch die beiden Feinde im Grunde wieder
1351 1779 2328 1831 „Die Kranke weiß nicht, daß sie verloren ist. Sie ist
336 1790 1326 1847 heit, ein spöttisches und zugleich verstehendes
2370 1777 3348 1834 einander verwandt gegenüber jenen Allzuklugen, die
1350 1809 2335 1858 heiter, glücklich und — reuelos.“ Der Pfarrer: „Eine
345 1817 1327 1865 Lächeln das unserer schwereren Art fern liegt, und
2371 1820 3353 1861 ihre niedrige Eigenliebe hinter großen Worten ver¬
1340 1855 2335 1907 um so schwereie Schuld nähme ich auf mich, wenn ich
338 1857 1326 1916 uns doch wie eine naturgemäße Ergänzung eigenen
2357 1865 3344 1900 bergen. Auch diese Erkenntnis ringt sich aus Er¬
1347 1889 2335 1948 von dieser Schwelle wiche, ohne der Sterbenden die
339 1887 1329 1964 Wesens erscheint. Bei einem deutschen Dichter wäre
2366 1898 3341 1955 bitterung und Zorn, aus Scham und Qual in dieser
1349 1924 2331 1985 Tröstungen unserer heiligen Religion verabreicht zu
2360 1939 3333 1988 Auseinandersetzung los, die die beiden Gegner im
330 1931 1332 2006 sicherlich der „Fall Bernhardi“ das ernsthafte Thesen¬
1355 1966 2332 2009 haben.“ Als die Kranle unter dem jähen Eindruck
2350 1962 3340 2020 Tiefsten aufrührt,so sehr sie ihre Gefühle hinter klugen
347 1988 1325 2034 stück geblieben, das sich unter Schnitzlers Händen
1347 2003 2339 2068 der Schreckensbotschaft ohne Absolution stirbt, wird
2355 2015 3327 2072 Worten zu bergen suchen. Jetzt wissen sie's auch:
340 2014 1330 2080 mählich zur heiteren Komödie wandelt. Hier liegt
1353 2040 2323 2101 der Arzt, der den Pfarrer am Eintritt hinderte, wegen
2349 2044 3009 2107 sie haben beide Recht und Unrecht.
336 2052 1333 2126 der Reiz und zugleich die Gefahr: in diesem
1346 2080 2321 2130 Religionsstörung angeklagt und auf einige gefärbte
2403 2071 3333 2134 Was nun kommt, ist lediglich Spiel und Gaukelei.
343 2091 1325 2133 geistvollen Spiel mit den Dingen, das sie
1346 2122 2329 2172 Zeugenberichte trotz der entlastenden Aussage des
2347 2116 3361 2194 Der Alltag, den Bernhardi zunächst noch in Gestalt
328 2126 1330 2191 dort, wo sie zu ernsthaft werden wollen, abbiegt
1344 2148 2322 2219 Pfarrers selbst zu Kerkerhaft verurteilt, obgleich er
2363 2169 3341 2226 eines Reporters elegant und entschieden zur Tür
329 2177 1312 2230 mit jenem Lächeln, das besagt: Es geht auch anders!
1346 2189 2318 2248 sich durch einige kleine Schiebungen vor diesem auf¬
2365 2203 3345 2254 hinauswirft, bricht nach seiner Freilassung mit Macht¬
336 2213 1311 2270 Mancherlei Bitterkeit und geheime Schwäche birgt
1342 2234 2324 2284 genötigten Märtyrertum hätte bewahren können. In
2361 2245 3343 2287 über ihn hinein. Auf alle Nachegelüste an den feind¬
338 2245 1311 2308 sich hinter dieser heiteren Skepsis. Nichts ernst
1346 2272 2325 2319 diesem Hin und Wider politischer und persönlicher
2351 2284 3343 2339 lichen Mächten, an denen nämlich, die er jetzt für
324 2284 1323 2349 nehmen müssen, und manchmal nichts ernst nehmen
1346 2310 2316 2368 Ränke, wie in dem ganzen Kampf um die Leitung
2353 2319 3350 2362 seine wahren Feinde halten muß, verzichtet er, als er##
331 2324 1318 2390 können: das ist es. Und doch lockt uns diese
1344 2351 2331 2388 von Bernhardis Anstalt liegen trotz aller Feinheit
2365 2360 3350 2420 sieht, wie jetzt, da es für ihn zu spät ist, in der un¬
333 2369 1323 2429 Kunst, zumal wenn sie ihr Lächeln und ihre Schwer¬
1345 2386 2313 2435 der Dialektik die größten Schwächen und Längen des
2367 2401 3338 2463 sinnigsten Weise sich alles zu seinem Besten kehrt.
333 2406 1320 2466 mut in eine so geschmackvolle Form und in eine solche
1338 2437 2316 2487 Stücks. Aber aus all diesem Wirrsal und Lärm, aus
2351 2437 3336 2511 Und zum Schluß setzt ihm der österreichische Hofrat,
323 2452 1321 2506 Feinheit kleidet, wie es in diesem Werke geschah, das
1340 2465 2322 2526 diesem marktschreierischen Kampf um äußere Inter¬
2353 2475 3341 2533 den Schnitzler mit vollem Bedacht sich gerade zum
333 2486 1313 2546 seinem durch den Jungen Medardus“ geradezu hof¬
1345 2510 2323 2557 essen ringt sich langsam das stille noble Gegnertum
2342 2521 3339 2573 Moralisten ausgesucht hat, in wohlgesetzten Worten
332 2527 1317 2569 fähig gewordenen Autor in seiner Heimat ein
1345 2548 2323 2603 der beiden Feinde zu voller Klarheit durch. Nach
2354 2556 3336 2629 auseinander, daß die ganze Geschichte halt nur eine
319 2563 1302 2621 Zensurverbot zuzog, und das nun nach Berlin und
1333 2582 2315 2638 der äußeren Entscheidung sucht der siegreiche Pfarrer
2351 2599 2639 2649 Viecherei war.
328 2601 1326 2676 Bremen auch in Leipzig mit rauschendem Beifall
1342 2626 2322 2698 den Unterlegenen auf und in wundervoll ehrlichen
2400 2637 3333 2691 Hat er nicht recht, der kluge Dichter, wenn er
329 2639 687 2691 empfangen wurde.
1333 2662 2325 2729 und zugleich feinen und spitzen Worten sagen sie ein¬
2340 2669 3348 2729 diesen Spiegel von allerlei Menschlichkeiten unter
383 2669 1325 2733 In diesem Lustspiel stoßen mit dem Arzt und dem
1346 2710 2320 2766 ander die ganze Wahrheit — jeder die seine. Und
2345 2716 3330 2777 heiterer Gaukelei verbirgt und zum Schluß das ganze
324 2697 1317 2772 Geistlichen, die sich am Krankenlager feindlich be¬
1341 2746 2313 2795 schließlich reichen sie sich über den Abgrund hinweg,
312 2757 1315 2804 gegnen, zwei Weltanschauungen aufeinander, für die
2350 2756 3335 2812 Spiel in einen Scherz verklingen läßt, der es be¬
1343 2785 2310 2835 der sie für ewig trennt, die Hände, bevor sie ausein¬
323 2794 1318 2853 es keinen Ausgleich gibt. Die beiden, und in Wahr¬
2351 2791 3066 2854 schließt und aufhebt zu gleicher Zeit?
1342 2825 1579 2878 andergehen
1603 2831 2319 2878 der eine ins Gefängnis, der andere
320 2830 1303 2883 heit auch nur sie allein, fühlen es daß nicht nur die
2404 2820 3332 2879 Der Aufführung, für deren Inszenierung Re¬
1341 2867 2321 2924 in die Verbannung, in die ihn der Zorn seines
316 2857 1311 2907 Meinungen ihres Standes, die Verschiedenheit des
2350 2849 3326 2931 gisseur Huth zeichnete, hätte man im ganzen mehr
318 2904 1313 2959 Blutes und der religiösen Ueberzeugung sie trennt
1332 2906 2312 2969 Oberen treibt. Diese Szene ist prächtig. Zwar weiß
2349 2908 3336 2963 von Schnitzlerscher Leichtinkeit und Feinheit der
317 2936 1302 3004 und verfeindet, sondern daß sie einen uralten Gegensatz
1334 2945 2311 2994 man auch hier, wie nur zu oft in dem Stück, schon im
2345 2949 3332 2995 Differenzierung wünschen mögen. Es war vieles noch
316 2973 1316 3038 auszutragen haben, der über ihr persönliches Wollen
1321 2992 2315 3049 vorhinein, was geschehen wird, erinnert sich ver¬
2340 2993 3327 3032 zu deutlich, zu stark unterstrichen. Auch Bruno#
314 3018 1317 3071 hinausgeht. Es gibt letzten Endes zwischen ihnen so
1331 3016 2308 3070 wandter Situationen, in denen ehrliche Feinde mit
2340 3032 3330 3095 Decarli, der seinem Professor Bernhardi schon rein
314 3052 1302 3118 wenig eine Verständigung, wie zwischen Plato und
1331 3067 2308 3113 offenem Visier sich wegen ihrer Gesinnungstüchtigkeit
2335 3049 3322 3118 äußerlich eine ausgezeichnete Charakteristik mitgab,
317 3093 1312 3145 Aristoteles oder zwischen Roscellin und Thomas oder
1327 3106 2314 3159 salutieren, während die Gesinnungslosigkeit sich scheu
2343 3112 3330 3159 hielt sein Temperament nicht immer genügend zu¬
321 3126 1313 3176 Anselm — trotz aller abärlardischen Konzessions¬
1325 3140 2255 3188 hinter dem Schilde des Rechts zu verbergen sucht.
2340 3150 3330 3208 sammen. Sehr unangenehm wirkten zuweilen seine
319 3172 1312 3225 meier, die auch in diesem Stück mit aller scholastischer
1387 3187 2307 3242 Aber das ist gerade das beste an Schnitzler, daß
2346 3191 3328 3249 Zwischenrufe und Einfügungen. So raubte er dem##
312 3206 1299 3270 Dialektik die Dinge und Dogmen nach alle Seiten
1329 3215 2317 3284 er hier über alle Bahrsche Skepsis hinweg gerades¬
2341 3231 3333 3281 Schlusse seine eigentliche Wirkung, indem er in über¬
309 3246 1306 3321 wenden und drehen ohne am Ene zu=bejahen oder
1324 3261 2309 3314 wegs an Anzengruber anknüpft und die Kontraste
2345 3270 3323 3319 strömender Anteilnahme auf die Bemerkung des Hof¬
310 3284 606 3355 zu verneinen.
1318 3298 3332 3371 des Volksstückes unter hochkultivierten Menschen mit I rats recht hörbar, noch eine ganz überflüssige Ant¬
