3392 4352
282 182 1502 303 25. ProfesseBernhand
1639 191 2120 291 box 30/3
381 600 724 701 Wien, Freitag
1057 610 1781 679 [Neue Freie Presse.
993 633 1068 715 —
171 700 2098 774 Persönlichkeit seiner Witwe gehörts zug, gegen den ein Attentat geplant war. Rechts und links
922 753 2094 812 platzen die Granaten. Ein Splitter derselben hat, wie der
206 739 935 807 ihr selbst vorbereitete Wortlaut
186 773 332 854 „Heute
934 788 2096 848 Vorleser der „Urania“ mitteilte, den Filmoperateur selbst ge¬
437 789 914 846 starb Frau Hermine
178 806 923 905 ich Professor Dr. J. Seegen. Sie
937 832 2094 887 troffen und verletzt. Das Publikum folgte diesen Darbietungen
197 868 924 927 Verwandten und Bekannten einen
921 876 1481 936 mit begreiflicher Spannung.
210 920 920 977 und bittet um ein freundliches An¬
1007 910 2095 970 [Der Diebstahl von einer Viertelmillion
188 932 917 1031 licht mutiger und anmutiger ein letztes
922 968 2101 1016 in Gold.] Wie wir bereits kurz berichtet haben, wurde
787 1008 893 1054 K.
933 1012 2083 1067 dieser Tage ein sensationeller Diebstahl an einer Goldsendung,
187 1041 918 1105 Aus München wird uns gemeldet:
928 1060 2088 1114 die von der Bank von England an den Crédit Lyonnais in
231 1098 920 1152 Heyses blieb heute nach ärztlichem
930 1096 2085 1153 Alexandrien adressiert war, begangen. Mit dem Fall sind
180 1145 912 1195 9 Uhr in der Wohnung des erkrankten
936 1140 2096 1192 jetzt die englischen, deutschen und die Triestiner Polizei¬
930 1184 2096 1242 behörden beschäftigt, und die geschicktesten Detektives stehen vor
177 1177 921 1256 andauernd befriedigend. Der Kranke
176 1218 572 1289 hin das Bett hüten.
928 1227 2092 1279 einem scheinbar unlösbaren Rätsel. Der Londoner „Daily
922 1267 2088 1314 Telegraph“ der eine besondere Untersuchung eingeleitet hat,
167 1270 918 1341 [Zuerkennung des Anton
934 1309 2091 1361 berichtet über diese mysteriöse Affaire folgendes: Die Bank
242 1333 918 1389 Wir erhalten folgende Mitteilung:
938 1348 2095 1406 von England erhielt vor einiger Zeit vom Crédit Lyonnais
170 1370 925 1433 fessor Anton Menger einen Betrag
933 1398 2098 1445 in London den Auftrag, sofort fünf Millionen Kronen in
179 1413 925 1473 surch eine Widmung der juristischen Ge¬
937 1439 2102 1491 Sovereigns an die Filiale des Crédit Lyonnais in Alexandrien
194 1454 918 1512 als Preis für eine Arbeit aus der
925 1485 2099 1539 zu senden. Diese enorme Summe wurde am 12. November
172 1481 922 1558 [Rechtsgeschichte. Nachdem diese
934 1524 2091 1579 unter den ganz außerordentlichsten Vorsichtsmaßregeln verpackt
176 1539 919 1600 gen Mangels von Arbeiten, die den Be¬
935 1567 2102 1637 und befördert. In Gegenwart von je zwei Repräsentanten der
181 1583 922 1643 mehrmals erfolglos geblieben war, hat
924 1598 2091 1656 Bank von England und des Crédit Lyonnais wurden die
177 1621 918 1684 richterkollegium, das aus dem Univer¬
930 1649 2082 1703 Goldstücke genau gezählt und dann zu je tausend Stück in
171 1661 917 1713 Adler und H. v. Voltelini als
924 1695 2038 1750 kleine Säckchen gepackt. Fünf solche Säckchen wurden in
191 1713 918 1761 juristischen Professorenkollegiums und
931 1731 2095 1786 eine Kiste getan, so daß die Sendung aus vierzig Kisten mit
200 1743 912 1810 Schwind als Delegierten der Juri¬
925 1781 2099 1834 je 5000 Goldstücken, zusammen 200.000 Pfd. St., bestand.
171 1798 921 1846 kmmengesetzt war, den Preis einstimmig
924 1813 2096 1875 Diese Kistchen sind 40 Zentimeter lang, 25 Zentimeter breit
168 1841 919 1893 ssor Dr. Gustav Turba für seine
926 1867 2088 1922 und 22 Zentimeter tief und bestehen aus außerordentlich
176 1879 919 1944 matische Sanktion mit besonderer Rück¬
933 1906 2093 1968 starkem, drei Zentimeter dickem Holz. Außerdem sind die
163 1915 916 1996 er Stephanskrone" und „Die Grund¬
930 1954 2085 2013 Kisten mit starken neuen Eisenbändern versehen und so sorg¬
173 1956 647 2039 en Sanktion“ zuerkannt.
926 1989 2093 2055 fältig genagelt, daß es großer Anstrengungen bedarf, um sie
177 2006 921 2077 der Hausfrauen gegen die
928 2032 2091 2091 zu öffnen. Ganz ausgeschlossen ist es, sie zu öffnen, ohne
166 2069 916 2133 eredte Wortführerin im Kampfe der Haus¬
927 2080 2099 2133 daß man dies sofort sehen würde. Der Deckel wird nicht nur
163 2117 918 2164 egen die Teuerung, Frau Helene Gra¬
173 2159 926 2209 rin einer sehr wirkungsvollen Streitschrift,
931 2160 2098 2219 geschraubt, und der Kopf jeder Schraube und jedes Nagels
163 2196 921 2245 iener Mode“ erscheinend, eben im vierten
938 2210 2091 2260 wurde in der üblichen Weise mit einem Wachssiegel bedeckt,
171 2241 912 2289 tlichkeit gelangt. In übersichtlicher Weise
925 2244 2102 2294 die abwechselnd die Stampiglie der Bank von England und
165 2261 915 2339 leichsbildern unterstützt, wird hier auf
932 2288 2094 2353 des Crédit Lyonnais trugen. Unter militärischer Eskorte
167 2313 917 2376 uellenstudien den Ursachen der Teuerung
925 2332 2094 2379 wurden die vierzig Kisten nun am 12. November von London
173 2372 921 2422 nachgegangen, sowie den Folgen der
940 2372 2095 2432 nach dem deutschen Dampfer „Schwalbe“ gebracht und dort in
176 2398 888 2461 „ „„ Mah#nnos. „
930 2420 2092 2462 einem eigens für solche Sendungen bestimmten Raum ver¬
920 2463 2090 2518 sperrt. Dieser Raum liegt direkt unter der Kommandobrücke
924 2504 2086 2557 und wurde ununterbrochen bewacht. Die Tür dieser Kammer
921 2546 2100 2597 hat drei schwere Schlösser. Ein Schlüssel paßt zu zwei der
915 2584 2096 2641 Vorlegeschlösser, ein anderer zum dritten Schloß. Den einen
923 2627 2093 2677 Schlüssel übernahm der Kapitän, den zweiten der erste Offizier.
914 2662 2091 2712 Nach menschlichem Ermessen ist es also vollkommen ausge¬
917 2707 2091 2776 schlossen, daß irgend jemand während der Fahrt der „Schwalbe“
927 2755 2087 2810 mit den Goldkisten in Berührung kommen konnte. Die
922 2808 2091 2858 „Schwalbe“ fuhr nach Bremen, wo die vierzig Kisten wieder
917 2831 2089 2888 unter allen Vorsichtsmaßregeln von deutschen Postbeamten
925 2883 2081 2933 übernommen und per Eisenbahn weiter nach Triest be¬
914 2924 2100 2999 fördert wurden. Vorher wurde jede Kiste genau untersucht
926 2969 2093 3024 und als unversehrt gefüllt und gleich im Gewichte befunden.
912 3010 2086 3074 In Triest wurden die kostbaren Kisten abermals übernommen
923 3053 2092 3120 und wieder mit aller Vorsicht an Bord des Dampfers
922 3102 2089 3153 „Heluan“ gebracht. Am 18. November kamen sie dann an
922 3143 2091 3189 ihrem Bestimmungsort Alexandrien an. Dort wurden sie von
913 3179 2085 3246 Postbeamten und Beamten des Crédit Lyonnais ausgeladen
915 3221 2089 3283 und wieder einzeln untersucht. Die Untersuchung besteht darin,
921 3277 2086 3329 daß jede Kiste genau auf allen Seiten angesehen, die Siegel
920 3326 2090 3373 geprüft und jede Kiste geschüttelt wird. Bei diesem Schütteln
922 3350 2091 3392 entdeckte man nun sofort, daß zwei der Kisten nicht dicht ge¬
920 3389 2087 3452 füllt waren, sondern ihr Inhalt sich lose bewegte. Aeußerlich
918 3429 2090 3499 wiesen auch diese zwei Kisten nicht die geringste Spur irgend
923 3477 2095 3539 einer Manipulation auf und auch ihre vielen Siegel waren
924 3524 2093 3574 absolut intakt. Als man sie aber unter Hinzuziehung von
928 3560 2088 3629 Polizeibeamten öffnete, fand man, daß ihr Inhalt nicht aus
927 3608 2087 3668 Holdstücken, sondern aus je einem Bleistück im Gewichte
930 3638 2087 3697 von 96 Pfund — dem genauen Aequivalent für fünftausend
930 3690 2095 3747 Sovereigns — bestand. Der Crédit Lyonnais in London
925 3735 2089 3785 owohl wie die Bank von England wurden sofort per Kabel
931 3777 2089 3833 erständigt, und die Detektive=Inspektoren John Collison
934 3827 2094 3870 und Leach, die zwei fähigsten Beamten von Scotland
937 3863 2089 3915 Yard, wurden mit dem Fall betraut. Diese Beamten stehen
934 3899 2082 3946 aber ebenso wie ihre alexandrinischen, Triester und Bremer
924 3948 2091 4003 Kollegen vor einem unlösbaren Rätsel und erklären, daß
932 3990 2089 4042 dies das raffinierteste Diebsmanöver sei, das jemals die
922 4029 2094 4098 Polizei beschäftigt habe. Zweifellos war der Diebstahl von
927 4068 1402 4146 langer Hand vorbereitel.
1005 4100 2082 4182 [Ein Zyklon.] Aus Manila wird gemeldet:
1987 4167 2078 4214 Keil
2970 599 3242 675 Seite 13
2170 609 2651 684 20. Novemper 1912
2151 700 3201 781 Artur Schnitzlers Professor Vernhardi“.
2116 743 3268 845 (Vorlesung durch Ferdinand Onno im Ingenieurvereins¬
2585 810 3237 908 lacke.) Wien, 28. Novenber.
2175 886 3259 973 Artur Schnitzlers „Professor Bernhardi“, den ein
2110 936 3272 1017 unbeugsames Machtwort der Zensur von der Wiener
2106 995 3273 1062 Bühne verwiesen hat, mußte heute abends seine Zuflucht
2106 1042 3270 1094 in den Vortragssaal nehmen. Im Festsaale des In¬
2102 1090 3281 1150 genieur= und Architeklenvereines rezitierte ein junger,
2112 1133 3269 1215 sehr begabter Schauspieler, Herr Ferdinand Onno, das
2102 1182 3269 1258 neueste Stück unseres österreichischen Dichters, und aus
2105 1226 3277 1282 dem jubelnden Beisall des vielköpfigen Publikums ver¬
2105 1279 3270 1338 nahm ein feineres Ohr recht deutlich neben dem tiefen
2111 1325 3268 1377 Eindruck, den die erste politische Komödie Schnitzlers bei
2110 1363 3267 1426 den Hörern weckte, und neben der aufrichtigen Verehrung
2114 1417 3278 1478 für den heimischen Poeten den nur allzu begreiflichen
2100 1463 3281 1531 Wunsch, daß die Theaterzensur endlich aus der langen
2105 1509 3272 1571 Reihe unserer ungelösten Fragen ausscheiden möge. Der
2107 1555 3267 1631 Inhalt des „Professor Bernhardi“ war beinahe bis zum
2104 1599 3276 1664 heutigen Abend das Geheimnis eines kleinen Kreises
2104 1646 3275 1695 Wissender geblieben, und das Zensurverbot ist ohne An¬
2100 1693 3274 1748 gabe von Gründen erfolgt. Man hatte nur von ungefähr
2103 1740 3279 1802 vernommen, daß in der Handlung der Komödie die Vor¬
2100 1789 3279 1861 nahme der kirchlichen Zeremonie am Sterbebette eine Rolle
2108 1822 3275 1908 spiele, und desgleichen ebenso unbestimmt gehört, daß
2107 1885 3276 1936 unter den Perionen des Stückes ein Unterrichtsminister
2102 1928 3264 1997 in Amt und Würden figuriert, der gelegentlich „auch
2103 1983 3279 2038 anders kann“ und sich in Ueberzeugungsdingen gegen
2110 2020 3277 2098 Opportunitätsgründe nicht unnachgiebig zeigt. Aus diesen
2101 2071 3275 2130 Andeutungen ergaben sich zwei Hypothesen, was die
2107 2114 3267 2190 Gründe des Zenfurverbotes betrifft. Beide durfte das
2102 2165 3269 2211 Publikum heute im Vortragssaal nachprüfen, und, das
2110 2212 3272 2280 Resultat, zu dem man gelangte, war wohl allgemein eine
2105 2263 3267 2309 Kräftigung der längst gewonnenen Erkenntnis, daß der
2107 2311 3277 2377 Zensurbeirat, der sich übrigens nicht einstimmig gegen
2105 2363 3279 2419 „Professor Bernhardi“ ausgesprochen hat, so gut gemeint
2101 2402 3272 2473 er sein mag, keine Gewähr für eine moderne Handhabung
2106 2446 3268 2518 der Bühnenzensur bi# et, und daß es höchste Zeit ist,
2098 2486 3279 2562 auch die Justiz in Theaterdingen nach heutigen Rechts¬
2109 2541 3272 2611 auffassungen mit dem Instanzenzug bis zum Verwal¬
2092 2579 2676 2651 tungsgerichtshofe zu regeln.
2181 2624 3281 2700 Aus dem weiten Land der Seele hat Artur Schnitzler
2109 2665 3276 2741 sich den Weg zu gesellschaftlichen und politischen Problemen
2100 2739 3267 2803 der Gegenwart oder sagen wir zum mindesten der Mit¬
2104 2785 3271 2852 vergangenheit gebahnt und ein Stück geschrieben, das in
2110 2826 3270 2901 dem Wien um das Jahr 1900 spielt. Vielleicht wird der
2106 2868 3273 2950 aufmerksame Hörer oder Leser sich mitunter sagen, daß
2103 2917 3261 2986 der Dichter, der die Handlung des „Professor Bernhardi“
2099 2971 3282 3036 etwa um ein halbes Menschenalter zurückdatiert, noch ge¬
2094 3013 3271 3081 trost eine weitere Hälfte hätte daraufgeben können; denn
2095 3063 3267 3125 es will einen glücklicherweise dünken, als sei die Flut,
2095 3112 3271 3169 deren verheerende Wirkung auf die Wiener Oeffentlichkeit
2099 3153 3278 3210 Artur Schnitzler darstellt, bereits ein wenig zurückgeebbt.
2094 3204 3277 3257 Von nicht geringem Reize ist es freilich, daß Artur
2104 3250 3278 3316 Schnitzler auf dieser seiner erfreulichen Flucht in die
2105 3295 3272 3362 Oeffentlichkeit unserer Tage an die Jugenderinnerungen
2097 3339 3276 3406 des Vaterhauses anknüpft, und älteren Wienern wird bei
2101 3384 3297 3458 der Lektüre des Professor Bernhardi“ die Gestalt des
2094 3438 3270 3487 Vaters des Dichters, des unvergessenen Arztes und
2104 3482 3276 3536 Menschenfreundes, des Mitbegründers der Wiener Poli¬
2104 3533 3274 3603 klinik, vor das geistige Auge treten. Seiner österreichischen
2099 3581 3268 3624 Historie des jungen Medardus hat Artur Schnitzler nun
2102 3621 3269 3688 die österreichische Komödie folgen lassen oder wenigstens
2097 3680 3264 3732 den Ansatz dazu; denn Professor Bernhardi gesteht selbst
2098 3713 3268 3782 zu, daß das, was er innerlich erlebte, ihm schließlich nicht
2106 3765 3271 3817 mehr österreichische Politik oder Politik überhaupt war,
2092 3805 3264 3869 sondern daß es sich ihm allmählich um allgemeine ethische
2105 3867 3272 3931 Dinge handelte, um Verantwortung und Offenbarung und
2105 3908 3156 3965 im letzten Sinne um die Frage der Willensfreiheit.
2186 3933 3270 4006 Artur Schnitzler hat diesmal ein durchaus männ¬
2099 3989 3266 4058 liches Stück geschrieben. Nicht nur in dem Sinne, daß
2107 4042 3267 4106 „Professor Bernhardi“ die entschiedene Abkehr von allen
2096 4103 3277 4155 erotischen Fragen bedeutet und daß von den zwei Dutzend
2097 4136 3280 4199 handeinden Personen, die der Theaterzettel aufweist, nur
