3392 4352
232 123 1455 257 25. ProfessenBernhandi
1594 162 2058 260 box 31/5
1396 814 1889 916 HXTRAOT FROM
1363 902 1916 1001 SATURDAY REVIEW,
1178 991 2072 1079 9, King Street, Covent Garden, W.C.2
1584 1061 2002 1157 2 4 J0L 1956
1150 1093 1336 1179 Date-
1876 1178 1982 1258 —
1168 1289 2045 1407 THEATRE NOTES
1039 1421 1550 1500 * Professor Bernhardi“
1759 1445 2185 1521 Embassy Theatre
1328 1523 1858 1604 By Arthur Schnitzler.
1032 1607 2171 1688 NCHNITZLER’S“ Professor Bernhardi'' raises
1025 1672 1128 1741 5
1169 1672 2177 1743 the question of whether a doctor has the
1174 1723 2173 1794 right to forbid a priest to administerthe last
1036 1763 2171 1840 sacrament to a dying patient on the grounds that
1033 1814 2175 1882 the knowledge that she is in ertremis will hasten
1033 1867 2177 1954 her end. The arguments for both sides are stated
1029 1917 2167 1992 clearly and without undue bias, though the main
1028 1973 2170 2027 point is somewhat obscured by introducing the
1031 2015 2170 2094 religious conflict between the Roman Catholic
1033 2075 2151 2156 priest and the Jewish doctor. As it is, the play,
1027 2114 2163 2204 though interesting, loses force by allowing the
1033 2171 2163 2240 doctor to be thrust into prison, not for his prin¬
1021 2215 2176 2297 ciples as a doctor but because his adherence to
1022 2269 2166 2364 them cuts across the religions beliefs of the people
1016 2326 1696 2387 among whom he is working.
1070 2399 2158 2492 The play is admirably produced by Heinrich
1011 2449 2159 2526 Schnitzler, and Louis Borell and Ronald Adam
1010 2505 2161 2583 have made an excellent translation from the
1008 2564 2152 2647 original. Abraham Sofaer, as Professor Bern¬
1017 2609 2156 2686 hardi, might perhaps have been a little less
1018 2660 2148 2739 restrained at times but was magnificent in his
1021 2716 2153 2797 vehement adherence to the professor’s principles,
1015 2765 2144 2849 while Max Adrian was admirable as a vounger
1010 2800 2154 2893 enthusiastic believer in Bernhardi. Noel Howlett,
1006 2866 2147 2945 too, as Professor Filitz, gave a very sound inter¬
1010 2906 2145 2984 pretation of a stilted and small-minded social
1004 2962 2141 3046 climber in the ranks of the medical profession, and
1007 3005 2143 3091 Simon Dale was admirably sincere in his charac¬
1000 3055 2141 3144 terisation of Bernhardi'’s chief protagonist, Eben¬
1000 3112 2131 3177 wald. Some of the smaller parts were particularly
1005 3169 2136 3245 well-acted, notably that of Dr. Feuermann (Peter
1006 3217 2145 3295 Ashmore). I have watched Mr. Ashmore’s work
999 3267 2147 3350 go from strength to strength during the last three#
1005 3323 2133 3395 vears and would like to see him given his chance
996 3356 2134 3447 in the West End. Ronald Adam was excellent as
991 3419 2138 3497 Dr. Flint, and there was also a first-rate perform¬
978 3478 2085 3556 ance by Alan Wheatley as Councillor Winkler.
