3344 4352
1600 112 2056 217 box 31/3
234 119 1534 239 25. Professor Bernhandi
1979 634 2569 755 r en
2440 695 2626 780 Nr 24
1689 764 2745 864 Kerter, und da er aus der Hast entlassn wicd,
1700 841 2745 909 bezichtigt sich die Krankenschwester selbst des
1699 892 2744 972 Meineides und er erfährt nun, daß seine Ver¬
1696 935 2742 1013 urteilung bloß durch falsche Zeugenaussagen er¬
1704 987 2758 1061 folgen konnte. Tief empört, verzichtet er energisch
1701 1043 2744 1123 auf die Wiederaufnahme des ihm jedenfalls den
1698 1091 2757 1161 Freispruch verheißenden neuerlichen Gerichtsver¬
1696 1139 2737 1217 fahrens und mit der Aussicht auf die durch ei¬
1700 1191 2730 1260 nen plötzlichen Gesinnungsumschwung sich vor¬
1695 1234 2743 1301 bereitende Rehabilitierung des Titelhelden schließt
1698 1284 2730 1345 das literarisch hochwertige Stück, welches ne¬
1692 1317 2724 1410 sechzehn Männerrollen nur eine kurze Frau¬
868 1332 1448 1440 Bruxer Stadttheater.
1696 1386 2731 1459 enrolle (die Krankenschwester im 1. Akte) enthält.
758 1415 1670 1491 „Professor Bernhardyf, Komödie in 5
1689 1441 2724 1501 Das prächtige Stück Schnitzlers, wohl das ge¬
628 1462 1680 1527 Akten. (Benefiz Feldmax.) Dem Ehrenabend
1685 1483 2735 1550 lungenste Werk des Dichters, übte auf das Publi¬
630 1517 1677 1577 unseres rührigen und belisbten Oberspielleiters
1690 1525 2738 1603 kum, welches sowohl dem Stücke, als auch dem
623 1573 1671 1642 Herrn Emil Feldmar blieh es vorbehalten, uns
1679 1584 2739 1642 verdienten Oberspielleiter zuliebe, an seinem Be¬
626 1622 1681 1672 im Brüxer Stadttheater zum erstenmale wohl
1680 1637 2728 1700 nefizabende das Haus füllte, eine mächtige Wir¬
631 1671 1668 1729 mit einer der besten Arbeiten Artur Schnitzlers
1688 1683 2733 1746 kung, in deren Mittelpunkt der Benefiziant un¬
618 1714 2728 1803 bekanntzumachen. Als die Schnitler=Komödie im ter einem Sturm von Beifall und zahllosen Eh¬
630 1771 1664 1838 Jahre 1912 auf dem dramätischen Himmel er¬
1680 1778 2727 1837 rengaben stand. Immer und immer wieder wur¬
631 1817 1665 1877 schien da wurde sie sowohl von der Intendanz
1680 1833 2725 1896 de Herr Feldmar gerufen. Unter seinen Mit¬
627 1872 1672 1916 des Wiener Burgtheaters abgelehnt, als auch
1690 1877 2727 1948 spielenden machte ihn besonders Herr Storm
616 1915 1660 1963 deren Aufführung am Volkstheater von der nie¬
1683 1932 2718 2003 in der Rolle des Seelsorgers durch eine glän¬
616 1961 1674 2031 derösterreichischen Statthalterei verboten, so daß
1682 1979 2717 2037 zende Sprache die Palme des Abends so strit¬
620 2017 1662 2075 sie ihre Uraufführung in Berlin erleben mußte,
1679 2025 2721 2096 tig, daß er sich im 4. Akte, wo der Priester
621 2066 1668 2121 während deren Inhalt in Oesterreich, zunächst in
1666 2065 2721 2144 bei dem aus dem Gefängnis in sein Heim zu¬
624 2113 1661 2161 Wien und Prag nur durch Vorlesungen (veran¬
1669 2111 2728 2197 rückkehrenden Professor erscheint, um sich mit
625 2156 1664 2216 staltet durch Ferdinand Onno), bloß einem gela¬
1680 2166 2730 2248 ihm ehrlich und mannhaft auszusprechen, einen
619 2214 1656 2268 denen Publikum bekannt werden konnte, welche
1689 2221 2714 2289 stürmischen Sonderbeifall bei offener Szene hol¬
624 2263 1666 2318 Vorlesungen damals sowohl eine literarische Sen¬
1680 2272 2725 2330 te. Diese Szene, in der die beiden Vertreter der
624 2310 1656 2362 sation als auch einen flammenden Protest gegen
1675 2323 2715 2389 entgegengesetzten Weltanschauungen ihr Rede¬
623 2361 1652 2407 die völlig klerikalisierte österreichische Zensur bil¬
1665 2373 2710 2436 duell ausfechten, ist wohl die packendste des gan¬
615 2408 1655 2463 deten. Das Aufführungsverbot war nach den da¬
1675 2424 2721 2487 zen Stückes und überragte wohl an literarischem
616 2454 1655 2507 maligen Ansichtspunkten kein Wunder. Behan¬
1673 2462 2716 2534 Wert noch jene des 3. Aktes, wo es zum hoch¬
613 2508 1652 2552 delt doch das Stück den Kampf zwischen Wissen¬
1667 2514 2725 2565 dramatischen Konflikt und Bruch in der von
626 2553 1663 2607 schaft und Religion. Auf der Klinik des Professors
1676 2561 2716 2633 Bernhardy geleiteten Aerzteversammlung kommt.
622 2605 1654 2667 Bernhardy liegt ein 18jähriges Mädchen an den
1661 2614 2719 2693 Von diesen ärztlichen Spezialitäten des Stückes
617 2640 1654 2708 Folgen eines verbotenen Eingriffes, dem Tode
1658 2667 2708 2733 waren die einzelnen Mitglieder unseres Schau¬
613 2705 1655 2760 geweiht. Sie hält sich für gesundet, trotzdem ihr
1668 2705 2714 2780 spiels, ergänzt durch die Operette, jeder nach sei¬
608 2741 1666 2808 Leben nur noch nach Stunden zählt. Infolge
1662 2766 2720 2841 nem Fach eine Spezialität in ihrer darstellerischen
617 2795 1664 2875 der vor der Auflösung eingetretenen Afforie
1663 2812 2716 2873 Leistung, voran Herr Erban als Vizedirektor¬
617 2849 1656 2919 (Schmerzlosigkeit und Erleichterung) ist die Ar¬
1670 2849 2715 2930 Intriguant, dann insbesondere die Herren Ro¬
616 2903 1659 2963 me von dem süßen Wahn befangen, es müsse
1666 2913 2714 2983 wak als Prof. Cyprian, Weber als Pflug¬
617 2947 1648 3009 in den nächsten Stunden der Liebste kommen.
1667 2964 2718 3028 felder, Becker als Dr. Löwenstein, Liberte
604 2997 1647 3061 um sie wieder ins Glück und Leben abzuholen.
1671 3009 2716 3083 als Exzellenz Flint, Diegel als Dr. Tugend¬
613 3042 1661 3114 Da erscheint der Priester, um die Sterbende
1672 3063 2712 3142 vetter, Hans Nordek als Hochroitzpointner, und
614 3086 1643 3143 mit den Sterbesakramenten zu versehen. Pro¬
1659 3108 2724 3183 treffend wirkend Herr Bauer als sarkastischer,
614 3135 1652 3215 fessor Bernhardy verweigert dem Priester den
1660 3138 2703 3231 jovialer Hofrat. In den kleineren Rollen stan¬
607 3190 1644 3247 Zutritt zum Sterbebett, um sie aus rein mensch¬
1659 3207 2707 3276 den Frl. Werner, sowie die Herren Beck¬
603 3239 1646 3307 lichem Mitgefühl in Unkenntnis über ihren Zu¬
1659 3249 2704 3328 mann, Trojan, Waldow, Baß und Geiß¬
614 3291 1643 3341 stand der Auflösung zu lassen und betont, es
1663 3308 2708 3385 ler gut auf ihren Posten. Nur das Zusammen¬
603 3338 1655 3408 sei kein gutes, ja sogar auch kein gottgefälliges
1664 3354 2243 3429 spiel muß besser klappen.
2543 3360 2652 3448 Hj.
599 3387 1652 3429 Werk, wolle man sie aus ihrem letzten, süßen
2055 3388 2335 3463 Spielplan.
604 3431 1657 3506 Wahn erwecken. Die Menschenpflicht des Arztes
1750 3434 2706 3529 Montag, den 23. Feber: Professor Bern¬
593 3488 1643 3553 und die Priesterpflicht des Geistlichen geraten
1660 3489 1856 3571 hardy.“
600 3521 1661 3602 da in einen schweren Konflikt, der für Professor
1757 3522 2708 3630 Dienstag, den 24. Feber: „Im weißen
607 3586 1652 3648 Bernhardy insoferne schwere tragische Folgen zei¬
1669 3591 1851 3664 Rößel.“
610 3627 1652 3690 tigt, als er unter Mitspielen anderer ehrloser
1766 3626 2705 3730 Mittwoch, den 25. Feber: „Die Kinoköni¬
605 3687 1652 3742 Intriguen seitens einiger seiner Kollegen an dem
1661 3680 1781 3768 gin.“
611 3737 1654 3796 Elisabethinum, dessen Vorstand er ist, um die
1753 3714 2731 3835 Donnerstag, den 26. Feber: „Im weißen
603 3774 1651 3853 Stelle gebracht, ja sogar wegen Störung der
1664 3775 1848 3855 Rößel.“
602 3823 1662 3899 Religion angeklagt, und zu zwei Monaten Arrest
1756 3813 2723 3917 Freitag, den 27. Feber: „Die tanzende
596 3874 1855 3946 verurteilt wird. Dr. Bernhardy wandert in den Maske.“
702 3955 1293 4022 mG###to ein hltara#
