3344 4352
644 183 701 237 6
705 163 859 237 S S 0
1581 173 1924 259 box 31
222 177 1450 274 25 P Bernad
1746 1217 2357 1307 Weltspiegel=Anzeigen
1110 1355 3063 1503 Die 3 grössten Erfolge der Berliner Theater-Saison:
1123 1480 3072 1589 „Professor Bernhardi“, Komödie von Arthur Schnitzler, im Residenz-Theater.
701 1527 918 1633 8
1217 1553 2958 1636 „Die Unmoralischen“, 100. Aufführung im Kleinen Theater.
1219 1621 2961 1717 „Lissi, die Kokotte“, 200. Aufführung im Trianon-Theater.
1794 2000 1887 2085 85
1820 2092 2068 2191 ##e
1883 2290 1955 2361 2
3127 2314 3327 2397 iu dem 24
606 2330 920 2392 Martin Kettner
3222 2369 3315 2426 „D
437 2365 1062 2427 als Bankdirektor Meyer in dem Sen¬
438 2396 1081 2470 sutionserfolg des Trianon-Thruters
3138 2404 3317 2475 Carola
546 2436 961 2492 „Lissi, die Kokotte“.
3182 2460 3322 2516 erliner
426 2468 1083 2535 Martin Kettner, der geniale
3225 2504 3318 2554 its
435 2531 1074 2585 Komiker des Trianon-Theaters, ent¬
3253 2535 3325 2605 n
434 2567 1084 2629 zuckt bereits übr 200 Male mit
3261 2581 3321 2632 U
442 2613 1089 2667 seiner hervorragenden Leistung
1703 2601 1776 2674 1
427 2639 1077 2713 als Bankdirektor Meyer das aus¬
438 2683 1088 2750 verkaufte Haus bei „Lissi, die
440 2725 1094 2796 Kokotte“ und versetzt es in
545 2771 996 2840 stürmische Heiterkeit.
754 2799 1075 2867 Hunna Eikan #hot.
440 2863 1090 2945 „Professor Bernhardi“
443 2925 1078 2991 Schnitzlers Komödie im
498 2982 1030 3051 Residenz-Theater.
483 3019 1086 3091 Arthur Schnitzlers Komödie
451 3080 1091 3138 „Professor Bernhardi“ hat in der
437 3110 1088 3174 mit Spannung erwärteten Neu¬
1089 3093 3129 3192 Berlins neuer großer Theatererfolg:# Professor Bernuardie Komödie v. Arthur Schnitzler im Residenz-Theater
2737 3151 3137 3215 Zander  Labisch phot.
444 3140 1073 3207 einstudierung des Berliner Resi¬
1762 3174 2472 3232 Die große Konferenz-Szene des 3. Abtes.
440 3198 1087 3254 denz-Theaters einen sensationellen
1096 3185 3130 3277 Von linke nach rechts: Dr. Ebenwald, P’rolessor für Chirurgie (R. Klein Rhoden). Dr. Adler, Dozent für pathologische
448 3232 1091 3300 Erfolg davongetragen. Der Beifall
1525 3230 3138 3305 Dr. Wenger (Tlarrs Moss). Dr. Schreimann, Dozent für Halskrankheiten (Carl Kahlmann),
1099 3263 1527 3312 Anatomie (0sto Weber)
443 3279 843 3347 #uchs zum Orkan.
1088 3268 3147 3354 Dr. Bernhardi, Professor für innere Medizin (Heinz Salfner), Dr. Cyprian, P’rofessor für Nervenkrankheiten
495 3290 1098 3369 Mit allen seinen dichterischen
1471 3304 3123 3378 r. Löwenstern Dezent fur Kinderkrankheien (Eilmund 1.öwe). Dr. P'flugfelder, Prof. für Augen¬
1108 3342 1433 3386 (Maximilian Wolff),
1103 3334 3130 3434 krankheiten (Joset Klein), Hochrock pointner (Max du Ménil), Dr. Filitz, Prof. für Frauenkrankheiten (Wilhelm Chandon).
451 3346 1083 3411 Vorzügen ist., Professor Bernbardi“
3181 3365 3329 3448 lmnne
434 3389 1087 3441 anerkannt das dramatische Meister¬
446 3430 1096 3494 werk Arthur Schnitzlers. Nur ein
443 3431 3333 3542 grosser Dramatiker wic er konnte ein so gehaltvolles, psychor so aktuelle Thema des Antisemitismus in akademischen Beifallsstürme Heinz Salfner, Hein
2671 3465 3332 3525 Else Wasa, Rudolf Klein-Rhoder
1559 3490 2462 3554 Kreisen in seiner Komödie zu charakterisieren.
450 3503 1561 3571 logisch bewundernswertes und spannendes Bühnenwerk
2683 3519 3340 3583 wirkenden samt dem Regisseur
1604 3507 2679 3592 Geistvolle Kontraste bannen Gefuhl und Verstand des Hörers
453 3546 1556 3611 schaffen. Selbst Mediziner, griff er hinein ins volle Menschen¬
2650 3548 3326 3627 Das Residenz-Theater hat einen
1560 3579 2673 3633 und geben dem. dankbaren Zuschauer gegoscs. Geniessen.
450 3594 1563 3655 leben, und wo er’s packte, wurd es interessant. Bewunderns¬
2928 3588 3326 3688 I un mop V OlIe.
3081 3625 3335 3696 ichen ha
458 3621 1557 3687 wert weiss Arthur Schnitzler seinen Helden im Kampf und
2180 3577 2445 3700 AlM.
1672 3622 1810 3705 12
1815 3624 2112 3703 SVlil —
452 3672 1448 3733 Sieg mit Welt und Umwelt und das so schwierige
