<?xml version="1.0" encoding="UTF-8" standalone="yes"?>
<PcGts xmlns="http://schema.primaresearch.org/PAGE/gts/pagecontent/2013-07-15" xmlns:xsi="http://www.w3.org/2001/XMLSchema-instance" xsi:schemaLocation="http://schema.primaresearch.org/PAGE/gts/pagecontent/2013-07-15 http://schema.primaresearch.org/PAGE/gts/pagecontent/2013-07-15/pagecontent.xsd">
    <Metadata>
        <Creator>prov=University of Rostock/Institute of Mathematics/CITlab/Gundram Leifert/gundram.leifert@uni-rostock.de:name=ONB_Newseye_GT_M1+(htr_id=10810)::::v=2.4.2
prov=University of Rostock/Institute of Mathematics/CITlab/Tobias Gruening/tobias.gruening@uni-rostock.de:name=de.uros.citlab.module.baseline2polygon.B2PSeamMultiOriented:v=2.4.2
prov=University of Rostock/Institute of Mathematics/CITlab/Tobias Gruening/tobias.gruening@uni-rostock.de:name=/mnt/transkribus/LA/DEA/URO/LA_news_onb_att.pb:de.uros.citlab.segmentation.CITlab_LA_ML:v=2.4.2
Transkribus</Creator>
        <Created>2019-10-07T11:13:13.143+02:00</Created>
        <LastChange>2019-10-08T00:37:40.470+02:00</LastChange>
        <TranskribusMetadata docId="223963" pageId="9496017" pageNr="303" tsid="16492430" status="IN_PROGRESS" userId="40391" imgUrl="https://files.transkribus.eu/Get?id=FTFADGHJQKVGXDKHRBEDXYTU&amp;fileType=view" xmlUrl="https://files.transkribus.eu/Get?id=QYJDMRIHCRIFUHRUEWVEZIFV" imageId="6186244"/>
    </Metadata>
    <Page imageFilename="223963_0303.jpeg" imageWidth="3344" imageHeight="4352">
        <ReadingOrder>
            <OrderedGroup id="ro_1711442503698" caption="Regions reading order">
                <RegionRefIndexed index="0" regionRef="r1"/>
            </OrderedGroup>
        </ReadingOrder>
        <TextRegion orientation="0.0" id="r1" custom="readingOrder {index:0;}">
            <Coords points="135,203 135,3503 3047,3503 3047,203"/>
            <TextLine id="r1l1" custom="readingOrder {index:0;}">
                <Coords points="1602,246 1657,262 1735,245 1818,261 1836,242 1861,261 1889,249 1929,265 2040,260 2077,251 2078,195 1976,179 1803,199 1769,177 1711,176 1602,194"/>
                <Baseline points="1617,239 1643,238 1669,237 1695,237 1721,237 1747,237 1774,238 1800,238 1826,239 1852,240 1878,241 1904,241 1931,241 1957,242 1983,241 2009,240 2035,240 2062,238"/>
                <TextEquiv>
                    <Unicode>box 30/4</Unicode>
                </TextEquiv>
            </TextLine>
            <TextLine id="r1l2" custom="readingOrder {index:1;}">
                <Coords points="251,243 1416,275 1472,270 1474,196 252,166"/>
                <Baseline points="266,223 325,229 385,234 444,239 504,242 563,245 623,248 682,250 742,251 801,252 861,253 921,253 980,254 1040,254 1099,254 1159,255 1218,255 1278,255 1337,256 1397,257 1457,259"/>
                <TextEquiv>
                    <Unicode>25. Professer Bernhandi</Unicode>
                </TextEquiv>
            </TextLine>
            <TextLine id="r1l3" custom="readingOrder {index:2;}">
                <Coords points="556,1257 1472,1242 1724,1222 1724,1188 555,1211"/>
                <Baseline points="570,1245 629,1244 689,1243 749,1242 809,1241 869,1240 929,1239 989,1238 1049,1237 1109,1236 1169,1235 1229,1234 1289,1233 1349,1232 1409,1230 1469,1228 1529,1227 1589,1225 1649,1223 1709,1221"/>
                <TextEquiv>
                    <Unicode>Dies muß man festhalten, um zu verstehen, warum</Unicode>
                </TextEquiv>
            </TextLine>
            <TextLine id="r1l4" custom="readingOrder {index:3;}">
                <Coords points="169,1256 271,1267 314,1263 342,1244 370,1262 428,1261 447,1242 462,1242 462,1214 169,1222"/>
                <Baseline points="184,1254 210,1253 236,1253 262,1252 288,1252 315,1251 341,1250 367,1250 393,1250 419,1250 446,1250"/>
                <TextEquiv>
                    <Unicode>nachher mit</Unicode>
                </TextEquiv>
            </TextLine>
            <TextLine id="r1l5" custom="readingOrder {index:4;}">
                <Coords points="2337,1291 2491,1292 2528,1257 2571,1256 2689,1288 3019,1276 3017,1205 2965,1191 2922,1216 2678,1221 2635,1194 2475,1234 2434,1213 2336,1227"/>
                <Baseline points="2351,1268 2383,1264 2416,1262 2448,1259 2481,1257 2513,1255 2546,1254 2578,1253 2611,1252 2643,1251 2676,1251 2709,1251 2741,1251 2774,1251 2806,1251 2839,1251 2871,1252 2904,1252 2936,1252 2969,1252 3002,1252"/>
                <TextEquiv>
                    <Unicode>K </Unicode>
                </TextEquiv>
            </TextLine>
            <TextLine id="r1l6" custom="readingOrder {index:5;}">
                <Coords points="2002,1265 2276,1257 2275,1223 2232,1206 2217,1222 2189,1210 2165,1233 2149,1221 2112,1228 2065,1214 2041,1240 2001,1235"/>
                <Baseline points="2017,1264 2044,1263 2071,1262 2098,1262 2125,1262 2153,1261 2180,1260 2207,1260 2234,1257 2262,1254"/>
                <TextEquiv>
                    <Unicode>Grabentdrsa) det</Unicode>
                </TextEquiv>
            </TextLine>
            <TextLine id="r1l7" custom="readingOrder {index:6;}">
                <Coords points="2528,1261 2608,1259 2608,1288 2528,1290"/>
                <Baseline points="2528,1264 2554,1262 2581,1263 2608,1262"/>
                <TextEquiv>
                    <Unicode></Unicode>
                </TextEquiv>
            </TextLine>
            <TextLine id="r1l8" custom="readingOrder {index:7;}">
                <Coords points="2166,1300 2320,1294 2318,1232 2296,1230 2272,1240 2260,1253 2164,1257"/>
                <Baseline points="2181,1275 2212,1272 2243,1271 2274,1271 2305,1269"/>
                <TextEquiv>
                    <Unicode></Unicode>
                </TextEquiv>
            </TextLine>
            <TextLine id="r1l9" custom="readingOrder {index:8;}">
                <Coords points="485,1296 1882,1266 1776,1212 484,1240"/>
                <Baseline points="501,1286 569,1287 637,1286 705,1286 774,1285 842,1283 910,1282 978,1280 1047,1278 1115,1276 1183,1274 1251,1272 1320,1270 1388,1269 1456,1267 1524,1266 1593,1266 1661,1266 1729,1266 1797,1267 1866,1269"/>
                <TextEquiv>
                    <Unicode>Schnitzler mit dem zweiten Akt scheinbar ein ganz neues Stück galen.</Unicode>
                </TextEquiv>
            </TextLine>
            <TextLine id="r1l10" custom="readingOrder {index:9;}">
                <Coords points="1719,1307 2102,1306 2123,1302 2122,1259 2045,1262 2006,1226 1963,1221 1889,1224 1826,1266 1717,1264"/>
                <Baseline points="1735,1291 1761,1291 1788,1290 1814,1290 1841,1288 1867,1287 1894,1287 1920,1285 1947,1284 1973,1283 2000,1282 2026,1281 2053,1281 2079,1280 2106,1280"/>
                <TextEquiv>
                    <Unicode>aeenem</Unicode>
                </TextEquiv>
            </TextLine>
            <TextLine id="r1l11" custom="readingOrder {index:10;}">
                <Coords points="134,1289 169,1307 236,1308 273,1288 301,1312 323,1296 452,1301 451,1252 408,1253 395,1241 352,1252 309,1241 297,1254 232,1252 198,1263 158,1248 133,1255"/>
                <Baseline points="149,1294 175,1294 201,1294 227,1293 253,1293 279,1292 306,1291 332,1291 358,1289 384,1289 410,1287 437,1285"/>
                <TextEquiv>
                    <Unicode>Gefänqnis be¬</Unicode>
                </TextEquiv>
            </TextLine>
            <TextLine id="r1l12" custom="readingOrder {index:11;}">
                <Coords points="488,1334 1738,1319 1737,1264 1594,1255 488,1300"/>
                <Baseline points="504,1330 564,1328 625,1327 686,1326 747,1324 808,1323 869,1322 930,1321 991,1320 1052,1318 1113,1317 1173,1316 1234,1315 1295,1313 1356,1311 1417,1310 1478,1308 1539,1306 1600,1303 1661,1301 1722,1299"/>
                <TextEquiv>
                    <Unicode>anfängt. Der Konflikt zwischen Bernhardi und dem Pfarrer</Unicode>
                </TextEquiv>
            </TextLine>
            <TextLine id="r1l13" custom="readingOrder {index:12;}">
                <Coords points="1726,1352 2892,1329 2981,1320 2980,1271 1725,1303"/>
                <Baseline points="1741,1348 1802,1347 1863,1346 1924,1345 1986,1344 2047,1342 2108,1340 2170,1339 2231,1337 2292,1335 2354,1333 2415,1330 2476,1328 2537,1327 2599,1324 2660,1322 2721,1320 2783,1319 2844,1317 2905,1315 2967,1314"/>
                <TextEquiv>
                    <Unicode>sprochen. Für und wider gesprochen, und dahinter steht immer</Unicode>
                </TextEquiv>
            </TextLine>
            <TextLine id="r1l14" custom="readingOrder {index:13;}">
                <Coords points="145,1353 191,1339 222,1348 237,1335 272,1349 305,1332 460,1346 458,1287 414,1285 363,1306 331,1297 295,1308 276,1290 236,1310 143,1301"/>
                <Baseline points="159,1336 185,1336 211,1336 237,1335 263,1334 289,1333 315,1332 341,1331 367,1330 393,1329 419,1328 445,1328"/>
                <TextEquiv>
                    <Unicode>hung ab, in die</Unicode>
                </TextEquiv>
            </TextLine>
            <TextLine id="r1l15" custom="readingOrder {index:14;}">
                <Coords points="481,1372 1724,1351 1723,1314 1553,1299 480,1335"/>
                <Baseline points="495,1369 555,1368 616,1366 676,1365 737,1364 798,1362 858,1361 919,1360 979,1360 1040,1359 1101,1358 1161,1356 1222,1355 1282,1354 1343,1353 1404,1351 1464,1349 1525,1347 1585,1345 1646,1341 1707,1339"/>
                <TextEquiv>
                    <Unicode>kann, da die beiden nicht auf einer wüsten Insel, sondern im</Unicode>
                </TextEquiv>
            </TextLine>
            <TextLine id="r1l16" custom="readingOrder {index:15;}">
                <Coords points="151,1374 225,1387 271,1369 315,1386 330,1376 389,1383 437,1366 465,1371 464,1334 232,1331 217,1347 196,1338 150,1346"/>
                <Baseline points="167,1374 192,1374 218,1374 244,1374 270,1373 296,1373 321,1371 347,1370 373,1369 399,1367 425,1365 451,1362"/>
                <TextEquiv>
                    <Unicode>einer Wieder¬</Unicode>
                </TextEquiv>
            </TextLine>
            <TextLine id="r1l17" custom="readingOrder {index:16;}">
                <Coords points="1725,1404 2955,1370 2978,1304 1723,1358"/>
                <Baseline points="1739,1391 1800,1390 1861,1388 1922,1387 1984,1385 2045,1383 2106,1381 2167,1379 2229,1376 2290,1374 2351,1372 2412,1370 2474,1368 2535,1365 2596,1364 2657,1362 2719,1360 2780,1358 2841,1357 2902,1355 2964,1354"/>
                <TextEquiv>
                    <Unicode>der Dichter und lächelt ironisch: ihr habt alle Recht oder vielmehr</Unicode>
                </TextEquiv>
            </TextLine>
            <TextLine id="r1l18" custom="readingOrder {index:17;}">
                <Coords points="476,1409 1602,1402 1728,1387 1727,1335 475,1369"/>
                <Baseline points="491,1408 552,1407 613,1406 674,1405 735,1405 796,1404 857,1403 918,1402 979,1401 1040,1400 1101,1399 1162,1398 1223,1396 1284,1395 1345,1393 1406,1391 1467,1390 1528,1387 1589,1384 1650,1382 1711,1378"/>
                <TextEquiv>
                    <Unicode>Weltgetriebe leben, nicht zwischen ihnen allein ausgetragen</Unicode>
                </TextEquiv>
            </TextLine>
            <TextLine id="r1l19" custom="readingOrder {index:18;}">
                <Coords points="144,1427 214,1415 227,1424 236,1414 279,1424 310,1408 363,1430 378,1417 418,1422 439,1406 458,1408 456,1365 420,1379 287,1381 271,1369 225,1387 141,1368"/>
                <Baseline points="158,1416 183,1415 209,1414 235,1413 260,1413 286,1412 312,1411 338,1410 363,1409 389,1407 415,1406 441,1403"/>
                <TextEquiv>
                    <Unicode>daß die Kran¬</Unicode>
                </TextEquiv>
            </TextLine>
            <TextLine id="r1l20" custom="readingOrder {index:19;}">
                <Coords points="1721,1433 2976,1395 2974,1342 2909,1341 1720,1396"/>
                <Baseline points="1735,1434 1796,1432 1857,1430 1918,1427 1979,1426 2041,1423 2102,1421 2163,1419 2224,1417 2285,1415 2347,1413 2408,1411 2469,1409 2530,1407 2591,1405 2653,1403 2714,1401 2775,1399 2836,1397 2897,1395 2959,1393"/>
                <TextEquiv>
                    <Unicode>ihr habt alle Unrecht. Man kann nicht sagen, daß dies Geplau¬</Unicode>
                </TextEquiv>
            </TextLine>
            <TextLine id="r1l21" custom="readingOrder {index:20;}">
                <Coords points="482,1455 1725,1416 1724,1385 1567,1379 481,1418"/>
                <Baseline points="497,1447 557,1447 618,1447 678,1447 739,1446 800,1446 860,1445 921,1443 981,1442 1042,1441 1103,1439 1163,1438 1224,1436 1284,1434 1345,1433 1406,1431 1466,1429 1527,1428 1587,1426 1648,1425 1709,1423"/>
                <TextEquiv>
                    <Unicode>werden, sondern greift auf ihre Umwelt über. Und nun wird</Unicode>
                </TextEquiv>
            </TextLine>
            <TextLine id="r1l22" custom="readingOrder {index:21;}">
                <Coords points="147,1446 212,1468 280,1456 338,1461 363,1450 376,1462 456,1453 454,1407 417,1418 325,1421 306,1409 294,1422 235,1412 146,1421"/>
                <Baseline points="163,1454 188,1454 213,1454 238,1454 264,1454 289,1453 314,1453 339,1452 365,1450 390,1449 415,1446 441,1442"/>
                <TextEquiv>
                    <Unicode>Meineids be¬</Unicode>
                </TextEquiv>
            </TextLine>
            <TextLine id="r1l23" custom="readingOrder {index:22;}">
                <Coords points="1726,1482 2984,1430 2983,1396 2788,1396 1725,1433"/>
                <Baseline points="1740,1473 1801,1472 1863,1470 1924,1469 1986,1467 2047,1465 2109,1463 2170,1461 2232,1460 2293,1457 2355,1455 2416,1453 2478,1451 2539,1450 2601,1447 2662,1445 2724,1443 2785,1441 2847,1439 2908,1437 2970,1435"/>
                <TextEquiv>
                    <Unicode>der an sich langweilig wäre; dazu enthält es zu viel hübsche und</Unicode>
                </TextEquiv>
            </TextLine>
            <TextLine id="r1l24" custom="readingOrder {index:23;}">
                <Coords points="490,1495 1730,1464 1649,1423 489,1458"/>
                <Baseline points="505,1489 565,1489 625,1489 686,1488 746,1487 807,1486 867,1486 928,1485 988,1484 1049,1482 1109,1481 1169,1479 1230,1477 1290,1476 1351,1474 1411,1472 1472,1471 1532,1469 1593,1467 1653,1466 1714,1464"/>
                <TextEquiv>
                    <Unicode>er Nebensache, wird nur Mittel im Parteikampf. Daß das</Unicode>
                </TextEquiv>
            </TextLine>
            <TextLine id="r1l25" custom="readingOrder {index:24;}">
                <Coords points="145,1505 188,1507 204,1519 222,1510 244,1522 302,1499 324,1513 352,1500 376,1512 404,1499 472,1510 471,1451 246,1466 144,1453"/>
                <Baseline points="161,1495 187,1495 214,1494 241,1493 268,1492 295,1491 322,1491 349,1490 376,1490 403,1489 430,1489 457,1488"/>
                <TextEquiv>
                    <Unicode>Er will seinem</Unicode>
                </TextEquiv>
            </TextLine>
            <TextLine id="r1l26" custom="readingOrder {index:25;}">
                <Coords points="1719,1521 2993,1483 2992,1449 2883,1437 1718,1478"/>
                <Baseline points="1736,1517 1798,1514 1860,1512 1922,1509 1984,1507 2046,1504 2108,1503 2170,1501 2232,1499 2294,1497 2356,1496 2418,1494 2480,1492 2542,1491 2604,1488 2666,1486 2728,1484 2790,1482 2852,1479 2914,1476 2976,1473"/>
                <TextEquiv>
                    <Unicode>witzige Vemerkungen. Der Anti=Semit, der auch noch Anti¬</Unicode>
                </TextEquiv>
            </TextLine>
            <TextLine id="r1l27" custom="readingOrder {index:26;}">
                <Coords points="492,1538 1720,1503 1719,1463 1632,1462 491,1495"/>
                <Baseline points="507,1529 566,1529 626,1529 686,1528 746,1528 806,1527 866,1526 925,1525 985,1524 1045,1522 1105,1521 1165,1519 1225,1518 1285,1516 1344,1514 1404,1512 1464,1510 1524,1509 1584,1507 1644,1505 1704,1503"/>
                <TextEquiv>
                    <Unicode>lebens=echt ist, kann man schwerlich bestreiten. Schnitzlers In¬</Unicode>
                </TextEquiv>
            </TextLine>
            <TextLine id="r1l28" custom="readingOrder {index:27;}">
                <Coords points="1730,1554 2992,1538 2959,1471 1729,1520"/>
                <Baseline points="1746,1555 1807,1553 1868,1551 1930,1550 1991,1548 2053,1547 2114,1545 2176,1543 2237,1541 2299,1539 2360,1537 2421,1535 2483,1532 2544,1531 2606,1529 2667,1526 2729,1524 2790,1522 2852,1519 2913,1517 2975,1514"/>
                <TextEquiv>
                    <Unicode>Arier wird, weil er die Menschen als eine im allgemeinen recht</Unicode>
                </TextEquiv>
            </TextLine>
            <TextLine id="r1l29" custom="readingOrder {index:28;}">
                <Coords points="491,1579 1724,1549 1723,1509 1631,1505 490,1535"/>
                <Baseline points="507,1571 567,1570 627,1570 687,1569 747,1568 807,1567 867,1566 927,1566 987,1564 1047,1563 1107,1562 1167,1561 1227,1560 1287,1558 1347,1557 1407,1555 1467,1553 1527,1551 1587,1549 1647,1546 1708,1544"/>
                <TextEquiv>
                    <Unicode>stinkt hat ihn hier ganz richtig geführt. Schade nur, daß er</Unicode>
                </TextEquiv>
            </TextLine>
            <TextLine id="r1l30" custom="readingOrder {index:29;}">
                <Coords points="1732,1600 2993,1552 2970,1509 1731,1554"/>
                <Baseline points="1746,1596 1807,1594 1869,1593 1930,1591 1992,1589 2054,1587 2115,1585 2177,1583 2239,1581 2300,1579 2362,1577 2424,1575 2485,1573 2547,1571 2609,1569 2670,1567 2732,1566 2794,1564 2855,1562 2917,1560 2979,1559"/>
                <TextEquiv>
                    <Unicode>mangelhafte Gesellschaft erkannt hat, ist z. B. eine Erfindung,</Unicode>
                </TextEquiv>
            </TextLine>
            <TextLine id="r1l31" custom="readingOrder {index:30;}">
                <Coords points="366,1588 400,1591 427,1590 433,1586 443,1589 446,1586 464,1589 463,1546 445,1543 439,1549 426,1540 407,1541 392,1526 364,1524"/>
                <Baseline points="380,1582 414,1579 448,1580"/>
                <TextEquiv>
                    <Unicode>der</Unicode>
                </TextEquiv>
            </TextLine>
            <TextLine id="r1l32" custom="readingOrder {index:31;}">
                <Coords points="148,1604 176,1601 207,1589 238,1592 238,1539 219,1536 216,1539 210,1533 197,1543 185,1533 173,1539 164,1530 148,1530"/>
                <Baseline points="164,1583 193,1584 222,1583"/>
                <TextEquiv>
                    <Unicode>den</Unicode>
                </TextEquiv>
            </TextLine>
            <TextLine id="r1l33" custom="readingOrder {index:32;}">
                <Coords points="488,1624 1727,1590 1708,1544 487,1575"/>
                <Baseline points="503,1613 563,1612 623,1611 684,1610 744,1609 805,1608 865,1607 925,1606 986,1605 1046,1604 1107,1602 1167,1600 1227,1599 1288,1598 1348,1596 1409,1595 1469,1593 1529,1591 1590,1589 1650,1587 1711,1584"/>
                <TextEquiv>
                    <Unicode>selbst zu sehr außerhalb des Parteigetriebes lebt, um das, was</Unicode>
                </TextEquiv>
            </TextLine>
            <TextLine id="r1l34" custom="readingOrder {index:33;}">
                <Coords points="1729,1638 2994,1610 2958,1543 1728,1595"/>
                <Baseline points="1746,1635 1807,1634 1869,1632 1930,1631 1992,1629 2053,1627 2115,1625 2176,1623 2238,1621 2299,1619 2361,1617 2423,1615 2484,1613 2546,1610 2607,1608 2669,1606 2730,1604 2792,1603 2853,1600 2915,1599 2977,1597"/>
                <TextEquiv>
                    <Unicode>um die man Schnitzler beneiden möchte. Aber diese andauem¬</Unicode>
                </TextEquiv>
            </TextLine>
            <TextLine id="r1l35" custom="readingOrder {index:34;}">
                <Coords points="370,1628 410,1630 417,1626 438,1626 472,1631 471,1581 446,1585 440,1582 434,1589 369,1591"/>
                <Baseline points="387,1621 421,1619 455,1619"/>
                <TextEquiv>
                    <Unicode>kten</Unicode>
                </TextEquiv>
            </TextLine>
            <TextLine id="r1l36" custom="readingOrder {index:35;}">
                <Coords points="155,1637 176,1633 198,1642 207,1632 220,1635 223,1631 247,1631 246,1587 224,1591 206,1589 191,1596 184,1590 153,1591"/>
                <Baseline points="171,1627 201,1625 231,1625"/>
                <TextEquiv>
                    <Unicode>alle</Unicode>
                </TextEquiv>
            </TextLine>
            <TextLine id="r1l37" custom="readingOrder {index:36;}">
                <Coords points="489,1654 1729,1632 1728,1592 1635,1585 488,1614"/>
                <Baseline points="505,1654 565,1653 625,1651 686,1651 746,1650 807,1648 867,1647 927,1646 988,1645 1048,1643 1109,1642 1169,1640 1229,1639 1290,1637 1350,1636 1411,1634 1471,1632 1531,1630 1592,1627 1652,1625 1713,1623"/>
                <TextEquiv>
                    <Unicode>nun kommen müßte, in allen Teilen überzeugend zu gestalten.</Unicode>
                </TextEquiv>
            </TextLine>
            <TextLine id="r1l38" custom="readingOrder {index:37;}">
                <Coords points="1734,1678 2937,1651 2989,1647 2987,1588 1732,1635"/>
                <Baseline points="1750,1675 1811,1674 1872,1673 1933,1671 1994,1670 2055,1668 2116,1666 2178,1664 2239,1662 2300,1660 2361,1658 2422,1656 2483,1654 2544,1652 2606,1650 2667,1647 2728,1645 2789,1643 2850,1641 2911,1639 2973,1637"/>
                <TextEquiv>
                    <Unicode>den Gespräche machen müde, so müde daß die Gipfelszene des</Unicode>
                </TextEquiv>
            </TextLine>
            <TextLine id="r1l39" custom="readingOrder {index:38;}">
                <Coords points="346,1674 362,1674 368,1667 399,1673 430,1670 433,1666 458,1685 473,1684 472,1626 442,1629 426,1623 346,1624"/>
                <Baseline points="362,1660 394,1658 426,1656 458,1660"/>
                <TextEquiv>
                    <Unicode>nches</Unicode>
                </TextEquiv>
            </TextLine>
            <TextLine id="r1l40" custom="readingOrder {index:39;}">
                <Coords points="136,1700 151,1698 173,1673 197,1670 211,1680 226,1678 220,1633 205,1635 200,1642 190,1640 170,1627 127,1636"/>
                <Baseline points="148,1676 178,1668 208,1668"/>
                <TextEquiv>
                    <Unicode>Hnitz</Unicode>
                </TextEquiv>
            </TextLine>
            <TextLine id="r1l41" custom="readingOrder {index:40;}">
                <Coords points="497,1702 1728,1675 1726,1619 496,1659"/>
                <Baseline points="511,1694 571,1692 631,1690 691,1689 751,1688 811,1686 871,1685 931,1684 991,1683 1051,1682 1112,1681 1172,1680 1232,1679 1292,1678 1352,1676 1412,1675 1472,1673 1532,1671 1592,1669 1652,1667 1713,1664"/>
                <TextEquiv>
                    <Unicode>Der Fehler, den der Dichter hier gemacht hat, läßt sich nicht</Unicode>
                </TextEquiv>
            </TextLine>
            <TextLine id="r1l42" custom="readingOrder {index:41;}">
                <Coords points="1730,1724 2991,1683 2990,1643 2888,1640 1729,1680"/>
                <Baseline points="1746,1715 1807,1713 1869,1712 1930,1710 1992,1709 2053,1707 2115,1705 2176,1703 2238,1701 2299,1699 2361,1698 2423,1696 2484,1694 2546,1692 2607,1690 2669,1688 2730,1686 2792,1685 2853,1683 2915,1681 2977,1679"/>
                <TextEquiv>
                    <Unicode>Stücks, die Auseinandersetzung des Pfarrers mit dem Professor</Unicode>
                </TextEquiv>
            </TextLine>
            <TextLine id="r1l43" custom="readingOrder {index:42;}">
                <Coords points="358,1710 383,1709 386,1705 392,1711 404,1711 407,1707 441,1709 447,1702 466,1705 469,1704 468,1677 452,1677 436,1666 409,1670 399,1664 390,1674 371,1666 356,1667"/>
                <Baseline points="374,1704 400,1700 427,1699 454,1700"/>
                <TextEquiv>
                    <Unicode>dem</Unicode>
                </TextEquiv>
            </TextLine>
            <TextLine id="r1l44" custom="readingOrder {index:43;}">
                <Coords points="491,1751 1693,1714 1726,1679 489,1698"/>
                <Baseline points="505,1733 565,1732 625,1732 685,1731 746,1730 806,1729 866,1728 927,1726 987,1725 1047,1724 1108,1723 1168,1721 1228,1720 1288,1718 1349,1717 1409,1715 1469,1713 1530,1712 1590,1709 1650,1708 1711,1705"/>
                <TextEquiv>
                    <Unicode>treffender kennzeichnen als mit den Worten Dr. Paul Gold¬</Unicode>
                </TextEquiv>
            </TextLine>
            <TextLine id="r1l45" custom="readingOrder {index:44;}">
                <Coords points="364,1753 401,1751 407,1747 419,1750 449,1735 465,1735 463,1701 447,1702 444,1699 429,1706 404,1701 395,1705 361,1707"/>
                <Baseline points="377,1739 413,1738 450,1735"/>
                <TextEquiv>
                    <Unicode>lut¬</Unicode>
                </TextEquiv>
            </TextLine>
            <TextLine id="r1l46" custom="readingOrder {index:45;}">
                <Coords points="1732,1776 2780,1732 2778,1686 1730,1720"/>
                <Baseline points="1745,1755 1796,1754 1847,1752 1898,1751 1949,1750 2000,1749 2051,1747 2102,1746 2153,1745 2204,1744 2255,1743 2306,1741 2357,1740 2408,1738 2459,1736 2510,1735 2561,1732 2612,1731 2663,1728 2714,1725 2765,1723"/>
                <TextEquiv>
                    <Unicode>im vierten Akt, nicht mehr zu voller Wirkung kommt.</Unicode>
                </TextEquiv>
            </TextLine>
            <TextLine id="r1l47" custom="readingOrder {index:46;}">
                <Coords points="138,1753 169,1752 175,1755 178,1751 209,1750 207,1725 192,1726 179,1714 167,1715 160,1709 151,1716 136,1717"/>
                <Baseline points="154,1748 194,1746"/>
                <TextEquiv>
                    <Unicode>er</Unicode>
                </TextEquiv>
            </TextLine>
            <TextLine id="r1l48" custom="readingOrder {index:47;}">
                <Coords points="489,1780 1430,1783 1735,1756 1734,1700 488,1734"/>
                <Baseline points="504,1778 564,1776 625,1775 686,1773 747,1771 808,1770 868,1768 929,1766 990,1765 1051,1763 1112,1761 1172,1760 1233,1758 1294,1756 1355,1755 1416,1753 1476,1752 1537,1750 1598,1749 1659,1747 1720,1746"/>
                <TextEquiv>
                    <Unicode>manns, der in einer Besprechung des Zerkes in der Wiener</Unicode>
                </TextEquiv>
            </TextLine>
            <TextLine id="r1l49" custom="readingOrder {index:48;}">
                <Coords points="1799,1802 2993,1768 2991,1719 2877,1706 1798,1759"/>
                <Baseline points="1816,1797 1874,1795 1932,1792 1990,1790 2048,1788 2106,1786 2164,1785 2222,1784 2280,1783 2338,1781 2396,1781 2454,1779 2512,1778 2570,1777 2628,1776 2686,1774 2744,1772 2802,1770 2860,1768 2918,1765 2976,1762"/>
                <TextEquiv>
                    <Unicode>Ein Stück, das dem nachdenklichen Zuschauer mancherlei An¬</Unicode>
                </TextEquiv>
            </TextLine>
            <TextLine id="r1l50" custom="readingOrder {index:49;}">
                <Coords points="339,1791 373,1791 383,1797 395,1791 438,1795 444,1789 472,1789 472,1752 457,1752 442,1739 429,1742 420,1751 398,1751 392,1745 371,1754 340,1751"/>
                <Baseline points="354,1781 380,1782 406,1781 432,1781 458,1783"/>
                <TextEquiv>
                    <Unicode>kampf</Unicode>
                </TextEquiv>
            </TextLine>
            <TextLine id="r1l51" custom="readingOrder {index:50;}">
                <Coords points="134,1800 149,1800 161,1790 167,1793 171,1793 173,1789 180,1792 214,1791 212,1747 196,1748 175,1755 162,1750 153,1753 150,1750 132,1751"/>
                <Baseline points="150,1787 197,1785"/>
                <TextEquiv>
                    <Unicode>Stück</Unicode>
                </TextEquiv>
            </TextLine>
            <TextLine id="r1l52" custom="readingOrder {index:51;}">
                <Coords points="497,1837 1274,1793 1273,1756 496,1778"/>
                <Baseline points="511,1815 548,1815 585,1814 623,1813 660,1813 698,1812 735,1812 773,1811 810,1810 848,1809 885,1808 922,1807 960,1806 997,1805 1035,1804 1072,1803 1110,1802 1147,1801 1185,1800 1222,1799 1260,1798"/>
                <TextEquiv>
                    <Unicode>Neuen Freien Presse geschrieben hat:</Unicode>
                </TextEquiv>
            </TextLine>
            <TextLine id="r1l53" custom="readingOrder {index:52;}">
                <Coords points="355,1829 371,1827 400,1837 409,1836 426,1824 448,1825 453,1818 472,1816 469,1789 444,1788 435,1792 416,1788 407,1795 385,1792 379,1795 373,1790 351,1792"/>
                <Baseline points="369,1825 398,1823 427,1820 457,1815"/>
                <TextEquiv>
                    <Unicode>rge¬</Unicode>
                </TextEquiv>
            </TextLine>
            <TextLine id="r1l54" custom="readingOrder {index:53;}">
                <Coords points="1735,1852 2971,1820 2998,1773 1733,1787"/>
                <Baseline points="1750,1843 1811,1840 1873,1838 1934,1836 1996,1833 2058,1831 2119,1828 2181,1826 2242,1825 2304,1822 2366,1821 2427,1819 2489,1817 2550,1816 2612,1814 2674,1813 2735,1812 2797,1811 2858,1810 2920,1809 2982,1808"/>
                <TextEquiv>
                    <Unicode>regung gibt, des den Autor aufs neue als feinen, klugen Kopf</Unicode>
                </TextEquiv>
            </TextLine>
            <TextLine id="r1l55" custom="readingOrder {index:54;}">
                <Coords points="138,1832 153,1831 169,1840 190,1829 194,1832 224,1831 223,1794 201,1795 198,1792 161,1790 152,1797 137,1798"/>
                <Baseline points="154,1828 182,1827 210,1826"/>
                <TextEquiv>
                    <Unicode>Ode</Unicode>
                </TextEquiv>
            </TextLine>
            <TextLine id="r1l56" custom="readingOrder {index:55;}">
                <Coords points="618,1861 1706,1840 1733,1777 617,1827"/>
                <Baseline points="633,1856 687,1854 741,1852 795,1850 850,1849 904,1847 958,1846 1013,1844 1067,1843 1121,1842 1176,1840 1230,1839 1284,1838 1338,1837 1393,1835 1447,1834 1501,1833 1556,1832 1610,1830 1664,1829 1719,1827"/>
                <TextEquiv>
                    <Unicode>„Es ist eine etwas kindliche Vorstellung, anzunehmen, daß</Unicode>
                </TextEquiv>
            </TextLine>
            <TextLine id="r1l57" custom="readingOrder {index:56;}">
                <Coords points="1740,1890 3002,1869 3000,1810 2861,1802 1739,1853"/>
                <Baseline points="1757,1884 1818,1881 1879,1878 1941,1875 2002,1872 2064,1870 2125,1868 2187,1866 2248,1864 2310,1863 2371,1861 2432,1859 2494,1858 2555,1856 2617,1855 2678,1853 2740,1852 2801,1850 2863,1849 2924,1847 2986,1846"/>
                <TextEquiv>
                    <Unicode>zeigt. Aber ein Stück von zweifelhafter Bühnenwirksamkeit, ein</Unicode>
                </TextEquiv>
            </TextLine>
            <TextLine id="r1l58" custom="readingOrder {index:57;}">
                <Coords points="138,1880 437,1871 477,1861 476,1817 406,1834 381,1829 366,1841 322,1820 187,1829 165,1842 137,1833"/>
                <Baseline points="153,1867 178,1866 204,1865 230,1865 256,1865 282,1865 308,1865 333,1864 359,1864 385,1863 411,1862 437,1861 463,1858"/>
                <TextEquiv>
                    <Unicode>=Glaubens und</Unicode>
                </TextEquiv>
            </TextLine>
            <TextLine id="r1l59" custom="readingOrder {index:58;}">
                <Coords points="530,1905 1736,1874 1735,1825 529,1837"/>
                <Baseline points="544,1895 602,1893 661,1892 720,1891 779,1889 838,1888 896,1887 955,1886 1014,1885 1073,1884 1132,1884 1190,1882 1249,1881 1308,1880 1367,1879 1426,1877 1484,1876 1543,1874 1602,1872 1661,1870 1720,1867"/>
                <TextEquiv>
                    <Unicode>die Klerikalen, die entschlossen sind, den Professor Bernhardi</Unicode>
                </TextEquiv>
            </TextLine>
            <TextLine id="r1l60" custom="readingOrder {index:59;}">
                <Coords points="163,1907 215,1916 234,1903 255,1918 317,1905 348,1917 434,1909 471,1921 471,1862 245,1872 230,1882 162,1876"/>
                <Baseline points="179,1905 204,1905 229,1904 254,1904 279,1904 304,1904 329,1904 354,1904 379,1903 404,1902 429,1901 455,1899"/>
                <TextEquiv>
                    <Unicode>er von einem</Unicode>
                </TextEquiv>
            </TextLine>
            <TextLine id="r1l61" custom="readingOrder {index:60;}">
                <Coords points="1728,1947 1808,1950 1878,1917 2470,1906 2513,1898 2512,1858 1726,1882"/>
                <Baseline points="1742,1921 1779,1920 1817,1919 1855,1917 1893,1916 1930,1914 1968,1914 2006,1912 2044,1911 2081,1910 2119,1909 2157,1907 2195,1906 2232,1905 2270,1904 2308,1903 2346,1901 2383,1899 2421,1897 2459,1896 2497,1894"/>
                <TextEquiv>
                    <Unicode>Stück, dem der dramatische Nerv fehlt.</Unicode>
                </TextEquiv>
            </TextLine>
            <TextLine id="r1l62" custom="readingOrder {index:61;}">
                <Coords points="534,1946 1740,1914 1739,1873 1650,1869 533,1900"/>
                <Baseline points="550,1936 608,1934 667,1932 725,1931 784,1930 843,1929 901,1928 960,1927 1019,1926 1077,1925 1136,1925 1195,1924 1253,1923 1312,1922 1371,1921 1429,1919 1488,1918 1547,1916 1605,1914 1664,1912 1723,1909"/>
                <TextEquiv>
                    <Unicode>wegen Religionsstörung an den Pranger zu stellen, ihm ihren</Unicode>
                </TextEquiv>
            </TextLine>
            <TextLine id="r1l63" custom="readingOrder {index:62;}">
                <Coords points="1809,1961 2852,1942 2999,1922 2998,1888 1808,1930"/>
                <Baseline points="1824,1960 1882,1958 1940,1956 1998,1954 2056,1952 2114,1950 2172,1948 2230,1946 2288,1944 2346,1942 2404,1940 2462,1938 2520,1937 2578,1935 2636,1934 2694,1932 2752,1931 2810,1929 2868,1928 2926,1927 2984,1926"/>
                <TextEquiv>
                    <Unicode>Dr. Hagemann hatte das Werk verständig und wirksam in¬</Unicode>
                </TextEquiv>
            </TextLine>
            <TextLine id="r1l64" custom="readingOrder {index:63;}">
                <Coords points="330,1938 352,1934 378,1950 427,1947 459,1970 478,1969 474,1916 459,1917 442,1903 406,1905 391,1913 381,1907 329,1910"/>
                <Baseline points="347,1947 375,1945 403,1942 431,1940 459,1941"/>
                <TextEquiv>
                    <Unicode>dem</Unicode>
                </TextEquiv>
            </TextLine>
            <TextLine id="r1l65" custom="readingOrder {index:64;}">
                <Coords points="134,1957 199,1959 232,1946 239,1953 251,1940 270,1955 337,1954 337,1905 318,1902 300,1912 254,1918 235,1903 220,1913 192,1910 186,1916 167,1901 152,1917 133,1914"/>
                <Baseline points="148,1948 177,1947 206,1946 235,1945 264,1945 293,1945 322,1946"/>
                <TextEquiv>
                    <Unicode>chen und</Unicode>
                </TextEquiv>
            </TextLine>
            <TextLine id="r1l66" custom="readingOrder {index:65;}">
                <Coords points="545,1979 1745,1950 1700,1908 544,1939"/>
                <Baseline points="560,1974 618,1973 677,1973 735,1972 794,1971 852,1971 911,1970 969,1969 1028,1967 1086,1966 1145,1965 1203,1964 1262,1962 1320,1961 1379,1960 1437,1958 1496,1956 1554,1955 1613,1953 1671,1951 1730,1950"/>
                <TextEquiv>
                    <Unicode>Verzicht auf diesen Entschluß anbieten werden, für den Fall,</Unicode>
                </TextEquiv>
            </TextLine>
            <TextLine id="r1l67" custom="readingOrder {index:66;}">
                <Coords points="130,1998 189,1988 340,1996 352,1983 371,1996 482,1995 482,1951 448,1961 346,1937 337,1947 241,1941 170,1961 130,1955"/>
                <Baseline points="146,1988 172,1987 199,1986 226,1985 253,1984 280,1984 307,1984 333,1984 360,1984 387,1984 414,1984 441,1984 468,1984"/>
                <TextEquiv>
                    <Unicode>der betonen läßt,</Unicode>
                </TextEquiv>
            </TextLine>
            <TextLine id="r1l68" custom="readingOrder {index:67;}">
                <Coords points="542,2027 3003,1977 541,1981"/>
                <Baseline points="556,2018 677,2014 799,2011 920,2008 1042,2005 1164,2003 1285,2000 1407,1999 1528,1997 1650,1995 1772,1994 1893,1993 2015,1991 2136,1989 2258,1987 2380,1985 2501,1982 2623,1979 2744,1976 2866,1972 2988,1967"/>
                <TextEquiv>
                    <Unicode>daß er zum Leiter einer Abteilung in seinem Krankenhau's szeniert Vielleicht war er sogar zu gründlich dabei vorgegangen.</Unicode>
                </TextEquiv>
            </TextLine>
            <TextLine id="r1l69" custom="readingOrder {index:68;}">
                <Coords points="139,2037 241,2038 278,2024 293,2036 482,2036 483,1968 407,1994 351,1986 138,1997"/>
                <Baseline points="153,2029 179,2027 205,2026 232,2025 258,2025 284,2025 311,2025 337,2025 363,2025 390,2024 416,2022 442,2021 469,2018"/>
                <TextEquiv>
                    <Unicode>nhardi handeln:</Unicode>
                </TextEquiv>
            </TextLine>
            <TextLine id="r1l70" custom="readingOrder {index:69;}">
                <Coords points="540,2068 2995,2034 3013,1959 539,2018"/>
                <Baseline points="554,2058 676,2053 798,2049 920,2045 1042,2043 1164,2040 1286,2038 1409,2037 1531,2036 1653,2035 1775,2034 1897,2033 2019,2032 2141,2030 2264,2029 2386,2026 2508,2023 2630,2020 2752,2016 2874,2011 2997,2005"/>
                <TextEquiv>
                    <Unicode>einen klerikalen Dozenten ernennen will, — daß also eine mäch Vielleicht hatte er zu sehr Gewicht darauf gelegt, alle Feinheiten</Unicode>
                </TextEquiv>
            </TextLine>
            <TextLine id="r1l71" custom="readingOrder {index:70;}">
                <Coords points="2665,2070 2726,2059 2816,2063 2892,2045 2979,2058 3015,2037 3013,2010 2974,2021 2936,2012 2689,2015 2662,2026"/>
                <Baseline points="2680,2060 2706,2059 2733,2058 2759,2058 2786,2056 2812,2055 2839,2053 2866,2051 2892,2049 2919,2047 2945,2045 2972,2042 2999,2038"/>
                <TextEquiv>
                    <Unicode>Jedenfalls ver¬</Unicode>
                </TextEquiv>
            </TextLine>
            <TextLine id="r1l72" custom="readingOrder {index:71;}">
                <Coords points="138,2079 178,2072 203,2084 267,2070 317,2084 335,2068 348,2077 440,2071 461,2049 489,2048 488,2017 467,2015 448,2031 380,2023 304,2038 279,2023 199,2031 176,2013 137,2027"/>
                <Baseline points="153,2067 179,2067 206,2067 233,2067 259,2067 286,2066 313,2066 339,2065 366,2064 393,2062 419,2061 446,2060 473,2058"/>
                <TextEquiv>
                    <Unicode>dern günstigsten¬</Unicode>
                </TextEquiv>
            </TextLine>
            <TextLine id="r1l73" custom="readingOrder {index:72;}">
                <Coords points="1738,2090 2648,2058 2551,2020 1737,2043"/>
                <Baseline points="1754,2084 1797,2083 1841,2081 1885,2079 1929,2078 1973,2076 2017,2075 2061,2073 2105,2071 2149,2070 2193,2069 2236,2068 2280,2067 2324,2066 2368,2065 2412,2064 2456,2063 2500,2062 2544,2061 2588,2060 2632,2059"/>
                <TextEquiv>
                    <Unicode>des Dialogs den Hörern nahe zu bringen.</Unicode>
                </TextEquiv>
            </TextLine>
            <TextLine id="r1l74" custom="readingOrder {index:73;}">
                <Coords points="552,2105 1656,2084 1742,2072 1741,2035 550,2062"/>
                <Baseline points="566,2098 627,2097 688,2094 749,2092 810,2091 871,2089 932,2087 993,2085 1054,2084 1115,2083 1176,2081 1237,2079 1298,2078 1359,2076 1420,2075 1481,2073 1542,2071 1603,2069 1664,2067 1725,2065"/>
                <TextEquiv>
                    <Unicode>tige Partei, im Begriff, eine große politische Aktion zu unter¬</Unicode>
                </TextEquiv>
            </TextLine>
            <TextLine id="r1l75" custom="readingOrder {index:74;}">
                <Coords points="276,2113 303,2109 334,2117 343,2108 362,2116 380,2109 418,2114 451,2107 461,2116 479,2115 477,2066 444,2073 431,2064 363,2073 351,2064 274,2067"/>
                <Baseline points="289,2103 314,2105 339,2105 364,2105 389,2103 414,2101 439,2100 464,2098"/>
                <TextEquiv>
                    <Unicode>er indivi¬</Unicode>
                </TextEquiv>
            </TextLine>
            <TextLine id="r1l76" custom="readingOrder {index:75;}">
                <Coords points="145,2113 176,2119 201,2106 213,2118 225,2111 250,2110 260,2116 281,2116 279,2054 246,2055 237,2065 230,2062 224,2068 209,2068 197,2078 184,2078 172,2069 144,2070"/>
                <Baseline points="159,2107 185,2108 212,2106 239,2105 266,2106"/>
                <TextEquiv>
                    <Unicode>od unse</Unicode>
                </TextEquiv>
            </TextLine>
            <TextLine id="r1l77" custom="readingOrder {index:76;}">
                <Coords points="1747,2131 3012,2107 3010,2045 1746,2088"/>
                <Baseline points="1762,2128 1823,2124 1885,2121 1946,2118 2008,2115 2070,2114 2131,2112 2193,2110 2255,2109 2316,2107 2378,2106 2440,2105 2501,2103 2563,2102 2625,2100 2686,2099 2748,2097 2810,2095 2871,2091 2933,2089 2995,2085"/>
                <TextEquiv>
                    <Unicode>schleppte sich das Tempo mehr und mehr, statt immer leichtere</Unicode>
                </TextEquiv>
            </TextLine>
            <TextLine id="r1l78" custom="readingOrder {index:77;}">
                <Coords points="557,2142 1692,2118 1741,2111 1740,2061 556,2099"/>
                <Baseline points="574,2137 631,2135 689,2134 746,2133 804,2132 862,2131 919,2129 977,2128 1034,2126 1092,2125 1150,2123 1207,2122 1265,2120 1322,2118 1380,2117 1438,2115 1495,2113 1553,2111 1610,2110 1668,2108 1726,2106"/>
                <TextEquiv>
                    <Unicode>nehmen, vorher eine Erpressung versuchen wird, durch die sie</Unicode>
                </TextEquiv>
            </TextLine>
            <TextLine id="r1l79" custom="readingOrder {index:78;}">
                <Coords points="322,2154 371,2150 381,2159 411,2147 452,2154 463,2141 479,2139 476,2103 424,2113 381,2110 374,2104 359,2114 340,2109 335,2116 319,2117"/>
                <Baseline points="337,2145 362,2146 387,2145 412,2142 437,2140 463,2137"/>
                <TextEquiv>
                    <Unicode>insbe¬</Unicode>
                </TextEquiv>
            </TextLine>
            <TextLine id="r1l80" custom="readingOrder {index:79;}">
                <Coords points="1738,2175 3008,2144 3007,2103 1737,2135"/>
                <Baseline points="1754,2164 1816,2162 1878,2161 1940,2159 2002,2157 2064,2155 2126,2154 2188,2153 2250,2151 2312,2150 2374,2148 2436,2147 2498,2145 2560,2143 2622,2142 2684,2140 2746,2138 2808,2136 2870,2133 2932,2131 2994,2128"/>
                <TextEquiv>
                    <Unicode>Schwingen zu heben, je mehr es aus dem Drama zur Komödie</Unicode>
                </TextEquiv>
            </TextLine>
            <TextLine id="r1l81" custom="readingOrder {index:80;}">
                <Coords points="146,2158 196,2162 214,2146 242,2157 261,2156 259,2110 228,2111 209,2097 194,2110 144,2115"/>
                <Baseline points="162,2152 190,2148 218,2147 246,2148"/>
                <TextEquiv>
                    <Unicode>ige A</Unicode>
                </TextEquiv>
            </TextLine>
            <TextLine id="r1l82" custom="readingOrder {index:81;}">
                <Coords points="566,2181 1745,2159 1743,2107 1700,2096 565,2141"/>
                <Baseline points="582,2179 639,2178 696,2176 754,2174 811,2172 868,2171 926,2170 983,2168 1040,2167 1098,2166 1155,2164 1212,2163 1270,2161 1327,2159 1384,2157 1442,2156 1499,2154 1556,2152 1614,2149 1671,2146 1729,2143"/>
                <TextEquiv>
                    <Unicode>sich ganz in die Hände des Mannes gibt, gegen den ihre Aktion</Unicode>
                </TextEquiv>
            </TextLine>
            <TextLine id="r1l83" custom="readingOrder {index:82;}">
                <Coords points="391,2198 407,2198 422,2188 450,2191 462,2181 465,2184 468,2181 489,2183 488,2149 473,2150 464,2141 448,2154 436,2148 433,2151 414,2145 408,2149 390,2149"/>
                <Baseline points="406,2186 440,2182 474,2184"/>
                <TextEquiv>
                    <Unicode>für</Unicode>
                </TextEquiv>
            </TextLine>
            <TextLine id="r1l84" custom="readingOrder {index:83;}">
                <Coords points="1742,2209 2969,2176 3014,2119 1740,2163"/>
                <Baseline points="1758,2202 1820,2201 1882,2199 1944,2198 2006,2196 2068,2195 2130,2194 2192,2193 2254,2191 2316,2190 2379,2188 2441,2187 2503,2186 2565,2184 2627,2182 2689,2180 2751,2177 2813,2175 2875,2172 2937,2169 3000,2166"/>
                <TextEquiv>
                    <Unicode>wurde. Das Wiener Stück erschien hier durch die Brille nord¬</Unicode>
                </TextEquiv>
            </TextLine>
            <TextLine id="r1l85" custom="readingOrder {index:84;}">
                <Coords points="146,2199 180,2198 189,2194 201,2200 207,2193 214,2199 217,2196 232,2196 230,2146 212,2147 197,2160 172,2145 163,2155 144,2156"/>
                <Baseline points="162,2191 189,2191 217,2189"/>
                <TextEquiv>
                    <Unicode>m G</Unicode>
                </TextEquiv>
            </TextLine>
            <TextLine id="r1l86" custom="readingOrder {index:85;}">
                <Coords points="560,2216 1713,2201 1743,2147 559,2179"/>
                <Baseline points="576,2217 633,2216 691,2214 748,2213 806,2212 863,2211 921,2210 978,2208 1036,2207 1093,2206 1151,2204 1209,2203 1266,2201 1324,2199 1381,2197 1439,2196 1496,2194 1554,2192 1611,2190 1669,2187 1727,2185"/>
                <TextEquiv>
                    <Unicode>sich richten, den sie vernichten will. Der Konflikt würde schär¬</Unicode>
                </TextEquiv>
            </TextLine>
            <TextLine id="r1l87" custom="readingOrder {index:86;}">
                <Coords points="354,2236 382,2229 394,2235 407,2229 425,2235 456,2231 481,2253 496,2252 495,2172 480,2172 468,2185 452,2191 394,2186 354,2192"/>
                <Baseline points="371,2228 398,2226 425,2226 452,2225 480,2227"/>
                <TextEquiv>
                    <Unicode>nicht</Unicode>
                </TextEquiv>
            </TextLine>
            <TextLine id="r1l88" custom="readingOrder {index:87;}">
                <Coords points="1743,2244 2897,2237 3005,2213 3004,2169 1742,2204"/>
                <Baseline points="1760,2243 1821,2241 1883,2239 1944,2237 2006,2235 2067,2233 2129,2232 2190,2231 2252,2230 2313,2229 2375,2227 2436,2226 2498,2225 2559,2223 2621,2222 2682,2220 2744,2218 2805,2217 2867,2214 2928,2212 2990,2209"/>
                <TextEquiv>
                    <Unicode>deutschen Verstandes gesehen und verlor dadurch allerhand von</Unicode>
                </TextEquiv>
            </TextLine>
            <TextLine id="r1l89" custom="readingOrder {index:88;}">
                <Coords points="558,2269 1740,2237 1720,2191 557,2216"/>
                <Baseline points="573,2258 630,2257 688,2256 745,2255 803,2253 861,2252 918,2251 976,2249 1033,2247 1091,2246 1149,2244 1206,2243 1264,2241 1321,2239 1379,2238 1437,2236 1494,2234 1552,2233 1609,2231 1667,2229 1725,2228"/>
                <TextEquiv>
                    <Unicode>fer sich abzeichnen, würde in eine höhere Sphäre gehoben sein,</Unicode>
                </TextEquiv>
            </TextLine>
            <TextLine id="r1l90" custom="readingOrder {index:89;}">
                <Coords points="341,2277 375,2283 400,2276 419,2288 431,2285 437,2291 461,2266 486,2262 486,2237 464,2238 458,2232 439,2229 433,2235 408,2229 402,2233 377,2230 365,2236 356,2227 340,2228"/>
                <Baseline points="357,2267 385,2267 414,2266 443,2265 472,2266"/>
                <TextEquiv>
                    <Unicode>enseits</Unicode>
                </TextEquiv>
            </TextLine>
            <TextLine id="r1l91" custom="readingOrder {index:90;}">
                <Coords points="1747,2293 1800,2304 1882,2280 1929,2295 2024,2277 2234,2278 2233,2251 2153,2237 1746,2246"/>
                <Baseline points="1761,2280 1786,2280 1811,2280 1837,2280 1862,2279 1888,2279 1913,2279 1939,2278 1964,2277 1990,2277 2015,2276 2040,2275 2066,2275 2091,2274 2117,2273 2142,2272 2168,2272 2193,2271 2219,2271"/>
                <TextEquiv>
                    <Unicode>seinen eigensten Reizen.</Unicode>
                </TextEquiv>
            </TextLine>
            <TextLine id="r1l92" custom="readingOrder {index:91;}">
                <Coords points="561,2304 1591,2290 1748,2271 1747,2231 559,2254"/>
                <Baseline points="576,2298 633,2297 691,2296 749,2295 807,2294 864,2292 922,2291 980,2290 1038,2289 1095,2287 1153,2286 1211,2285 1269,2283 1326,2281 1384,2280 1442,2278 1500,2276 1557,2275 1615,2273 1673,2271 1731,2269"/>
                <TextEquiv>
                    <Unicode>wenn die Intrige ganz wegfiele, wenn die Klerikalen ihren</Unicode>
                </TextEquiv>
            </TextLine>
            <TextLine id="r1l93" custom="readingOrder {index:92;}">
                <Coords points="1817,2320 3011,2309 3009,2251 2947,2231 1816,2290"/>
                <Baseline points="1832,2327 1890,2324 1948,2321 2006,2318 2064,2316 2122,2314 2180,2312 2238,2311 2296,2310 2354,2308 2413,2307 2471,2306 2529,2305 2587,2304 2645,2302 2703,2301 2761,2299 2819,2298 2877,2295 2935,2292 2994,2289"/>
                <TextEquiv>
                    <Unicode>Von den Darstellern, die übrigens teilweise in Bezug auf die</Unicode>
                </TextEquiv>
            </TextLine>
            <TextLine id="r1l94" custom="readingOrder {index:93;}">
                <Coords points="563,2348 1744,2311 1743,2271 562,2304"/>
                <Baseline points="578,2341 635,2338 693,2336 750,2334 808,2333 865,2331 923,2330 980,2329 1038,2328 1095,2327 1153,2326 1211,2325 1268,2324 1326,2323 1383,2322 1441,2320 1498,2319 1556,2317 1613,2314 1671,2312 1729,2309"/>
                <TextEquiv>
                    <Unicode>Ansturm gegen den Professor Bernhardi nicht deshalb unter¬</Unicode>
                </TextEquiv>
            </TextLine>
            <TextLine id="r1l95" custom="readingOrder {index:94;}">
                <Coords points="1744,2373 3008,2338 3007,2298 2921,2288 1743,2317"/>
                <Baseline points="1758,2370 1819,2366 1881,2364 1943,2361 2005,2358 2067,2357 2128,2355 2190,2354 2252,2353 2314,2352 2376,2351 2437,2350 2499,2349 2561,2348 2623,2347 2685,2345 2746,2343 2808,2341 2870,2338 2932,2335 2994,2331"/>
                <TextEquiv>
                    <Unicode>Maske die Vorschriften des Autors nicht berücksichtigt hatten, sind</Unicode>
                </TextEquiv>
            </TextLine>
            <TextLine id="r1l96" custom="readingOrder {index:95;}">
                <Coords points="371,2365 389,2364 398,2354 414,2362 439,2360 461,2370 476,2369 470,2295 443,2304 437,2298 418,2300 398,2314 381,2303 366,2304"/>
                <Baseline points="385,2355 422,2353 459,2349"/>
                <TextEquiv>
                    <Unicode> ist</Unicode>
                </TextEquiv>
            </TextLine>
            <TextLine id="r1l97" custom="readingOrder {index:96;}">
                <Coords points="146,2363 193,2365 217,2355 233,2364 273,2360 272,2317 213,2319 197,2307 188,2307 182,2313 160,2301 145,2302"/>
                <Baseline points="162,2356 194,2356 226,2355 258,2354"/>
                <TextEquiv>
                    <Unicode>tück au</Unicode>
                </TextEquiv>
            </TextLine>
            <TextLine id="r1l98" custom="readingOrder {index:97;}">
                <Coords points="550,2384 1740,2367 1745,2311 549,2344"/>
                <Baseline points="564,2380 622,2378 680,2375 739,2373 797,2372 855,2371 914,2370 972,2369 1030,2368 1089,2368 1147,2367 1205,2366 1264,2366 1322,2365 1380,2364 1439,2362 1497,2361 1555,2359 1614,2357 1672,2353 1731,2351"/>
                <TextEquiv>
                    <Unicode>nähmen, weil er in einer Personalfrage ihnen nicht zu Willen</Unicode>
                </TextEquiv>
            </TextLine>
            <TextLine id="r1l99" custom="readingOrder {index:98;}">
                <Coords points="1752,2416 2991,2382 3012,2332 1750,2369"/>
                <Baseline points="1767,2407 1828,2404 1890,2402 1951,2400 2013,2399 2074,2397 2136,2396 2197,2395 2259,2394 2320,2393 2382,2392 2444,2390 2505,2389 2567,2388 2628,2387 2690,2384 2751,2382 2813,2380 2874,2377 2936,2374 2998,2370"/>
                <TextEquiv>
                    <Unicode>oben an zu nennen Herr Wagner, der als Pfarrer ganz echt</Unicode>
                </TextEquiv>
            </TextLine>
            <TextLine id="r1l100" custom="readingOrder {index:99;}">
                <Coords points="374,2407 402,2404 412,2412 420,2401 454,2397 457,2400 463,2393 481,2391 478,2367 454,2369 437,2359 415,2362 409,2356 399,2354 391,2364 370,2367"/>
                <Baseline points="388,2398 413,2397 438,2393 464,2390"/>
                <TextEquiv>
                    <Unicode>ngs¬</Unicode>
                </TextEquiv>
            </TextLine>
            <TextLine id="r1l101" custom="readingOrder {index:100;}">
                <Coords points="555,2422 1600,2408 1745,2395 1744,2349 554,2382"/>
                <Baseline points="570,2419 631,2418 692,2417 753,2416 814,2414 875,2413 936,2412 997,2411 1058,2410 1119,2409 1180,2407 1241,2406 1302,2405 1363,2403 1424,2402 1485,2400 1546,2398 1607,2396 1668,2394 1729,2391"/>
                <TextEquiv>
                    <Unicode>war, ondern weil hier zwei Weltanschauungen zusammen¬</Unicode>
                </TextEquiv>
            </TextLine>
            <TextLine id="r1l102" custom="readingOrder {index:101;}">
                <Coords points="1754,2453 3016,2428 2995,2357 1753,2409"/>
                <Baseline points="1769,2447 1830,2445 1892,2443 1953,2442 2015,2440 2076,2439 2138,2437 2199,2436 2261,2435 2322,2434 2384,2433 2446,2431 2507,2430 2569,2428 2630,2427 2692,2425 2753,2422 2815,2419 2876,2416 2938,2413 3000,2409"/>
                <TextEquiv>
                    <Unicode>und überzeugend, ganz Glaubenssicherheit und Herzensfrömmig¬</Unicode>
                </TextEquiv>
            </TextLine>
            <TextLine id="r1l103" custom="readingOrder {index:102;}">
                <Coords points="390,2440 415,2438 437,2449 462,2447 468,2440 471,2443 492,2441 488,2392 466,2390 455,2398 424,2400 418,2404 387,2404"/>
                <Baseline points="406,2438 441,2435 476,2432"/>
                <TextEquiv>
                    <Unicode>licht</Unicode>
                </TextEquiv>
            </TextLine>
            <TextLine id="r1l104" custom="readingOrder {index:103;}">
                <Coords points="133,2446 157,2446 170,2450 192,2438 198,2442 225,2442 227,2405 208,2405 205,2408 190,2404 171,2410 162,2406 134,2406"/>
                <Baseline points="147,2438 178,2437 210,2440"/>
                <TextEquiv>
                    <Unicode>nung</Unicode>
                </TextEquiv>
            </TextLine>
            <TextLine id="r1l105" custom="readingOrder {index:104;}">
                <Coords points="549,2469 1644,2449 1743,2435 1742,2391 548,2426"/>
                <Baseline points="566,2462 624,2459 682,2457 740,2455 798,2453 856,2451 914,2450 972,2449 1030,2449 1088,2448 1146,2447 1204,2447 1262,2446 1320,2445 1378,2444 1436,2442 1494,2441 1552,2439 1610,2437 1668,2433 1727,2430"/>
                <TextEquiv>
                    <Unicode>stoßen und weil die klerikale Weltanschauung eben nicht anders</Unicode>
                </TextEquiv>
            </TextLine>
            <TextLine id="r1l106" custom="readingOrder {index:105;}">
                <Coords points="1746,2490 2989,2469 3015,2425 1744,2447"/>
                <Baseline points="1762,2487 1827,2485 1892,2483 1957,2481 2022,2480 2088,2478 2153,2477 2218,2475 2283,2474 2348,2472 2414,2471 2479,2469 2544,2467 2609,2465 2674,2464 2740,2462 2805,2459 2870,2457 2935,2454 3001,2451"/>
                <TextEquiv>
                    <Unicode>keit war, Herr Nhil, der den Professor Bernhardi kraftvoll und</Unicode>
                </TextEquiv>
            </TextLine>
            <TextLine id="r1l107" custom="readingOrder {index:106;}">
                <Coords points="382,2488 444,2478 453,2481 465,2474 471,2477 493,2472 491,2441 472,2442 466,2446 442,2444 432,2439 380,2441"/>
                <Baseline points="396,2474 422,2472 449,2470 476,2470"/>
                <TextEquiv>
                    <Unicode>chla¬</Unicode>
                </TextEquiv>
            </TextLine>
            <TextLine id="r1l108" custom="readingOrder {index:107;}">
                <Coords points="560,2511 1643,2500 1747,2482 1746,2436 559,2468"/>
                <Baseline points="574,2500 635,2499 696,2498 757,2497 818,2496 879,2495 940,2494 1001,2493 1062,2491 1123,2490 1184,2488 1245,2487 1306,2486 1367,2484 1428,2482 1489,2480 1550,2478 1611,2476 1672,2474 1733,2472"/>
                <TextEquiv>
                    <Unicode>kann, als den Arzt verdammen, der den Priester vom Bett</Unicode>
                </TextEquiv>
            </TextLine>
            <TextLine id="r1l109" custom="readingOrder {index:108;}">
                <Coords points="1742,2529 2930,2525 3015,2495 3014,2445 1741,2492"/>
                <Baseline points="1756,2526 1818,2525 1880,2523 1942,2522 2004,2520 2067,2518 2129,2517 2191,2515 2253,2514 2315,2512 2378,2511 2440,2509 2502,2507 2564,2506 2626,2503 2689,2502 2751,2500 2813,2498 2875,2496 2937,2494 3000,2491"/>
                <TextEquiv>
                    <Unicode>überlegen gab, und Herr Lang, der den Minister mit wirkungs¬</Unicode>
                </TextEquiv>
            </TextLine>
            <TextLine id="r1l110" custom="readingOrder {index:109;}">
                <Coords points="306,2525 346,2517 383,2534 392,2524 405,2533 429,2519 448,2522 474,2499 496,2495 495,2470 464,2468 446,2482 399,2471 375,2479 365,2473 350,2483 331,2474 325,2481 304,2482"/>
                <Baseline points="321,2515 347,2516 374,2516 401,2514 427,2513 454,2511 481,2509"/>
                <TextEquiv>
                    <Unicode>de zuge¬</Unicode>
                </TextEquiv>
            </TextLine>
            <TextLine id="r1l111" custom="readingOrder {index:110;}">
                <Coords points="146,2531 177,2534 189,2522 214,2525 223,2515 235,2515 245,2524 272,2521 272,2475 253,2472 244,2481 192,2485 164,2466 145,2467"/>
                <Baseline points="161,2517 193,2515 225,2516 257,2515"/>
                <TextEquiv>
                    <Unicode>hem E</Unicode>
                </TextEquiv>
            </TextLine>
            <TextLine id="r1l112" custom="readingOrder {index:111;}">
                <Coords points="560,2549 659,2555 680,2536 702,2557 1004,2549 1117,2515 1117,2490 558,2506"/>
                <Baseline points="574,2540 600,2539 626,2539 653,2538 679,2537 706,2536 732,2536 759,2535 785,2534 812,2533 838,2533 864,2532 891,2531 917,2530 944,2530 970,2529 997,2528 1023,2527 1050,2527 1076,2526 1103,2525"/>
                <TextEquiv>
                    <Unicode>einer Sterbenden fernhält.“</Unicode>
                </TextEquiv>
            </TextLine>
            <TextLine id="r1l113" custom="readingOrder {index:112;}">
                <Coords points="1756,2584 2588,2550 2587,2513 1754,2531"/>
                <Baseline points="1770,2564 1810,2563 1850,2563 1890,2562 1930,2561 1970,2561 2010,2560 2051,2559 2091,2558 2131,2556 2171,2556 2211,2555 2251,2553 2291,2552 2332,2550 2372,2549 2412,2547 2452,2545 2492,2544 2532,2542 2573,2540"/>
                <TextEquiv>
                    <Unicode>vollem selbstironischem Unterion darstellte.</Unicode>
                </TextEquiv>
            </TextLine>
            <TextLine id="r1l114" custom="readingOrder {index:113;}">
                <Coords points="166,2559 253,2570 277,2557 330,2566 376,2556 472,2561 490,2557 490,2514 342,2516 305,2529 234,2515 166,2525"/>
                <Baseline points="182,2560 208,2558 235,2557 261,2556 288,2556 315,2557 341,2557 368,2557 395,2557 421,2556 448,2554 475,2552"/>
                <TextEquiv>
                    <Unicode>spielt, wo die</Unicode>
                </TextEquiv>
            </TextLine>
            <TextLine id="r1l115" custom="readingOrder {index:114;}">
                <Coords points="580,2586 1752,2570 1751,2515 579,2552"/>
                <Baseline points="596,2590 653,2588 710,2587 767,2585 824,2584 881,2583 938,2583 995,2582 1052,2581 1109,2580 1166,2579 1223,2579 1280,2577 1337,2576 1394,2575 1451,2573 1508,2572 1565,2569 1622,2567 1679,2564 1737,2561"/>
                <TextEquiv>
                    <Unicode>Und ebenso kann man Goldmann nur Recht geben, wenn er</Unicode>
                </TextEquiv>
            </TextLine>
            <TextLine id="r1l116" custom="readingOrder {index:115;}">
                <Coords points="1826,2612 3001,2586 3011,2523 1824,2575"/>
                <Baseline points="1841,2605 1898,2604 1956,2602 2014,2600 2072,2599 2129,2597 2187,2596 2245,2594 2303,2592 2360,2591 2418,2589 2476,2587 2534,2585 2591,2584 2649,2582 2707,2580 2765,2578 2822,2576 2880,2574 2938,2572 2996,2571"/>
                <TextEquiv>
                    <Unicode>Den antisemitischen Professor Ebenwald stattete Herr</Unicode>
                </TextEquiv>
            </TextLine>
            <TextLine id="r1l117" custom="readingOrder {index:116;}">
                <Coords points="132,2605 228,2600 256,2615 302,2602 493,2605 493,2568 434,2557 190,2567 168,2555 153,2571 132,2568"/>
                <Baseline points="149,2597 174,2596 199,2596 225,2595 250,2595 275,2594 301,2594 326,2593 352,2593 377,2593 402,2592 428,2592 453,2592 479,2591"/>
                <TextEquiv>
                    <Unicode>würde Bernhardi</Unicode>
                </TextEquiv>
            </TextLine>
            <TextLine id="r1l118" custom="readingOrder {index:117;}">
                <Coords points="511,2641 1766,2601 1765,2561 510,2567"/>
                <Baseline points="527,2633 588,2631 649,2629 710,2627 771,2627 833,2626 894,2625 955,2625 1016,2624 1077,2624 1139,2624 1200,2623 1261,2622 1322,2621 1383,2620 1445,2618 1506,2616 1567,2613 1628,2609 1689,2605 1751,2601"/>
                <TextEquiv>
                    <Unicode>im Verfolg seiner Betrachtungen die Aufgabe, die sich Schnitzler</Unicode>
                </TextEquiv>
            </TextLine>
            <TextLine id="r1l119" custom="readingOrder {index:118;}">
                <Coords points="1755,2661 3000,2622 3027,2566 1753,2599"/>
                <Baseline points="1769,2649 1831,2646 1893,2644 1955,2642 2017,2640 2080,2639 2142,2636 2204,2635 2266,2633 2328,2632 2391,2631 2453,2630 2515,2628 2577,2627 2639,2625 2702,2624 2764,2622 2826,2620 2888,2618 2950,2615 3013,2612"/>
                <TextEquiv>
                    <Unicode>Montor mit wirkungsvoller äußerer Gemütlichkeit und wasch¬</Unicode>
                </TextEquiv>
            </TextLine>
            <TextLine id="r1l120" custom="readingOrder {index:119;}">
                <Coords points="136,2649 254,2657 278,2641 448,2640 476,2664 516,2664 515,2580 478,2602 373,2591 136,2606"/>
                <Baseline points="153,2637 179,2637 206,2636 233,2636 259,2635 286,2635 313,2634 339,2634 366,2633 393,2633 419,2633 446,2634 473,2634 500,2636"/>
                <TextEquiv>
                    <Unicode>thisch genommen,</Unicode>
                </TextEquiv>
            </TextLine>
            <TextLine id="r1l121" custom="readingOrder {index:120;}">
                <Coords points="1399,2644 1427,2639 1430,2642 1445,2640 1440,2606 1394,2613"/>
                <Baseline points="1415,2637 1429,2635"/>
                <TextEquiv>
                    <Unicode>72</Unicode>
                </TextEquiv>
            </TextLine>
            <TextLine id="r1l122" custom="readingOrder {index:121;}">
                <Coords points="518,2682 1727,2655 1738,2608 517,2636"/>
                <Baseline points="533,2674 592,2673 652,2672 711,2671 771,2670 831,2669 890,2668 950,2668 1009,2667 1069,2666 1129,2665 1188,2664 1248,2662 1307,2661 1367,2659 1427,2657 1486,2655 1546,2653 1605,2650 1665,2647 1725,2643"/>
                <TextEquiv>
                    <Unicode>gestellt hat, dahin fixiert, daß der Dichter das Schicksal eines</Unicode>
                </TextEquiv>
            </TextLine>
            <TextLine id="r1l123" custom="readingOrder {index:122;}">
                <Coords points="1762,2692 3026,2648 3022,2614 1761,2652"/>
                <Baseline points="1776,2690 1837,2687 1899,2685 1961,2683 2023,2681 2084,2679 2146,2677 2208,2675 2270,2673 2331,2672 2393,2670 2455,2668 2517,2667 2578,2665 2640,2664 2702,2662 2764,2661 2825,2660 2887,2658 2949,2656 3011,2655"/>
                <TextEquiv>
                    <Unicode>ichtem Dialekt aus, wohingegen Herr Andresen für seinen</Unicode>
                </TextEquiv>
            </TextLine>
            <TextLine id="r1l124" custom="readingOrder {index:123;}">
                <Coords points="129,2686 234,2691 262,2676 277,2691 345,2681 388,2693 407,2683 459,2689 487,2677 487,2643 289,2632 258,2651 129,2646"/>
                <Baseline points="143,2681 168,2680 193,2679 219,2678 244,2677 269,2677 295,2676 320,2676 346,2676 371,2676 396,2677 422,2677 447,2677 473,2678"/>
                <TextEquiv>
                    <Unicode>itigen Frankreich,</Unicode>
                </TextEquiv>
            </TextLine>
            <TextLine id="r1l125" custom="readingOrder {index:124;}">
                <Coords points="517,2721 1735,2698 1756,2649 516,2675"/>
                <Baseline points="531,2712 591,2711 652,2709 712,2709 773,2708 833,2707 894,2706 954,2706 1015,2705 1075,2705 1136,2704 1196,2703 1257,2702 1317,2701 1378,2700 1438,2698 1499,2696 1559,2694 1620,2691 1680,2688 1741,2685"/>
                <TextEquiv>
                    <Unicode>Mannes schildern wollte, der ganz seinem Beruf lebt und der</Unicode>
                </TextEquiv>
            </TextLine>
            <TextLine id="r1l126" custom="readingOrder {index:125;}">
                <Coords points="1751,2733 3009,2688 3007,2648 2853,2644 1749,2693"/>
                <Baseline points="1766,2732 1827,2730 1888,2726 1950,2724 2011,2722 2072,2720 2134,2717 2195,2715 2256,2713 2318,2712 2379,2710 2440,2708 2502,2706 2563,2705 2624,2703 2686,2701 2747,2700 2808,2698 2870,2696 2931,2695 2993,2693"/>
                <TextEquiv>
                    <Unicode>Professor Tugendvetter nur ein Idiom aufbrachte, das nördlich</Unicode>
                </TextEquiv>
            </TextLine>
            <TextLine id="r1l127" custom="readingOrder {index:126;}">
                <Coords points="149,2736 174,2729 196,2741 232,2715 254,2730 316,2725 344,2740 365,2724 412,2741 495,2726 493,2665 474,2662 438,2679 271,2683 262,2674 148,2687"/>
                <Baseline points="165,2721 191,2719 217,2717 243,2717 269,2716 295,2715 322,2715 348,2715 374,2714 400,2714 426,2712 452,2711 479,2709"/>
                <TextEquiv>
                    <Unicode>zu Grunde ge¬</Unicode>
                </TextEquiv>
            </TextLine>
            <TextLine id="r1l128" custom="readingOrder {index:127;}">
                <Coords points="524,2757 1746,2727 1745,2687 1661,2679 523,2717"/>
                <Baseline points="540,2752 599,2751 659,2749 718,2748 778,2747 837,2746 897,2745 956,2744 1016,2743 1075,2742 1135,2741 1194,2741 1254,2739 1313,2738 1373,2737 1432,2735 1492,2734 1551,2732 1611,2730 1670,2728 1730,2725"/>
                <TextEquiv>
                    <Unicode>plötzlich eben durch einen reinen Berufs=Akt mitten in den Stru¬</Unicode>
                </TextEquiv>
            </TextLine>
            <TextLine id="r1l129" custom="readingOrder {index:128;}">
                <Coords points="1751,2779 3016,2738 3014,2683 1750,2733"/>
                <Baseline points="1766,2772 1827,2770 1889,2767 1951,2765 2013,2763 2074,2761 2136,2759 2198,2756 2260,2754 2321,2753 2383,2750 2445,2749 2507,2746 2568,2745 2630,2743 2692,2741 2754,2739 2815,2737 2877,2735 2939,2733 3001,2731"/>
                <TextEquiv>
                    <Unicode>von Bodenbach gewachsen war. Ganz famos war Herrn Sar¬</Unicode>
                </TextEquiv>
            </TextLine>
            <TextLine id="r1l130" custom="readingOrder {index:129;}">
                <Coords points="523,2798 1760,2779 1737,2727 522,2740"/>
                <Baseline points="538,2792 598,2790 658,2789 718,2788 779,2787 839,2786 899,2785 959,2784 1020,2783 1080,2782 1140,2781 1200,2780 1261,2779 1321,2778 1381,2777 1441,2776 1502,2774 1562,2773 1622,2772 1682,2770 1743,2768"/>
                <TextEquiv>
                    <Unicode>del der Politik hineingerissen wird, von dem er nichts weiß und</Unicode>
                </TextEquiv>
            </TextLine>
            <TextLine id="r1l131" custom="readingOrder {index:130;}">
                <Coords points="129,2812 441,2816 472,2803 493,2809 493,2766 410,2766 363,2748 320,2749 292,2771 129,2769"/>
                <Baseline points="144,2806 169,2806 195,2806 220,2806 246,2806 272,2806 297,2806 323,2806 348,2805 374,2805 400,2804 425,2804 451,2803 477,2803"/>
                <TextEquiv>
                    <Unicode>er aber nicht. Er</Unicode>
                </TextEquiv>
            </TextLine>
            <TextLine id="r1l132" custom="readingOrder {index:131;}">
                <Coords points="518,2845 3013,2776 517,2798"/>
                <Baseline points="532,2832 655,2830 778,2828 902,2826 1025,2824 1148,2822 1272,2819 1395,2817 1518,2814 1642,2811 1765,2808 1888,2805 2012,2801 2135,2798 2258,2794 2382,2791 2505,2787 2628,2783 2752,2779 2875,2775 2999,2771"/>
                <TextEquiv>
                    <Unicode>nichts wissen will. Schnitzler behandilt dies Thema ganz objek= torys Dr. Löwenstein: in solchen Rollen entfaltet sich das</Unicode>
                </TextEquiv>
            </TextLine>
            <TextLine id="r1l133" custom="readingOrder {index:132;}">
                <Coords points="529,2879 2987,2826 3017,2766 528,2836"/>
                <Baseline points="545,2871 667,2869 790,2867 913,2864 1036,2862 1159,2860 1282,2857 1405,2855 1528,2853 1651,2850 1774,2847 1896,2845 2019,2842 2142,2838 2265,2835 2388,2832 2511,2828 2634,2823 2757,2819 2880,2814 3003,2809"/>
                <TextEquiv>
                    <Unicode>tiv: er gibt keiner der beiden Parteien Recht oder Unrecht. Er Können dieses Darstellers weit besser, als wenn er ernste Väter</Unicode>
                </TextEquiv>
            </TextLine>
            <TextLine id="r1l134" custom="readingOrder {index:133;}">
                <Coords points="125,2868 248,2849 495,2857 495,2817 461,2811 396,2805 356,2818 297,2812 285,2800 177,2819 125,2810"/>
                <Baseline points="141,2850 167,2849 193,2849 219,2849 245,2849 271,2849 297,2849 324,2849 350,2849 376,2849 402,2849 428,2848 454,2848 481,2846"/>
                <TextEquiv>
                    <Unicode>Problem Stellung</Unicode>
                </TextEquiv>
            </TextLine>
            <TextLine id="r1l135" custom="readingOrder {index:134;}">
                <Coords points="124,2895 232,2890 260,2905 325,2889 362,2907 396,2888 510,2880 509,2836 429,2856 309,2846 124,2864"/>
                <Baseline points="141,2887 166,2887 191,2887 216,2887 241,2887 266,2887 291,2887 317,2886 342,2886 367,2885 392,2885 417,2884 442,2883 467,2882 493,2881"/>
                <TextEquiv>
                    <Unicode>er bedingungslos</Unicode>
                </TextEquiv>
            </TextLine>
            <TextLine id="r1l136" custom="readingOrder {index:135;}">
                <Coords points="532,2919 3013,2814 531,2876"/>
                <Baseline points="547,2912 669,2910 792,2907 914,2905 1037,2903 1160,2900 1282,2898 1405,2896 1527,2893 1650,2891 1773,2888 1895,2885 2018,2883 2140,2880 2263,2877 2386,2873 2508,2869 2631,2865 2753,2861 2876,2856 2999,2851"/>
                <TextEquiv>
                    <Unicode>schildert einfach, was er sieht schildert es allerdings als Ironiker, und würdige Greise mimt. Herrn Brahms Cyprian war von</Unicode>
                </TextEquiv>
            </TextLine>
            <TextLine id="r1l137" custom="readingOrder {index:136;}">
                <Coords points="1761,2937 3019,2891 3018,2854 2900,2839 1760,2897"/>
                <Baseline points="1778,2936 1839,2932 1900,2929 1961,2926 2023,2924 2084,2921 2145,2919 2206,2916 2268,2915 2329,2913 2390,2911 2451,2909 2513,2907 2574,2906 2635,2904 2696,2903 2758,2901 2819,2899 2880,2898 2941,2895 3003,2894"/>
                <TextEquiv>
                    <Unicode>dem mangelhaften Dialekt abgesehen, ein Kabinettstück feiner</Unicode>
                </TextEquiv>
            </TextLine>
            <TextLine id="r1l138" custom="readingOrder {index:137;}">
                <Coords points="131,2929 221,2938 249,2922 270,2937 499,2925 498,2882 479,2879 427,2895 393,2889 378,2905 325,2890 292,2903 273,2891 131,2889"/>
                <Baseline points="147,2925 172,2926 198,2927 224,2927 250,2928 276,2928 302,2927 327,2927 353,2926 379,2926 405,2925 431,2924 457,2923 483,2921"/>
                <TextEquiv>
                    <Unicode>recht gabe. Das</Unicode>
                </TextEquiv>
            </TextLine>
            <TextLine id="r1l139" custom="readingOrder {index:138;}">
                <Coords points="530,2957 1742,2942 1756,2879 529,2920"/>
                <Baseline points="544,2954 607,2952 670,2951 733,2949 796,2948 859,2947 922,2945 985,2944 1048,2942 1111,2941 1175,2940 1238,2938 1301,2937 1364,2935 1427,2934 1490,2933 1553,2931 1616,2929 1679,2928 1743,2926"/>
                <TextEquiv>
                    <Unicode>Aber seine Ironie trifft rechts und links gleicherweise. Es ist</Unicode>
                </TextEquiv>
            </TextLine>
            <TextLine id="r1l140" custom="readingOrder {index:139;}">
                <Coords points="1766,2980 2981,2942 3024,2937 3022,2885 1764,2937"/>
                <Baseline points="1780,2974 1841,2971 1902,2968 1964,2966 2025,2963 2087,2961 2148,2959 2209,2957 2271,2954 2332,2952 2394,2950 2455,2948 2516,2946 2578,2944 2639,2942 2701,2940 2762,2938 2823,2936 2885,2935 2946,2933 3008,2932"/>
                <TextEquiv>
                    <Unicode>Charakteristik und mit einer dem Leben abgelauschten Suade gab</Unicode>
                </TextEquiv>
            </TextLine>
            <TextLine id="r1l141" custom="readingOrder {index:140;}">
                <Coords points="148,2969 182,2980 305,2969 456,2978 478,2962 503,2965 502,2928 280,2923 147,2935"/>
                <Baseline points="163,2969 190,2968 217,2967 244,2966 271,2965 298,2964 325,2964 352,2963 379,2963 406,2963 433,2963 460,2963 487,2963"/>
                <TextEquiv>
                    <Unicode>selbstverständlich</Unicode>
                </TextEquiv>
            </TextLine>
            <TextLine id="r1l142" custom="readingOrder {index:141;}">
                <Coords points="522,3004 1734,2982 1764,2932 521,2958"/>
                <Baseline points="538,2994 598,2993 659,2991 719,2990 780,2989 840,2988 901,2987 961,2986 1022,2985 1082,2984 1143,2982 1204,2981 1264,2980 1325,2979 1385,2977 1446,2976 1506,2975 1567,2973 1627,2971 1688,2970 1749,2968"/>
                <TextEquiv>
                    <Unicode>besonders fein, daß er eben den Dr. Wenger, für den sich Bern¬</Unicode>
                </TextEquiv>
            </TextLine>
            <TextLine id="r1l143" custom="readingOrder {index:142;}">
                <Coords points="1759,3023 3024,2985 3022,2933 1758,2980"/>
                <Baseline points="1774,3016 1835,3013 1897,3010 1958,3007 2020,3004 2082,3002 2143,2999 2205,2997 2267,2995 2328,2993 2390,2991 2452,2989 2513,2987 2575,2985 2637,2984 2698,2981 2760,2980 2822,2978 2883,2975 2945,2973 3007,2971"/>
                <TextEquiv>
                    <Unicode>Herr Kreidemann wirkungsvoll den freiheitlichen Professor</Unicode>
                </TextEquiv>
            </TextLine>
            <TextLine id="r1l144" custom="readingOrder {index:143;}">
                <Coords points="122,3012 187,3024 202,3011 257,3019 279,3006 288,3016 393,3023 464,3012 501,3024 500,2965 463,2954 399,2977 121,2969"/>
                <Baseline points="137,3008 163,3008 190,3008 217,3007 244,3007 270,3007 297,3006 324,3006 351,3005 377,3005 404,3004 431,3003 458,3003 485,3002"/>
                <TextEquiv>
                    <Unicode>Per sich konsequent</Unicode>
                </TextEquiv>
            </TextLine>
            <TextLine id="r1l145" custom="readingOrder {index:144;}">
                <Coords points="529,3044 1760,3009 1759,2972 528,2998"/>
                <Baseline points="543,3035 603,3033 663,3032 723,3031 783,3030 843,3028 903,3027 963,3026 1023,3025 1083,3024 1144,3023 1204,3022 1264,3020 1324,3019 1384,3018 1444,3017 1504,3015 1564,3014 1624,3012 1684,3010 1745,3008"/>
                <TextEquiv>
                    <Unicode>hardi dem Sturm aussetzt, nach Ausbruch des Sturms zue Ge¬</Unicode>
                </TextEquiv>
            </TextLine>
            <TextLine id="r1l146" custom="readingOrder {index:145;}">
                <Coords points="1764,3058 3022,3035 3021,2982 1763,3021"/>
                <Baseline points="1780,3060 1841,3055 1902,3052 1963,3049 2025,3046 2086,3043 2147,3041 2209,3039 2270,3036 2331,3034 2393,3032 2454,3030 2515,3029 2576,3027 2638,3025 2699,3023 2760,3021 2822,3019 2883,3017 2944,3014 3006,3012"/>
                <TextEquiv>
                    <Unicode>Pflugfelder. Fräulein Mays Krankenschwester, Herrn Pich¬</Unicode>
                </TextEquiv>
            </TextLine>
            <TextLine id="r1l147" custom="readingOrder {index:146;}">
                <Coords points="119,3050 202,3049 215,3061 276,3045 301,3057 474,3052 501,3045 501,3024 461,3012 356,3016 303,2989 266,3014 217,3009 189,3024 118,3007"/>
                <Baseline points="135,3049 160,3048 185,3047 210,3046 235,3046 260,3045 285,3045 310,3045 335,3045 360,3045 385,3045 410,3045 435,3044 460,3044 485,3043"/>
                <TextEquiv>
                    <Unicode>Alt, der kann von</Unicode>
                </TextEquiv>
            </TextLine>
            <TextLine id="r1l148" custom="readingOrder {index:147;}">
                <Coords points="523,3093 1769,3060 1767,3002 522,3044"/>
                <Baseline points="537,3079 597,3077 658,3075 719,3073 780,3071 841,3069 901,3068 962,3066 1023,3065 1084,3064 1145,3062 1205,3061 1266,3060 1327,3059 1388,3058 1449,3057 1509,3056 1570,3055 1631,3054 1692,3053 1753,3052"/>
                <TextEquiv>
                    <Unicode>genpartei treten läßt. Und selbst seinen Helden zeichnet er nicht</Unicode>
                </TextEquiv>
            </TextLine>
            <TextLine id="r1l149" custom="readingOrder {index:148;}">
                <Coords points="1765,3103 3014,3066 3012,3013 1764,3060"/>
                <Baseline points="1780,3097 1840,3094 1901,3091 1962,3089 2023,3086 2084,3084 2145,3082 2206,3079 2267,3077 2328,3075 2389,3073 2449,3071 2510,3069 2571,3066 2632,3065 2693,3063 2754,3061 2815,3059 2876,3058 2937,3056 2998,3054"/>
                <TextEquiv>
                    <Unicode>lers Hochroihpointner und Herrn Kallenbergers Dr.</Unicode>
                </TextEquiv>
            </TextLine>
            <TextLine id="r1l150" custom="readingOrder {index:149;}">
                <Coords points="126,3099 212,3091 240,3109 265,3087 388,3100 496,3085 495,3054 446,3046 125,3052"/>
                <Baseline points="141,3089 167,3089 193,3088 219,3087 245,3087 271,3087 297,3086 324,3086 350,3086 376,3085 402,3085 428,3083 454,3083 481,3081"/>
                <TextEquiv>
                    <Unicode>kehr sprechen: für</Unicode>
                </TextEquiv>
            </TextLine>
            <TextLine id="r1l151" custom="readingOrder {index:150;}">
                <Coords points="524,3116 1755,3107 1754,3057 1659,3050 523,3064"/>
                <Baseline points="541,3115 600,3114 660,3112 720,3111 780,3110 840,3109 900,3107 960,3106 1020,3105 1080,3104 1140,3102 1199,3101 1259,3100 1319,3099 1379,3098 1439,3097 1499,3097 1559,3096 1619,3096 1679,3095 1739,3095"/>
                <TextEquiv>
                    <Unicode>als Idealfigur, sondern gibt ihm mancherlei Schwächen mit auf</Unicode>
                </TextEquiv>
            </TextLine>
            <TextLine id="r1l152" custom="readingOrder {index:151;}">
                <Coords points="1758,3148 3031,3108 3030,3062 1756,3102"/>
                <Baseline points="1773,3139 1835,3135 1897,3132 1959,3128 2021,3126 2083,3123 2145,3121 2207,3119 2269,3116 2331,3114 2394,3112 2456,3111 2518,3109 2580,3107 2642,3105 2704,3103 2766,3102 2828,3100 2890,3098 2952,3096 3015,3094"/>
                <TextEquiv>
                    <Unicode>Feuermann verdienen noch anerkennend genannt zu werden. Nicht</Unicode>
                </TextEquiv>
            </TextLine>
            <TextLine id="r1l153" custom="readingOrder {index:152;}">
                <Coords points="136,3127 285,3132 303,3148 325,3129 365,3135 380,3122 402,3135 454,3128 467,3140 494,3115 513,3115 512,3078 414,3088 383,3073 355,3092 263,3089 241,3105 179,3081 136,3090"/>
                <Baseline points="153,3127 179,3127 205,3127 232,3127 258,3126 284,3126 311,3126 337,3125 364,3125 390,3125 416,3125 443,3125 469,3125 496,3126"/>
                <TextEquiv>
                    <Unicode>den stehen auch</Unicode>
                </TextEquiv>
            </TextLine>
            <TextLine id="r1l154" custom="readingOrder {index:153;}">
                <Coords points="529,3158 1763,3146 1762,3100 1681,3089 528,3115"/>
                <Baseline points="543,3153 603,3153 663,3152 723,3152 783,3151 844,3150 904,3148 964,3147 1024,3146 1084,3145 1145,3143 1205,3142 1265,3140 1325,3139 1385,3137 1446,3136 1506,3135 1566,3134 1626,3134 1686,3133 1747,3133"/>
                <TextEquiv>
                    <Unicode>den Weg, vor allem eine Weltfremdheit, die manchmal wie Bor¬</Unicode>
                </TextEquiv>
            </TextLine>
            <TextLine id="r1l155" custom="readingOrder {index:154;}">
                <Coords points="1771,3183 2922,3165 3023,3133 3021,3090 2688,3092 1770,3143"/>
                <Baseline points="1785,3177 1846,3174 1907,3171 1968,3168 2029,3165 2090,3163 2151,3160 2213,3158 2274,3156 2335,3155 2396,3152 2457,3151 2518,3149 2579,3147 2641,3145 2702,3143 2763,3141 2824,3139 2885,3137 2946,3134 3008,3131"/>
                <TextEquiv>
                    <Unicode>zu vergessen Herrn Wlach, der einen raunzerischen Hofrat, eigen¬</Unicode>
                </TextEquiv>
            </TextLine>
            <TextLine id="r1l156" custom="readingOrder {index:155;}">
                <Coords points="141,3181 313,3165 391,3185 409,3172 477,3167 511,3179 510,3120 473,3131 377,3120 362,3136 328,3128 309,3144 297,3131 177,3137 139,3117"/>
                <Baseline points="155,3169 181,3168 207,3167 233,3167 259,3167 285,3167 311,3166 338,3166 364,3165 390,3164 416,3164 442,3163 468,3161 495,3159"/>
                <TextEquiv>
                    <Unicode>hiedenen Entwick¬</Unicode>
                </TextEquiv>
            </TextLine>
            <TextLine id="r1l157" custom="readingOrder {index:156;}">
                <Coords points="525,3211 1755,3188 1764,3135 524,3159"/>
                <Baseline points="541,3195 601,3194 661,3193 722,3192 782,3191 843,3190 903,3189 963,3187 1024,3186 1084,3184 1145,3183 1205,3182 1265,3181 1326,3180 1386,3178 1447,3177 1507,3176 1567,3176 1628,3175 1688,3174 1749,3173"/>
                <TextEquiv>
                    <Unicode>niertheit wirkt. So geschickt hat der Künstler in seinem Massen¬</Unicode>
                </TextEquiv>
            </TextLine>
            <TextLine id="r1l158" custom="readingOrder {index:157;}">
                <Coords points="1763,3236 2737,3195 2779,3156 2250,3141 1761,3187"/>
                <Baseline points="1779,3219 1828,3216 1877,3212 1926,3210 1976,3207 2025,3204 2074,3202 2123,3200 2173,3198 2222,3196 2271,3195 2320,3193 2370,3192 2419,3190 2468,3189 2517,3188 2567,3187 2616,3185 2665,3184 2714,3182 2764,3180"/>
                <TextEquiv>
                    <Unicode>stes Wiener Gewächs, mit zündender Laune svielte.</Unicode>
                </TextEquiv>
            </TextLine>
            <TextLine id="r1l159" custom="readingOrder {index:158;}">
                <Coords points="140,3211 291,3225 307,3216 375,3225 390,3209 507,3218 507,3169 390,3185 313,3164 140,3183"/>
                <Baseline points="155,3211 180,3210 206,3208 232,3208 258,3207 284,3207 310,3207 335,3207 361,3208 387,3208 413,3208 439,3208 465,3207 491,3207"/>
                <TextEquiv>
                    <Unicode>dem Punkt, auf</Unicode>
                </TextEquiv>
            </TextLine>
            <TextLine id="r1l160" custom="readingOrder {index:159;}">
                <Coords points="526,3243 1522,3214 1609,3244 1757,3229 1756,3176 525,3197"/>
                <Baseline points="541,3236 601,3235 661,3234 721,3233 781,3232 841,3231 901,3230 961,3229 1021,3228 1081,3227 1141,3226 1201,3225 1261,3224 1321,3223 1381,3222 1441,3221 1501,3220 1561,3219 1621,3218 1681,3217 1742,3216"/>
                <TextEquiv>
                    <Unicode>gemälde Licht und Schatten verteilt, daß keine der beiden strei¬</Unicode>
                </TextEquiv>
            </TextLine>
            <TextLine id="r1l161" custom="readingOrder {index:160;}">
                <Coords points="1833,3256 2990,3228 3025,3159 1832,3219"/>
                <Baseline points="1848,3256 1906,3252 1964,3249 2022,3245 2080,3243 2138,3240 2196,3238 2255,3236 2313,3235 2371,3233 2429,3232 2487,3230 2545,3229 2603,3228 2662,3226 2720,3224 2778,3223 2836,3220 2894,3218 2952,3216 3011,3212"/>
                <TextEquiv>
                    <Unicode>Das Haus war ausverkauft und auf Sensation gestimmt. Der</Unicode>
                </TextEquiv>
            </TextLine>
            <TextLine id="r1l162" custom="readingOrder {index:161;}">
                <Coords points="136,3256 253,3260 284,3240 312,3258 383,3241 405,3260 420,3250 472,3255 515,3239 515,3208 345,3218 135,3209"/>
                <Baseline points="150,3248 176,3249 203,3249 230,3250 257,3250 284,3250 311,3249 337,3248 364,3247 391,3246 418,3245 445,3244 472,3244 499,3243"/>
                <TextEquiv>
                    <Unicode>kommen um diese</Unicode>
                </TextEquiv>
            </TextLine>
            <TextLine id="r1l163" custom="readingOrder {index:162;}">
                <Coords points="531,3302 1521,3271 1601,3260 1601,3220 530,3222"/>
                <Baseline points="547,3273 598,3273 650,3273 702,3273 754,3273 806,3272 858,3272 910,3271 962,3270 1014,3270 1066,3269 1117,3268 1169,3267 1221,3266 1273,3265 1325,3264 1377,3263 1429,3261 1481,3260 1533,3258 1585,3256"/>
                <TextEquiv>
                    <Unicode>tenden Parteien ihn als Eideshelfer heranziehen kann.</Unicode>
                </TextEquiv>
            </TextLine>
            <TextLine id="r1l164" custom="readingOrder {index:163;}">
                <Coords points="134,3298 288,3297 316,3284 369,3304 439,3286 489,3297 507,3294 506,3241 405,3260 382,3242 315,3259 296,3241 262,3255 133,3258"/>
                <Baseline points="149,3291 175,3291 201,3290 227,3290 254,3290 280,3290 306,3289 333,3289 359,3288 385,3286 412,3285 438,3284 464,3282 491,3280"/>
                <TextEquiv>
                    <Unicode>Sinn ist auf der</Unicode>
                </TextEquiv>
            </TextLine>
            <TextLine id="r1l165" custom="readingOrder {index:164;}">
                <Coords points="599,3322 3035,3246 598,3281"/>
                <Baseline points="615,3319 735,3319 855,3319 975,3318 1095,3316 1216,3314 1336,3311 1456,3308 1576,3305 1696,3301 1817,3296 1937,3292 2057,3288 2177,3283 2297,3278 2418,3274 2538,3270 2658,3266 2778,3262 2898,3259 3019,3256"/>
                <TextEquiv>
                    <Unicode>Vielleicht liegt eben hier die Fehlerwurzel des Stücks, das lehhafte Beifall rief zum Schluß mit den Darstellern auch Dr. *</Unicode>
                </TextEquiv>
            </TextLine>
            <TextLine id="r1l166" custom="readingOrder {index:165;}">
                <Coords points="129,3336 225,3341 246,3328 308,3343 323,3330 360,3342 410,3329 515,3345 514,3299 492,3303 480,3290 378,3304 326,3284 128,3290"/>
                <Baseline points="145,3328 170,3328 195,3328 220,3328 246,3328 271,3328 296,3328 322,3328 347,3327 372,3327 397,3326 423,3325 448,3324 473,3323 499,3321"/>
                <TextEquiv>
                    <Unicode>uung nicht mehr</Unicode>
                </TextEquiv>
            </TextLine>
            <TextLine id="r1l167" custom="readingOrder {index:166;}">
                <Coords points="535,3378 2598,3308 534,3322"/>
                <Baseline points="549,3360 650,3359 752,3359 854,3358 955,3357 1057,3356 1159,3354 1260,3352 1362,3350 1464,3348 1566,3346 1667,3343 1769,3340 1871,3337 1972,3333 2074,3330 2176,3325 2277,3321 2379,3317 2481,3311 2583,3306"/>
                <TextEquiv>
                    <Unicode>auf die Dauer nicht hält, was sein Anfang verspricht. Nach dem Hagemann wiederholt vor die Rampe.</Unicode>
                </TextEquiv>
            </TextLine>
            <TextLine id="r1l168" custom="readingOrder {index:167;}">
                <Coords points="2282,3379 2918,3372 2970,3349 3063,3375 3043,3286 3006,3321 2947,3294 2812,3318 2602,3290 2577,3315 2281,3326"/>
                <Baseline points="2298,3356 2335,3356 2372,3357 2410,3356 2447,3356 2485,3355 2522,3355 2560,3354 2597,3353 2635,3352 2672,3351 2709,3350 2747,3349 2784,3348 2822,3347 2859,3347 2897,3347 2934,3347 2972,3347 3009,3348 3047,3349"/>
                <TextEquiv>
                    <Unicode>Dr. Carl Müller-Rastalt%</Unicode>
                </TextEquiv>
            </TextLine>
            <TextLine id="r1l169" custom="readingOrder {index:168;}">
                <Coords points="127,3379 284,3377 305,3361 346,3376 370,3366 404,3384 420,3368 466,3374 512,3354 511,3323 379,3332 363,3317 335,3317 323,3330 265,3331 231,3319 212,3338 126,3336"/>
                <Baseline points="142,3366 167,3368 192,3368 218,3368 243,3368 269,3368 294,3367 320,3366 345,3365 370,3365 396,3364 421,3363 447,3363 472,3363 498,3364"/>
                <TextEquiv>
                    <Unicode>tmanns in ihrer</Unicode>
                </TextEquiv>
            </TextLine>
            <TextLine id="r1l170" custom="readingOrder {index:169;}">
                <Coords points="532,3411 1788,3407 1762,3346 532,3367"/>
                <Baseline points="547,3405 608,3404 669,3402 730,3401 792,3400 853,3399 914,3398 975,3397 1037,3396 1098,3395 1159,3395 1220,3394 1282,3393 1343,3392 1404,3392 1465,3391 1527,3390 1588,3389 1649,3387 1710,3386 1772,3385"/>
                <TextEquiv>
                    <Unicode>ersten starken Akt folgen vier andere, die im Grunde nur kluges</Unicode>
                </TextEquiv>
            </TextLine>
            <TextLine id="r1l171" custom="readingOrder {index:170;}">
                <Coords points="136,3416 235,3411 253,3423 272,3411 327,3422 395,3402 420,3414 509,3413 508,3354 462,3355 407,3381 366,3363 357,3372 305,3361 283,3377 135,3373"/>
                <Baseline points="151,3411 177,3411 203,3410 230,3408 256,3408 283,3407 309,3407 336,3406 362,3406 389,3406 415,3406 442,3405 468,3405 495,3405"/>
                <TextEquiv>
                    <Unicode>ich Schnitzler. Bei</Unicode>
                </TextEquiv>
            </TextLine>
            <TextLine id="r1l172" custom="readingOrder {index:171;}">
                <Coords points="527,3458 1795,3425 1794,3379 526,3409"/>
                <Baseline points="541,3449 602,3448 664,3447 726,3446 788,3445 850,3443 912,3442 974,3441 1036,3440 1098,3438 1160,3437 1221,3436 1283,3435 1345,3434 1407,3432 1469,3431 1531,3430 1593,3429 1655,3429 1717,3428 1779,3428"/>
                <TextEquiv>
                    <Unicode>Geplauder sind. Was bis zum Schluß des Stückes noch geschieht,</Unicode>
                </TextEquiv>
            </TextLine>
            <TextLine id="r1l173" custom="readingOrder {index:172;}">
                <Coords points="142,3472 438,3474 487,3442 518,3448 517,3405 425,3415 394,3403 326,3420 141,3416"/>
                <Baseline points="158,3452 184,3450 211,3449 237,3448 264,3448 290,3448 317,3448 343,3448 370,3448 396,3448 423,3447 449,3446 476,3445 503,3443"/>
                <TextEquiv>
                    <Unicode>amas der Lebens¬</Unicode>
                </TextEquiv>
            </TextLine>
            <TextLine id="r1l174" custom="readingOrder {index:173;}">
                <Coords points="531,3508 1731,3498 1786,3478 1785,3416 530,3449"/>
                <Baseline points="547,3493 608,3492 669,3490 730,3489 791,3487 853,3486 914,3485 975,3484 1036,3482 1097,3482 1159,3480 1220,3479 1281,3478 1342,3477 1403,3476 1465,3475 1526,3474 1587,3473 1648,3472 1709,3471 1771,3470"/>
                <TextEquiv>
                    <Unicode>geschieht hinter der Szene. Auf der Szene wird nur ge¬</Unicode>
                </TextEquiv>
            </TextLine>
            <TextEquiv>
                <Unicode>box 30/4
25. Professer Bernhandi
Dies muß man festhalten, um zu verstehen, warum
nachher mit
K 
Grabentdrsa) det


Schnitzler mit dem zweiten Akt scheinbar ein ganz neues Stück galen.
aeenem
Gefänqnis be¬
anfängt. Der Konflikt zwischen Bernhardi und dem Pfarrer
sprochen. Für und wider gesprochen, und dahinter steht immer
hung ab, in die
kann, da die beiden nicht auf einer wüsten Insel, sondern im
einer Wieder¬
der Dichter und lächelt ironisch: ihr habt alle Recht oder vielmehr
Weltgetriebe leben, nicht zwischen ihnen allein ausgetragen
daß die Kran¬
ihr habt alle Unrecht. Man kann nicht sagen, daß dies Geplau¬
werden, sondern greift auf ihre Umwelt über. Und nun wird
Meineids be¬
der an sich langweilig wäre; dazu enthält es zu viel hübsche und
er Nebensache, wird nur Mittel im Parteikampf. Daß das
Er will seinem
witzige Vemerkungen. Der Anti=Semit, der auch noch Anti¬
lebens=echt ist, kann man schwerlich bestreiten. Schnitzlers In¬
Arier wird, weil er die Menschen als eine im allgemeinen recht
stinkt hat ihn hier ganz richtig geführt. Schade nur, daß er
mangelhafte Gesellschaft erkannt hat, ist z. B. eine Erfindung,
der
den
selbst zu sehr außerhalb des Parteigetriebes lebt, um das, was
um die man Schnitzler beneiden möchte. Aber diese andauem¬
kten
alle
nun kommen müßte, in allen Teilen überzeugend zu gestalten.
den Gespräche machen müde, so müde daß die Gipfelszene des
nches
Hnitz
Der Fehler, den der Dichter hier gemacht hat, läßt sich nicht
Stücks, die Auseinandersetzung des Pfarrers mit dem Professor
dem
treffender kennzeichnen als mit den Worten Dr. Paul Gold¬
lut¬
im vierten Akt, nicht mehr zu voller Wirkung kommt.
er
manns, der in einer Besprechung des Zerkes in der Wiener
Ein Stück, das dem nachdenklichen Zuschauer mancherlei An¬
kampf
Stück
Neuen Freien Presse geschrieben hat:
rge¬
regung gibt, des den Autor aufs neue als feinen, klugen Kopf
Ode
„Es ist eine etwas kindliche Vorstellung, anzunehmen, daß
zeigt. Aber ein Stück von zweifelhafter Bühnenwirksamkeit, ein
=Glaubens und
die Klerikalen, die entschlossen sind, den Professor Bernhardi
er von einem
Stück, dem der dramatische Nerv fehlt.
wegen Religionsstörung an den Pranger zu stellen, ihm ihren
Dr. Hagemann hatte das Werk verständig und wirksam in¬
dem
chen und
Verzicht auf diesen Entschluß anbieten werden, für den Fall,
der betonen läßt,
daß er zum Leiter einer Abteilung in seinem Krankenhau's szeniert Vielleicht war er sogar zu gründlich dabei vorgegangen.
nhardi handeln:
einen klerikalen Dozenten ernennen will, — daß also eine mäch Vielleicht hatte er zu sehr Gewicht darauf gelegt, alle Feinheiten
Jedenfalls ver¬
dern günstigsten¬
des Dialogs den Hörern nahe zu bringen.
tige Partei, im Begriff, eine große politische Aktion zu unter¬
er indivi¬
od unse
schleppte sich das Tempo mehr und mehr, statt immer leichtere
nehmen, vorher eine Erpressung versuchen wird, durch die sie
insbe¬
Schwingen zu heben, je mehr es aus dem Drama zur Komödie
ige A
sich ganz in die Hände des Mannes gibt, gegen den ihre Aktion
für
wurde. Das Wiener Stück erschien hier durch die Brille nord¬
m G
sich richten, den sie vernichten will. Der Konflikt würde schär¬
nicht
deutschen Verstandes gesehen und verlor dadurch allerhand von
fer sich abzeichnen, würde in eine höhere Sphäre gehoben sein,
enseits
seinen eigensten Reizen.
wenn die Intrige ganz wegfiele, wenn die Klerikalen ihren
Von den Darstellern, die übrigens teilweise in Bezug auf die
Ansturm gegen den Professor Bernhardi nicht deshalb unter¬
Maske die Vorschriften des Autors nicht berücksichtigt hatten, sind
 ist
tück au
nähmen, weil er in einer Personalfrage ihnen nicht zu Willen
oben an zu nennen Herr Wagner, der als Pfarrer ganz echt
ngs¬
war, ondern weil hier zwei Weltanschauungen zusammen¬
und überzeugend, ganz Glaubenssicherheit und Herzensfrömmig¬
licht
nung
stoßen und weil die klerikale Weltanschauung eben nicht anders
keit war, Herr Nhil, der den Professor Bernhardi kraftvoll und
chla¬
kann, als den Arzt verdammen, der den Priester vom Bett
überlegen gab, und Herr Lang, der den Minister mit wirkungs¬
de zuge¬
hem E
einer Sterbenden fernhält.“
vollem selbstironischem Unterion darstellte.
spielt, wo die
Und ebenso kann man Goldmann nur Recht geben, wenn er
Den antisemitischen Professor Ebenwald stattete Herr
würde Bernhardi
im Verfolg seiner Betrachtungen die Aufgabe, die sich Schnitzler
Montor mit wirkungsvoller äußerer Gemütlichkeit und wasch¬
thisch genommen,
72
gestellt hat, dahin fixiert, daß der Dichter das Schicksal eines
ichtem Dialekt aus, wohingegen Herr Andresen für seinen
itigen Frankreich,
Mannes schildern wollte, der ganz seinem Beruf lebt und der
Professor Tugendvetter nur ein Idiom aufbrachte, das nördlich
zu Grunde ge¬
plötzlich eben durch einen reinen Berufs=Akt mitten in den Stru¬
von Bodenbach gewachsen war. Ganz famos war Herrn Sar¬
del der Politik hineingerissen wird, von dem er nichts weiß und
er aber nicht. Er
nichts wissen will. Schnitzler behandilt dies Thema ganz objek= torys Dr. Löwenstein: in solchen Rollen entfaltet sich das
tiv: er gibt keiner der beiden Parteien Recht oder Unrecht. Er Können dieses Darstellers weit besser, als wenn er ernste Väter
Problem Stellung
er bedingungslos
schildert einfach, was er sieht schildert es allerdings als Ironiker, und würdige Greise mimt. Herrn Brahms Cyprian war von
dem mangelhaften Dialekt abgesehen, ein Kabinettstück feiner
recht gabe. Das
Aber seine Ironie trifft rechts und links gleicherweise. Es ist
Charakteristik und mit einer dem Leben abgelauschten Suade gab
selbstverständlich
besonders fein, daß er eben den Dr. Wenger, für den sich Bern¬
Herr Kreidemann wirkungsvoll den freiheitlichen Professor
Per sich konsequent
hardi dem Sturm aussetzt, nach Ausbruch des Sturms zue Ge¬
Pflugfelder. Fräulein Mays Krankenschwester, Herrn Pich¬
Alt, der kann von
genpartei treten läßt. Und selbst seinen Helden zeichnet er nicht
lers Hochroihpointner und Herrn Kallenbergers Dr.
kehr sprechen: für
als Idealfigur, sondern gibt ihm mancherlei Schwächen mit auf
Feuermann verdienen noch anerkennend genannt zu werden. Nicht
den stehen auch
den Weg, vor allem eine Weltfremdheit, die manchmal wie Bor¬
zu vergessen Herrn Wlach, der einen raunzerischen Hofrat, eigen¬
hiedenen Entwick¬
niertheit wirkt. So geschickt hat der Künstler in seinem Massen¬
stes Wiener Gewächs, mit zündender Laune svielte.
dem Punkt, auf
gemälde Licht und Schatten verteilt, daß keine der beiden strei¬
Das Haus war ausverkauft und auf Sensation gestimmt. Der
kommen um diese
tenden Parteien ihn als Eideshelfer heranziehen kann.
Sinn ist auf der
Vielleicht liegt eben hier die Fehlerwurzel des Stücks, das lehhafte Beifall rief zum Schluß mit den Darstellern auch Dr. *
uung nicht mehr
auf die Dauer nicht hält, was sein Anfang verspricht. Nach dem Hagemann wiederholt vor die Rampe.
Dr. Carl Müller-Rastalt%
tmanns in ihrer
ersten starken Akt folgen vier andere, die im Grunde nur kluges
ich Schnitzler. Bei
Geplauder sind. Was bis zum Schluß des Stückes noch geschieht,
amas der Lebens¬
geschieht hinter der Szene. Auf der Szene wird nur ge¬</Unicode>
            </TextEquiv>
        </TextRegion>
    </Page>
</PcGts>
