3344 4256
240 61 1444 180 25 Professor Bernbandi
267 246 390 302 om:
635 229 1349 328 s#iter Zeitung
444 472 1217 599 Aus dem Vortragssaale.
481 569 1159 664 Vorlesung & Professor Bernhardi“.
407 648 1292 731 Wie bereits mitgeteilt, veranstaltet der Tep¬
319 696 1300 778 litz=Schönallgr Leseklub Samstag, den
322 728 1298 831 28. März, 8 Uhr abends, im Kaiserbadsaale eine
308 798 1282 877 Vorlesung voy Schnitzlers „Professor Bernhardi“:
299 830 1297 931 die Komödie wird von Herrn Oswald Egerer,
301 886 1289 976 Mitglied des hiesigen Stadttheaters, gelesen. Die
299 938 1282 1031 Komödie wurde von der österreichschen Zensur hart¬
298 985 1284 1077 näckig verfolgt und, wie bekannt, eine öffentliche Auf¬
290 1044 1281 1126 führung derselben nicht gestattet; gleichwohl hat sich
292 1093 1288 1178 der Dichter bisher nicht dazu bewegen lassen, der
282 1143 1271 1227 Zensur zuliebe sein Stück umzuformen. Schnitzler
289 1190 1262 1274 behandelt mit großer Kühnheit ein heikles Problem:
283 1220 1266 1327 Der Mann der Wissenschaft tritt dem Priester ent¬
280 1292 1264 1374 gegen; der Arzt verhindert den Priester, an das
276 1325 1258 1423 Lager einer Sterbenden zu treten, weil er befürchtet,
269 1381 1255 1457 das sanfte Entschlafen derselben könnte durch die
269 1417 1252 1524 kirchliche Zeremonie gestört werden. Der Arzt, Pro¬
267 1478 1246 1569 fessor Bernhardi, wird wegen Religionsstörung an¬
257 1534 1252 1622 geklagt und verurteilt. Die Art, wie sich der Mann
257 1579 1239 1671 der Kirche und der Mann der Wissenschaft auseinan¬
251 1636 1231 1714 dersetzen, weiter die treffliche Satire auf die spezifisch
246 1676 1235 1764 österreichischen, politischen Zustände und Universitäts¬
247 1727 1230 1807 verhältnisse, sind mit geistsprühenzer Lebendigkeit
249 1781 1229 1852 wiedergegeben. Die Vorlesung bgfegnet in hiesigen
246 1818 1232 1923 literarischen Kreisen dem lebhgftesten Interesse, so
241 1880 1226 1982 daß ein außerordentlich zahlrgscher Besuch der Vor¬
236 1920 728 1999 lesung zu erwarten stcht.
889 2103 938 2174 1
199 2121 626 2196 Ausschnitt aus:
1048 2162 1129 2250 644
391 2161 705 2260 31.MRZ1914
826 2166 969 2242 ize
207 2239 392 2305 vom:
347 2354 1103 2448 Aus dem Vortragssaale.
330 2458 1256 2529 („Professor Bernhardi“ von Arthur Schnitzler
241 2510 1218 2578 Der Teplitz=Schönauer Leseklub, der auf
250 2553 1219 2614 literarischem Gebiete schon manche wertvolle Anre¬
234 2609 1225 2668 egung vermittelte, veranstaltete Samstag abend eine
238 2650 1219 2708 Vorlesung von Schnitzlers vielbesprochenen Bühnen¬
239 2704 1219 2765 werke, dem durch die einschränkenden Maßnahmen
234 2760 1222 2819 der Behörde das volle Leben der Bühne versagt ist.
240 2805 1212 2847 Man könnte dieses Drama als eine mit einer ge¬
232 2849 1231 2913 wissen Absicht geschaffene Tragödie des jüdischen
226 2904 1217 2956 Wiener Gelehrtentums bezeichnen. Zweifellos sind
245 2949 1224 3001 Licht und Schatten etwas ungleich verteilt. Die
238 3001 1224 3060 Stellungnahme Bernhardis gegen den Staatsanti¬
243 3046 1223 3097 semitismus ist in ihren Folgen zum Teile lebens¬
245 3098 1217 3152 wahr getroffen, trotzdem aber, weil Schnitzlers her¬
234 3150 1221 3196 vorragende Schaffenskraft schon weit überragendere
237 3202 1222 3251 Werke schuf, ist das Stück, ähnlich wie Hauptmanns
238 3254 1228 3305 Jahrhundertspiel, mehr wegen seiner Ablehnung durch
238 3289 1226 3344 die hohe Zensur popularisiert worden, als daß ihm
250 3343 1224 3404 eigene Kraft zum vollen Erfolge verhalf. Herr Os¬
241 3378 1230 3453 wald Egerer, Mitglied unseres Stadttheaters, der
233 3435 1223 3507 „krden Abend seine ganze Kraft eingesetzt hatte, ver¬
233 3501 1219 3551 stand es ausgezeichnet, das Werk in seinen drama¬
233 3534 1214 3598 tischen Abstufungen zu vermitteln. Sein haarscharf
240 3586 1217 3648 nuanzierendes Organ, das ihm besonders bei der
247 3645 1215 3693 interpretation epigrammatisch kurzer Wechselreden
307 3692 1229 3740 statten kommt, holte alle die feinen, wirksamen
251 3733 1216 3794 Stellen hervor, deren das Stück keineswegs entbehrt.
241 3779 1214 3827 Der Abend war ausnehmend gut besucht, das In¬
236 3810 1223 3894 teresse für den Fünfakter Schnitzlers, über dessey
238 3870 1222 3937 Karatgehalt an literarischem Wert die Ansichten ge¬
1025 3918 1203 3997 E. S
244 3921 920 3986 wiß varjieren, war ungemein stark.
1596 64 2019 156 box 31/1
2089 1151 2568 1231 40t chne GeWE.
2320 1234 2837 1311 nieche Veitung Meulily. O-Knat
1771 1252 2884 1355 Ausschnitt aus: Malsese-achuugr Tephie Tenchau
1780 1343 1951 1395 vom:
2255 1344 2544 1448 Bei1514
1774 1458 2883 1562 7= Vorlesung „Prosesfor Bruhägdi“. Am „letzten
1744 1501 2873 1610 Lamstag las Herr Oswald Egerdr, Mitglied un¬
1734 1544 2875 1664 (seres Stadttheaters als Gast des Teplitz=Schönauer Lese¬
1734 1603 2871 1709 klubs SchnihlersLomödie „Professor Bernhardi“. Das
1729 1650 2862 1757 Verdienst, das sich der Leseklub dadurch erworben hat.
1732 1699 2860 1803 daß er unserem Publikum die Kenntuis der durch Zen¬
1734 1743 2860 1852 surverbot der Bühnenaufführung entzogenen Komödie
1721 1805 2858 1899 vermittelte, wird jeder Literaturfreund voll zu würdigen
1716 1850 2852 1941 wissen. Das Werk, dessen wesentlichster Inhalt an dieser
1720 1889 2857 1991 Stelle bereits mitgeteilt wurde, ist für Schnitzlerfreunde
1715 1941 2860 2052 deswegen interessant, weil es das Schaffen des Autors
1717 1985 2848 2089 in einer bisher fremden Materie zeigt; denn nicht wie
1710 2037 2857 2134 sonst sind weiche Lyrik und psychologische Feinheiten die
1702 2081 2839 2192 Seele der Dichtung, sondern eine politische Tendenz. Der
1702 2137 2846 2244 Autor greift mitten in die Alltagspolitik, die er allerdings
1705 2190 2849 2293 zum Kampf der Weltanschauungen erhebt; er zeigt
1694 2241 2840 2335 weiters, wie sehr auch das akademische Leben von der
1691 2277 2838 2396 Politik versumpft wird, sodaß schließlich auch dem Mann,
1697 2325 2834 2418 der den Kampf aufgenommen hat, ohne seinen Umfang
1691 2383 2826 2479 vorausgeahnt zu haben, die Sache zum Ekel wird, wes¬
1683 2423 2830 2532 halb er die Flucht vor allen politischem Getriebe ergreift.
1684 2474 2824 2575 Herr Egerer wußte die Schwierigkeiten, welche die
1685 2526 2829 2629 Vorlesung eines dramatischen Werkes bietet, wenn sie
1679 2576 2818 2667 nicht (müden soll, leicht zu überwinden. In der rich¬
1685 2618 2818 2714 tigen Erkenntnis, daß es vergebliche Mühe wäre, alle
1664 2651 2827 2780 Personen des Stückens nüanzieren zu wollen. beschränkte
1638 2725 1851 2820 Seite 6
1641 2843 2782 2917 er sich darauf, gedanken= und ausdrucksvoll zu lesen und
1657 2903 2790 2964 hatte den Erfolg, beim Publikum gespannte Aufmerksam¬
1652 2930 2795 3012 keit und volles Verständnis zu finden. Die Zuhörerschaft
1643 3002 2786 3082 hatte sich äußerst zahlreich eingefunden; insbesondere
1644 3048 2779 3105 waren auch aus den Nachbarstädten viele Literatun
1637 3101 2551 3150 freunde der Einladung des Leseklubs gefolgt.
2214 3147 2535 3243 S
