3392 4256
745 43 840 94 S S
267 26 1478 131 25 Rernhandi
686 312 910 405 Zt 191
519 425 1373 513 Wiener Montags Journal Wien
1405 496 1544 570 Cxis.
481 506 1595 612 (Deutsches Volkstheater.) Schnitzler=kommt mir vor, wie
368 559 1571 652 ein geschickter Operateur, der Pech hat. Die Operation gelingt,
374 596 1577 691 nur stirbt der Operierte.. Sein „Professor Bernhardi“ ist ein
378 631 1600 714 Thesenstück, geschickt im Aufbau, glitzernd im Dialog, in dem
368 671 1569 775 die Kunstfertigkeit der Sonde, welche in religiösen und ethi¬
372 711 1556 818 schen Motiven herumstöbert, geradezu bewundernswert arbeitet,
367 757 1603 853 — nur erlahmt das Interesse für die Omelette, um die so vielsc
356 778 1562 895 Lärm gemacht wird, man begreift am Ende nicht, wie man um
360 837 1568 938 ein so winziges Motiv fünf Akte herumgegossen werden müssen.
365 869 1612 959 Nur die Sauberkeit des Dialoges und die immer geistreiche!
354 912 1549 1020 Art des Thesenstreites fesselt und interessiert, die Handlung
361 954 1602 1053 vermag das schon nach dem zweiten Akt kaum mehr. Schließlich d
359 995 1547 1107 endet das Stück mit einer lapidaren Weisheit: der Mann, dem
338 1040 1539 1134 das Stück auf den Leib geschrieben ist, wird von einem klugen
349 1063 1544 1158 Causeur ein „Viech“ genannt.. Das tendenziöse Motiv eines!
347 1107 1545 1210 Religionsstreites, — warum befassen sich denn die jüdischen
345 1146 1534 1264 Schriftsteller so gerne mit jüdischen Problemen..? — die geist¬
341 1179 1536 1295 reiche Art der Behandlung und die Sensation, welche die vor¬
355 1234 1523 1328 malige Zentsur beistellte, gab Anlaß zu geräuschvollen Demon¬
349 1267 1530 1371 strationen, die aber nicht über die Tatsache hinwegtäuschen
350 1310 1538 1410 können, daß auch dieser Schnitzler nicht unsterblich werden
341 1349 1531 1463 kann. . Gespielt wurde mit großem Fleiß. Herr Bernau sucht
337 1386 1528 1476 den Mungel einer künstlerischen Individualität durch künstlerisch¬
343 1426 1525 1535 schlichte Einfachheit zu ersetzen. Er wirkt denn auch gleichmäßig
335 1469 1528 1562 angenehm, nie aufregend. Herr Homma liefert eine seiner
337 1510 1527 1613 wohldurchbachten Charaktertypen, die er stets aus dem Vollen zu
341 1546 1526 1670 schaffen weiß, Herr Kutschera gibt den klugen Raisoneur
334 1589 1508 1690 des Stückes mit der ihm gut liegenden Unterstreichung der
327 1626 1514 1716 Schlagworte für die Galerie, Herr Forest ontriert liebens¬
323 1670 1524 1779 würdig, Herr Klitsch gibt dem Minister Haltung und sym¬
330 1706 1528 1815 pathische Menschlichkeit, Herr Edthofer beiinhaltet in einer
332 1750 1523 1859 Szene eine ganze Beamtenkategorie, welche mit der peaen Re¬
325 1788 1526 1890 publik leider stirbt, alle Anderen sind von treffender Gesamt¬
317 1828 1526 1932 wirkung, für welche ebenfalls Herr Bernan zeichnet. Das Stück
316 1861 1517 1993 hat großen Erfolg gehabt und seine Tendenz wird es zum Zug¬
309 1897 566 1971 stück machen.
1195 2758 1495 2896 20 u
506 2815 1354 2933 Mllustrirte Kranen-Teitune Wier
628 2993 1469 3082 (Theater.) Der Schnitzler=Abend im Volks¬
505 3042 1463 3142 stheater gestaltetdter und Dar¬
542 3077 1464 3160 stellung zu einem selten großen Kunstereignis.
550 3116 1463 3202 Vernau, der „Professor Vernbardi“ ist keine
552 3151 1467 3240 überragend =chauspielerische Persönlichkeit, aber
553 3200 1464 3283 sicher, llug und vernehm. Wir haben seit Sonnen¬
560 3242 1462 3325 thals Tod heute in Wien keinen geeigneteren
550 3276 1476 3365 Darsteller. Glänzend die „politischen“ Aerzte,
559 3313 1484 3407 allen veran Homm a, Forest, Goetz, Fürth.
538 3348 1515 3468 hmorvoll der gnarchistische Hofrat Edtho-
1626 -55 1709 37 —
1626 49 2078 142 box 31/2
2067 177 2740 272 Wiene #.. Miplags-Zeitere
2154 268 2593 353 —.—
2143 322 2933 464 Theater und Kunst.
2939 401 3037 480 166
1981 281 2137 493 ∆
2991 419 3132 497 280
2160 507 2921 606 Der verbotene Schnißzter.
1974 577 3107 652 zur Erstaufführung des „Professor Vernharbi“ im
2299 629 2761 685 Deutschen Volkstheater.
2033 652 3141 732 Wenn etwas die Verblendung und Rückständigkeit des alten
1970 700 3136 769 stems kennzeichnet, so ist es die Art, in der die Zensur gehand¬
1960 745 3142 806 otwurde. „Professor Bernhardi“ von Arthur Schnitzler, die fünf¬
1963 784 3142 833 ige Komödie, der erst der gewaltige politische Umsturz in Oester¬
1952 829 3139 866 ich die Möglichkeit einer Aufführung bot, ist ein solches Beweis¬
1944 862 3133 927 ick. Man kann von diesem Werke des viel Befehdeten und viel Be¬
1943 904 3137 962 ihmten ebensogut behaupten, es habe eine sehr aufdringliche
1937 948 3121 1002 endenz, als es habe gar keine. Vielleicht trifft man den Nagel auf
1927 973 3130 1040 en Kopf, wenn man dahin urteilt, daß die Tendenz des „Pro¬
1914 1005 3135 1063 fessor Vernhardi“ just darin gipfle, gar keine aufzuweisen und
1917 1045 3132 1106 dies tunlichst sinnfällig nach außen hin zu betonen. Denn
1916 1094 3122 1153 Schnitzler läßt in seiner neuesten Komödie alle Standpunkte zum
1913 1133 3134 1180 Worte gelangen, gonnt jedem sein Für und Wider, versieht jeden
1911 1167 2885 1214 mit seinen anziehenden und abstoßenden Attributen.
2028 1205 3132 1271 Es ist ein Medizinerstück, das Schnitzler da mit der Hand!
1912 1231 3136 1312 des Kundigen geschrieben hat, wohl auch mit der Hand eines, der
1904 1293 3131 1365 das Meiste von dem, was er seinen Figuren in den Mund legt
1917 1312 3138 1401 und als ihr Schicksal malt, am eigenen Leibe spüren lernte. Unwill¬
1911 1349 3134 1426 kürlich erinnert man sich ungeachtet der Verschiedenheit des
1914 1404 3126 1463 Sujets der Personen und Ideen an Müllers „Schöpfer“, zu¬
1918 1438 3127 1503 nächst deshalb, weil hier wie dort der Held — ein hervorragender
1919 1475 3086 1541 Arzt — von seinen Berufsgenossen bekämpft wird und bereit is
1914 1510 3100 1581 für seine Ueberzeugung — bei Müller eine medizinische, bei
1916 1554 2477 1614 Schnitzler eine moralische —
2476 1563 3121 1620 die äußersien Konsequenzen zu er¬
1910 1599 3131 1650 tragen. Bei Schnitzler freilich ist die Sache folgerichtiger, schärfer
1905 1627 3124 1694 durchgeführt, wodurch auch der Abschluß mehr Befriedigung aus¬
1907 1667 1967 1719 5
2015 1683 3131 1733 Ich sage absichtlich: mehr. Denn, wie so oft bei Arthur!
1903 1719 3136 1774 Schnitzler, hat man auch beim „Bernhardi“ das unklare Gefühl,
1906 1749 3116 1815 #ß zuletzt doch noch etwas fehlt, als habe man ein spannendes,
1917 1787 3128 1849 esselndes Buch gelesen, dessen letzte Seiten irgendem Vandale
1906 1818 3124 1893 erausgerissen hat. Bis man sich ein zweites Exemplar verschafft,
1904 1872 2882 1928 st der beste Teil des Interesses aber geschwunden..
2016 1897 3116 1965 Die dramatischen Vorzüge, die keinem Schnitzlerschen
1904 1927 3116 2010 Bühnenwerke abzusprechen sind, steilen sich natürlich auch bei
1911 1985 3117 2052 „Professor Bernhardi“ in vollem Maße ein, womöglich gereifter,
1905 2026 3164 2088 ibgeklärter, markanter. Man berauscht sich an einem flüssigen, 1“
1913 2064 3129 2123 seistreichen Dialog, der jedoch gewisse unbegreisliche Längen ent¬
1912 2098 3131 2149 sält, über die nicht einmal dieses Flüssige, Geistreiche ganz hin¬
1902 2148 3136 2197 veghelfen. Man hat das Empfinden, als sei man an all diesen
1911 2175 3123 2235 Vorgängen, deren Aktualitäi der Umstand, daß sie in der Aere
1908 2225 3122 2285 des alten Regimes, das heißt der Hofschranzen, Prinzen, Hofräte
1902 2260 3106 2303 isw. spielen, kaum zu beeintrachtigen vermeg, unmittelbar mit¬
1906 2286 2517 2351 beteiligt. Die Handlung, strc
2599 2299 3112 2350 geschlossen, verläuft in
1905 2327 3111 2392 ständiger Steigerung und erschöpft alle- Wirkungen, ohne sich
1911 2376 3116 2434 jemals in Essekthascherei zu perlieren. Die Typen sind mit einer
1905 2405 3104 2467 staturechtheit und Einsachheit gezeichnet, wie sie eben nur einen
1894 2434 3101 2497 Meister der psychologischen Feinheit und der Charakterisierungs
1898 2485 3104 2541 kunst von der Quantät Schnitzlers gelingen. Daß Schnitzle
1899 2521 3112 2582 auch ein durchgebildeter Philosoph ist und einer, der zu den Pro¬
1893 2561 3120 2620 blemen des Tages Stellung nimmt, sie erfaßt, bezeugen die tiesen
1893 2600 3109 2647 Wahrheiten, die er seine Gestalten sprechen läpt. Es ist bei
1891 2632 3108 2688 merkenswert, daß in dieser Komödie nur eine einzige Frau vor¬
1891 2682 3100 2739 kommi, noch dazu in einer durchaus untergeordneten Verwendung
1895 2711 3092 2762 Schnitzlers neue Wege, seine Abkehr vom Ewig=Weiblichen un
1894 2760 3111 2814 damit vom Erotischen, und sein Bekenntnis zum allgemein Mensch
1889 2788 3107 2844 lichen, Politischen, werden immer deutlicher sichtbar. Allerding#
1890 2828 3108 2895 seinstweilen nur im Dramatischen. Denn daß er im Epischen sie
1890 2856 3099 2941 selber treu bleibt bekundet seine jüngste Novelle „Casanova¬
1892 2891 2980 2969 Heimfahrt“, gewissermaßen das hohe Lied sinnlicher Liebe.
2006 2938 3089 3001 Das ausverkaufte Haus bereitete dem Dichter wiederho##
1888 2984 3082 3049 auf offener Szene und besonders nach jedem Aktschluß stürmisch
1901 3011 3128 3091 Ovationen, die sich bis auf die Straße fortpflanzten. Schnitzt##
1897 3055 2268 3114 dankte, dankte und
2332 3060 3109 3119 dachte sich wohl seinen Teil ... Diese
1886 3094 3106 3158 ubelnde Zustimmung ist um so höher zu werten, als trotz der aus¬
1889 3139 3096 3200 gezeichneten, sein abgetönten Regie Vernaus, die Darstellung den
1888 3168 3113 3237 Verfasser bisweilen merklich im Stiche ließ. Bernau spielte
1888 3211 3097 3277 die Titelrolle mit vornehmster Zurückhaltung und wohltuender
1885 3252 3100 3318 Verweidung aller jener Nuancen, zu denen diese Partie den
1877 3293 3111 3350 Routinier leich: verleitet. Alleidings war er eher gekränkter Hoch¬
1885 3332 3092 3387 schullehrer einer sübdeutschen Provinzuniversität als plötzlich
1883 3367 3093 3428 entdecktes Pollticum der Reichshaupt- und Residenzstadt Wier.
1876 3413 3084 3473 Hompas verruchter Ebenwald lebte und vergiftete mit uns nur
1884 3449 3087 3512 allzu bekannter und doch immer von Neuem fesselnder Natur¬
1882 3499 3093 3548 wahrheit. Göß brachte wieder einmal einen Typ zustande, wie
1881 3531 3096 3568 ei nur diesem genz ei#erartigen Künstler gelingt. Farest als
1885 3558 3094 3626 temperamentvoller Antisemitenriecher hatte mit Recht die Lacher
1873 3606 3090 3664 auf seiner Seite. Der Luchrospremntner Herrn Teaners erwickt
1877 3637 3100 3707 schöne Hoffnungen, doch muß Herr Teubler sich angewöhnen, nicht
1883 3675 3099 3741 nur für die ersten Parlenreiben zu sprechen. Der Pfarrer
1868 3716 3094 3789 Onnos und der Minister Klüichs hatten=Augenbli#ke ven heiz¬
1880 3761 2979 3814 erqutckeder Echtheit und In Eidualitzt. Schade, d#3
1882 3787 1993 3844 Angt
2089 3797 2679 3863 blieben Der Host# Edi###fers
1879 3821 2389 3915 tValt #ea Ab
2563 3822 3117 3909 #  7
