3392 4352
687 183 877 252 PSS0
251 190 1447 291 25. Pro Bernhand
716 1347 1578 1413 22 PROFESSOR BERNHARDI: A PLAY
785 1409 1651 1467 Bernhardi: How? This is getting inter¬
736 1455 1650 1514 esting. What kind of proof would you furn¬
741 1485 846 1537 ish?
780 1528 1648 1585 Ebenwald: It lies in your hands. Tomor¬
725 1569 1657 1628 row Tugendvetter’s successor is to be appoint¬
724 1603 817 1656 ed.
771 1626 1122 1684 Bernhardi: Ahl
780 1683 1648 1740 Ebenwald (coldly): Tes; there are two can¬
741 1713 923 1762 didates.
780 1743 1664 1794 Bernhardi (decidedly): One who deserves
738 1785 1663 1842 the place and one who does not. I tell you to
730 1830 1653 1883 your face why you work for Hell, because he—
740 1868 1020 1911 is not a Jew.
781 1889 1650 1945 Ebenwald: Then I reply to you, that your
734 1941 1212 1997 preference for Wenger—
787 1975 1654 2023 Bernhardi: You forget that three years
738 2015 1573 2073 ago I voted for you, Professor Ebenwald.
772 2056 1655 2091 Ebenwald: I think you understand me,
727 2083 1647 2133 Doctor, that it will be best for you to consid¬
741 2132 1652 2177 er this matter before the meeting tomorrow.
740 2169 1661 2225 I need not say that it is entirely confidential
739 2204 993 2252 between us.
771 2232 1651 2292 Bernhardi: There is no occasion to ask for
736 2282 1650 2329 your discretion, Professor. Tell the gentle¬
736 2315 1142 2372 man who sent vou—
779 2349 1129 2404 Ebenwald: Eh!
776 2382 1660 2438 Bernhardi: That I do not lend myself to
740 2427 1189 2486 business of that kind.
773 2468 1652 2512 Ebenwald: I was sent by no one; but I do
738 2517 1657 2556 not feel inclined to share the responsibility of
733 2556 1655 2597 vour conduct towards His Reverence, I came
733 2595 1651 2630 in your interest and that of our institution;
735 2618 1657 2678 but you have scorned the hand of a friend,
724 2664 950 2713 Professor.
778 2696 1636 2755 Bernhardi: And you leave as my enemy. I
1606 188 2055 275 box 31/8
1914 1350 2765 1424 PROFESSOR BERNHARDI: A PLAY 23
1825 1417 2571 1471 like it better so. It is more honest.
1876 1456 2747 1519 Ebenwald: As you choose. I have the hon¬
1877 1510 2754 1590 (Bernhardi is alone again. He walks up
1839 1567 2771 1626 and down. Takes up the paper he has written
1836 1602 2773 1652 and tears it. Servant enters and hands him a
1840 1633 1987 1686 card.)
1876 1657 2759 1752 Bernhardi: What! His Excellency him¬
1831 1706 1952 1760 self!
1890 1739 2284 1798 (Enter Flint. Tall,
2289 1745 2758 1816 slender, about fifty
1829 1797 2759 1856 years old. Face and figure of a diplomat,
1831 1823 2140 1875 very amiable.)
1880 1868 2749 1926 Bernhardi: Your Excellency! Be seated.
1868 1907 2753 1966 Flint: You are surprised to see me here?
1868 1948 2765 1993 Bernhardi: Yes, pleasantly surprised. And
1824 1971 2747 2044 I shall profit by this occasion to offer you my
1824 2013 2631 2077 congratulations unon your new dignity.
1874 2053 2752 2114 Flint: I have not come for the purpose of
1829 2088 2759 2150 accepting your congratulations. I have come
1823 2123 2736 2190 for the great work of reform—reform of med¬
1830 2167 2750 2228 ical education, of social hygiene, of general
1833 2204 2743 2264 public education, for which my position offers
1826 2249 2738 2286 me opportunity to work; I come to you, Bern¬
1827 2279 2751 2355 hardi, to ask if I may count on you for assist¬
1821 2317 1956 2361 ance?
1873 2356 2750 2410 Bernhardi: I wish you would have the
1814 2381 2752 2445 kindness to explain in what particular field
1821 2437 2741 2490 you want my assistance. Is it social hygiene
1842 2470 2735 2533 —reform of medical education—have I forgot¬
1813 2500 2156 2554 ten something?
1861 2544 2736 2596 Flint: You are just the same; but that is
1822 2581 2743 2640 why I set my special hopes on you. There
1816 2609 2737 2684 may be something between us—though I do
1821 2650 2199 2707 not really know—
1848 2694 2739 2760 Bernhardi (very seriously): The friendship
2070 2992 2261 3075 W
