3392 4352
260 165 2079 273 25. Professor Bernhandi box 31/1
2339 143 3157 202 eingelassen“ gerade gadurch, daß er auch der
2334 171 3157 237 die Streberelemente in echtester Lebens=reit
2311 218 3173 288 Itreue den Tüchtigsten an Wissen und kan
2310 257 3173 321 Charakter gegenübergestellt, ist sein Stück [„er
2327 310 3163 380 lein großes, ungemein interessantes Kul= Va
2320 345 2711 414 turbild geworden.
3062 348 3177 407 del
2371 368 3068 449 Auch als Drama ist es ein, straffes,
2333 429 3169 484 einheitliches Werk bis zum dritten Akt. ihr
2322 483 3170 526 So kräftig in der Wirkung, daß man fast wie
2325 514 3164 574 meinen könnte, daß er auf einen tragischen Ver
2390 561 3089 606 legang lossteuert. Aber Schnitzler, der
2325 582 3163 654 sich mit so hellen, verstehenden Augen im erst
2317 625 3164 687 großen Narrenhaus des Lebens umge= den
2315 676 3066 732 schaut hat, ist von Konstitution kein Tra¬
3059 685 3166 743 ein
2323 724 3169 778 giker. Dem Wiener liegt die Kompro= sich
2317 763 3157 818 miß=Natur im Blut. So sehr er in seinen die
2325 808 3055 853 eigenen Helden vernarrt ist — er hätte
3067 805 3164 862 erst
2331 841 3061 907 ihn liebevoller, wackerer kaum zeichnen
3063 850 3160 905 ihr
2325 888 3062 940 können — es ist ihm noch mehr daran
3071 892 3158 945 des
2321 935 3058 984 gelegen darzuthun, daß selbst bei der edel¬
3063 934 3161 986 der
3070 976 3114 1022 se
2327 973 3069 1027 sten Prinzipienreiterei auch ein gut Theil
2326 1015 3161 1069 Eigensinn im Spiele ist, daß bei grund= El
2330 1051 3067 1100 sätzlichen Konflikten im zwanzigsten Jahr¬
3066 1054 3156 1106 die
2321 1095 3155 1149 hundert immer auch die andere Seite Recht! lick
2319 1135 3148 1185 hat, wenn es sich um den Kampf ehrlicher! erk
2315 1163 3151 1237 Ueberzeugungen handelt. So wächst denn we
2325 1216 3154 1277 der katholische Priester, der durchaus edle ble
2326 1264 3139 1328 Widersacher, in einer prächtigen Szenesun
2315 1299 3138 1365 des verten Aktes, über seinen Helden, den die
2320 1337 3145 1402 jüdischen Arzt, fast noch hinaus. Viel= tä
3057 1389 3141 1443 gr
2327 1384 3057 1443 leich tist das eine Schwäche des Drama¬
2330 1430 3144 1488 tikers Schnitzler's, sicher bringt es uns kli
2323 1471 3009 1534 den Dichter und Menschen noch näher.
2352 1514 3138 1579 So klingt denn ein Aufeinanderplatzenlie
2318 1555 3138 1618 der Geister schließlich mit der Einführung V
2327 1601 3133 1655 eines lustigen Raisonneurs, des Hofraths stin
2322 1638 3137 1692 Winkler, fast in einen Scherz aus. dee
2315 1682 3123 1747 Darüber mag man als Dramen=Richter ju
3061 1725 3142 1792 pf.
2313 1724 3059 1785 denken, wie man will, aber der geistvoll
2313 1773 3058 1821 liebenswürdigen österreichischen Weisheit,
2319 1809 3069 1885 daß trotz alledem „fortgewurstelt“ wird,
2315 1852 2942 1921 giebt man sich doch gern gefangen.
2345 1898 3059 1958 Der Vorgang, der zu diesem freund¬
2319 1928 3133 2009 lichen Ende geführt wird, verdiente eine ve¬
2312 1980 3070 2048 längere Analyse, für die der hier zur
2323 2014 3116 2085 Verfügung stehende Raum leider zu be¬ an
2327 2065 3125 2125 schränkt ist. Ein kurzer Abriß möge 9.
2307 2106 3118 2166 daher genügen. Der erste Akt führt unsfü
2307 2142 3069 2214 in das Aerztezimmer des Elisabethinums,
2311 2184 3066 2249 eines Wiener Krankenhauses, aus Privat¬
2306 2227 3119 2290 mitteln erhalten und unter hoher Protel=N
2318 2276 3124 2332 tion, in welchem der jüdische Professor die
2308 2321 3059 2376 Dr. Bernhardi, eine Autorität auf dem
2309 2343 3123 2416 Gebiete der inneren Medizin, als Direktor ve¬¬
2309 2395 2465 2450 waltet.
2344 2431 3063 2507 In einem der Krankenbetten liegt zur
2310 2477 3104 2540 Zeit ein junges Mädchen aus dem Volke, zi
2309 2526 3058 2585 die ein „verbrecherischer Eingriff“ dahin
2309 2562 3057 2615 gebracht hat, im Sterben. Sie weiß jedoch
2316 2596 3082 2663 nichts davon; das letzte Aufflackern ihres
2308 2631 3119 2712 verlöschenden Lebenslichtes hält sie für das
2311 2686 3075 2749 sichere Anzeichen der Genesung und hofft,
2303 2719 3130 2792 daß ihr Liebster sie nun bald abholn ins
2309 2760 3055 2829 werde. Professor Bernhardi will sie in
2301 2801 3068 2876 diesem Glückswahn sterben lassen; er hält
2307 2854 3076 2911 es für seine ärztliche Pflicht, ihn der Ver¬
2299 2884 3124 2953 lorenen nicht zu verkümmern. Die fromme für
2307 2933 3109 3001 Krankenschwester schickt aber ohne sein in
2302 2981 3140 3042 Wissen nach dem Priester, dem Pfarrer hüs¬
2310 3009 3145 3085 der Kirche zum Heiligen Florian, der als¬ haß
2299 3054 3134 3119 bald mit den Sterbesakramenten erscheint. haß
2297 3103 3137 3167 Bernhardi verstellt ihm den Weg zum wer
3040 3140 3135 3205 ab
2287 3136 3044 3198 Krankenbett, die Patientin thut den letzten
2288 3188 3059 3244 Athemzug vor Schreck, als man ihr nur.
3044 3202 3140 3284 wa
2303 3225 3045 3287 den Geistlichen ankündigt, stirvt daher
3041 3264 3134 3315 Lel
2305 3273 3045 3329 ohne die letzte Oelung. Mit einem Wort:
3043 3297 3158 3372 ver
2298 3316 3035 3379 der Konfliki mit de: Kirche, mit dem
3042 3346 3144 3396 tin¬
2307 3349 2925 3410 Staat, mit der Gesellschaft ist da.
2343 3380 3132 3452 Heute und Samstag Abend wird der tro¬
3049 3428 3135 3482 der
2298 3425 3029 3493 große Erfolg „Professor Bernhardi“ wie¬
3050 3471 3142 3540 sich
2309 3476 3030 3530 derholt. Freitag Abend „Kasernenluft“.
3038 3516 3133 3576 wis
2301 3513 3041 3579 In der Samstag Matinee die letzte Auf¬
3040 3557 3131 3609 ab
2310 3562 3035 3627 führung von „Faust“. Die Vorstellung
2304 3598 3032 3650 beginnt präzise 1.30. Im Sacred Con¬
3046 3635 3141 3689 stä
2310 3647 3038 3699 ##rt am Sonntag kommt das pikante
3046 3682 3136 3742 des
2306 3680 3050 3756 Lustspiel „Schöne Frauen“ mit Direktor
3045 3725 3124 3776 ges
2297 3734 3035 3790 Rudolf Christians in der Rolle des
2305 3762 3047 3833 „Francois Villiers“ zur Aufführung. Die
3039 3781 3131 3858 im
2311 3817 3039 3868 nächste Premiere ist Mittwoch, den 28.
3046 3846 3122 3893 M.
2303 3846 3027 3903 Januar. Zur Aufführung gelangt „Ma¬
3046 3884 3128 3944 S.
2295 3889 3039 3945 jolita“ Lustspiel in drei Akten von Leo
3032 3922 3127 3974 die
2303 3915 2946 4005 Walther Stein und Ludwig Heller.
3018 3962 3137 4026 Va
2437 3981 2927 4048 Adolf Philipp Theater.
2346 4026 3149 4118 Im Adolf Philipp Theater gelangt das plos
3072 4089 3168 4174 tane
