3344 4320
1649 153 2089 250 box 31/4
280 158 1497 275 25. ProfessenBernhandi
984 944 2429 1040 Stelle setzt. Da erklang aber auch der Hymnus auf jene höchste und erha¬
992 999 2435 1085 benste Auffassung ärztlicher Pflicht, die dem von schwersten Qualen ge¬
979 1041 2438 1111 marterten und alle, die ihn lieben, mitfolternden Todgezeichneten die heiß er¬
985 1092 2444 1152 sehnte Erlösung bringt, der Kampfruf für das Recht des Arztes, dort, wo
985 1134 2445 1197 kein Leben mehr zu retten, zu bewahren ist, Helfer des jedes Leid ver¬
991 1197 1623 1269 löschenden Allheilands zu sein.
1058 1221 2450 1306 In klarem und vollem Bewußtsein, an ein aufreizendes, ein revolutionäres
990 1295 2447 1338 Werk zu schreiten, wollte Schnitzler das lezterwähnte Motiv zum Kern seines
987 1329 2448 1392 Stückes machen. Er kam während der Arbeit davon ab und glitt auf jenes
989 1374 2455 1435 andere hinüber, das den gewissenhaften, nur für seinen Patienten besorgien
998 1431 2457 1493 Arzt mit Glauben und Aberglauben, mit Kirche und Staat zusammenprallen
992 1463 2447 1536 läßt. Der Gesellschaftskritiker, der Gesellschaftsarzt meldete sich zum Wort,
993 1506 2447 1571 als Herold reiner Menschlichkeit. Da tauchten Erinnerungen auf an Vor¬
991 1550 2441 1614 kommnisse, die da zeigten, wie auf einer Wiener Klinik reinster Menschlich¬
991 1615 2450 1658 keit, wie edelsten Strebungen, reinsten wissenschaftlichen und humanitären
996 1640 2446 1706 Betätigungen die Hexe Politik tückisch in den Rücken fällt, Politik in ihrer
1001 1711 2462 1748 häßlichsten, anwidernsten Form, jene Parteipolitik, der über dem allgemeinen
994 1737 2452 1795 Wohl und Heil der Vorteil der Gruppe und Sippe, die Glorie eines in Talmi¬
994 1765 2460 1845 glanz schimmernden Schlagwortes steht. Unter dem Einfluß solcher Erinne¬
995 1820 2455 1878 rungen entstand die Komödie, in der die politische Lüge dem reinen Men¬
1005 1862 2455 1935 schentum den Prozeß macht, ahnungslos aber selbst auf die Anklagebank
995 1923 2457 1981 gerät und von jedem Einsichtigen, jedem Gerechten verurteilt wird, die Ko¬
993 1960 2457 2017 mödie „Professor Bernhardi“, des unparteiischen Helden und Märtyrers ärzt¬
999 2015 1438 2091 lichen Pflichtgefühls.
1079 2051 2463 2125 Das Stück, an das sich selbstredend das Burgtheater nicht heranwagte,
1001 2102 2463 2173 erschien. Sofort stürzte sich eine engherzige, kleinliche Zensur darauf und
1006 2165 2465 2212 stemmte sich, angeblich aus religiösen Gründen, starrköpfig gegen die Auf¬
1001 2204 2459 2258 führung an österreichischen Bühnen, ja brachte sogar zuwege, eine Vorstel¬
991 2237 2454 2313 lung des Berliner Theaters für die Wiener in Preßburg zu verhindern. Aber
1001 2280 2451 2356 die religiösen Gründe waren nur Vorwand. Von einer kirchenfeindlichen Ten¬
1003 2346 2456 2387 denz ist in dem Drama keine Spur. Die sympathischeste, hellste Gestalt darin
1010 2369 2464 2440 ist der Geistliche. Das Machtbewußtsein der katholischen Kirche war nicht zu
1007 2429 2468 2484 schützen. Vielleicht galt es, die Bigotterie der Dynastie und ihrer Getreuesten
999 2459 2464 2529 zu schonen, vor allem aber ging es dem Beamtentum um eine Kraftprobe,
1006 2514 2461 2569 das sich in zwei ironisierten Gestalten, den Repräsentanten des Gaukel- und
1008 2557 2463 2622 Schaukelspiels des Ministeriums für Kultus und gegen Unterricht kompromi¬
1002 2588 2461 2662 #tiert sah. „Solange ich in Österreich etwas zu reden habe, wird dieser
1011 2650 2466 2714 „Bernhardi“ stumm bleiben“, sagte mir damals der oberste Gebieter der Zen¬
1005 2679 2464 2743 sur, Statthalter Baron Bienerth, der sich in dem Minister des Stückes zu er¬
1003 2738 2457 2791 kennen glaubte und jede Gegenversicherung abwies. Er behielt recht. Der
1018 2772 2464 2835 Weltkrieg mußte mit Millionenmorden über Europa hinstürmen, Reiche zer¬
1224 2881 1613 3014 RFF-H
999 2894 1084 3014 1
1014 2995 2484 3059 Das Modernste aus bestem Material um wenige Schilling!
1005 3046 2061 3108 Fillalen: WIEN, I., PARKRING 12 (Gartenbau)
1155 3090 2108 3168 WIEN, IV., „AM KARNTNERTOR“
1163 3158 2487 3209 Ecke verlängerte Kärntnerstr. und 2er Wagen Haltestelle (Anfang Wiedner Hauptstr.)
1156 3195 2057 3271 WIEN, VII., KAISERSTRASSE 90
1160 3251 1903 3297 Ecke Neustiftgasse (schräg vis-à-vis Krupnik)
998 3283 2494 3353 Fa rik: WIEN, II., PRATERSTRASSE 13 (Lloydhol) Tel. R-41-100
2861 938 3351 1006 stören, Dynastien wegfe
2865 987 3351 1046 schaffen, die nach siebe
2864 1035 3352 1095 zum Gruße der errungen
2869 1078 3345 1130 gesang für das zusammer
2866 1122 3351 1179 und edelste Frucht seines
2868 1167 3351 1230 stärkstes, ethisch reinste
2863 1214 3338 1271 fängen, da er noch Führe
2880 1250 3341 1330 Wien war, heißer Gegn
2882 2293 3341 2382 Schleier zerreißenden E
2874 2363 3350 2422 obert und erzogen. Es
2876 2410 3351 2471 moderner Wiener Kult
2893 2455 3352 2528 Schaffen zum Baustein
2944 2766 3338 2835 SLLINAITAAEAEHEEEGEEEET
3072 2890 3331 3001 M.V
2955 3005 3351 3103 Reisereau
2960 3108 3350 3194 Gegründet 1839
2959 3179 3343 3250 Telephon 73-2-75
2880 3271 3350 3346 EEEIIINHTNEHAHAHHHAARSHHEGHEE
