3344 3808
1609 83 2067 168 box 31/7
248 95 1467 184 25. Brofessen Bernhad
1330 563 1600 703 388
1829 895 1907 938 —
1536 874 1586 952 8
1588 883 1756 965 UD
969 910 1118 1007 *
1206 913 1408 1012 S.
1905 922 2532 1018 Freel
2524 1075 2617 1141 annnn
963 1052 1941 1168 Wn Tont. ARNA, Jrerenthent 26, 1930.
2269 1139 2359 1207 ——
1336 1358 2566 1421 BBTEDAeT
744 1342 1316 1433 TrtoE
1194 1595 2749 1669 BEINGTIEN
858 1708 2851 1785 Arthur Schnitzler, Far-Famed in the #nttie society whose mission it was
691 1706 849 1781 Dr.
2110 1763 2818 1815 to give financial ald to needy stu¬
826 1769 2111 1837 World of Literature, Discusses the Problem
2108 1795 2821 1865 dents. At ürst, the society fune¬
813 1834 2818 1892 of the Jew in this Modern Age. — Whenitioned smoothly. Then, as soontas
2107 1876 2815 1935 we had far more applicants for aid
812 1891 2062 1956 Anti-Semitism and Zionism Are Allies.—
2100 1904 2821 1965 than we had resources, I noticed
2123 1956 2826 2001 that Jewish students were slighted!
820 1954 2114 2033 What Price Peace on Earth for the
2105 1991 2821 2047 for Christlan ones. The realization
2111 2025 2819 2090 made a very deep impression upon
809 2025 1354 2106 Jewish People?
2117 2080 2823 2115 me at the time. So deep in fact,
2113 2107 2836 2156 that it drove me straight into the#
1151 2090 1677 2181 By GILBERT MAHLER
2110 2125 2831 2191 arms of Judalsm. After that, I in¬
783 2161 2060 2225 S Dr. Arthur Schnitzler and I. Jews belleve and hopé ha 18,
2098 2169 2821 2240 terested myself deeply in the in¬
2116 2205 2836 2272 numerable problems that confront#
721 2202 2102 2270 A were sitting in the warm and stands midway between these two
1428 2252 2109 2294 extremes. He accepts his Judaism
2121 2255 2319 2308 the Jew.
814 2257 1432 2309 enbracing comfort of a long,
1423 2282 2107 2332 as naturally and as unconsciously
2194 2268 2831 2345 I have expended much thoughti
711 2282 1434 2346 soft couch, discussing ramblingly
1433 2319 2114 2366 as he does his color. He is a Jew
2115 2323 2828 2372 on the Jew and now, I feel with a
716 2329 1424 2387 innumerable matters of intellectual
1431 2357 2105 2407 in heart and in soul, just as he is
2113 2361 2817 2419 firm conviction, that the two most
716 2367 1412 2425 interest, I had the precious oppor¬
1433 2395 2102 2450 an American or German; he is
2124 2385 2820 2457 important influences in the life of
725 2407 1411 2454 tunity of studying at close range
1427 2431 2113 2482 proud of his race’s heritage, but
2118 2436 2821 2490 the modern Jew are: anti-Semitlsm
713 2443 1419 2487 one whom I consider the great
1431 2464 2110 2514 he keeps all this to himself. When
2122 2470 2812 2529 and Zionism. Our age has been
720 2481 1414 2520 literary flgure of our age, a literary
1422 2507 2113 2563 the Jewish race needs him he will,
2115 2498 2824 2566 unkind to strict religlous worship
708 2509 1416 2575 fgure who is as great a Jew as he
1425 2549 2100 2589 of course, offer himself in a way
2112 2550 2825 2600 of all kinds. The modern Jew has
720 2555 1411 2600 is an artist. And this close study
1430 2578 2101 2626 that will be most useful. In short,
2113 2585 2827 2639 surrendered much of his tradition,
711 2591 1421 2641 of the man revoaled clearly that
1428 2619 2111 2675 he is a Jew in action, in feelings,
2121 2623 2817 2671 much of his strict religious observ¬
711 2631 1420 2673 Dr. Schnitzler feels and looks his
1426 2657 1768 2716 not in blatancy.
2107 2659 2823 2718 ances. He remains a Jew, how¬
714 2670 1422 2723 age polgnantly. He is almost
1501 2680 2110 2747 Often, I strove to live in just
2115 2710 2818 2755 ever, because of something that is
718 2690 1428 2754 seventy years old, and the deep
1429 2732 2107 2779 that fashion — that is why, every
2121 2729 2834 2781 In his heart. The two influences
713 2745 1414 2803 wrinkles of his face, the, grayness
1421 2769 2112 2813 once in a while you will find people
2127 2771 2816 2819 that will tend perpetually to keep
715 2786 1413 2837 of his beard and hair, the heavy
1432 2808 2106 2851 who discover suddenly that 1 have
2111 2807 2829 2855 the Jews inextricably united, thauf
716 2815 1420 2877 bags under his eyes, his stooped
1428 2847 2111 2894 given up my race. Because 1 re¬
2119 2851 2830 2901 will tend to keep them constantly!
716 2855 1422 2914 back, his tired look all speak the
1429 2876 2110 2931 fuse to be a publiclty agent for my
2115 2886 2826 2945 conscious of their race are anti¬
719 2897 1422 2959 ract that his seventy years weigh
1414 2915 2113 2966 race, does that mean that 1 deny
2127 2919 2832 2973 Semitism and Zionism. Hate al¬
720 2930 1124 2990 heavily upon him.
1430 2956 2104 3002 it? Ot course, that is absurd. To¬
2122 2967 2823 3004 ways defeats its awn purpose. It
794 2957 1418 3025 Remarkable, is it not, that a
1434 2998 2102 3038 day, as well as yesterday, the prob¬
2115 2992 2824 3047 does not destroy its victim but rather
716 3013 1419 3071 body so weary and old should couch
1430 3030 2111 3077 lems of the Jews are uppermost in
2121 3029 2817 3079 encourages him to flourish and
718 3056 1419 3112 a spirit, frech and buoyant as
1431 3070 2105 3113 my mind. Time and again, 1 have
2115 3070 2828 3125 grow. Anti-Semitism has achieved
717 3099 1422 3140 wouth itself? For though Dr.
1434 3107 2105 3161 tried to clarlfy the position of the
2112 3112 2827 3164 this same end. It has not de¬
720 3126 1423 3175 Schnitzler feels death may not be
2108 3145 2818 3192 stroyed the Jewish religion but, on
713 3162 1429 3213 Tar away, yet never does the real¬
2115 3180 2820 3230 the contrary, has made it firmer,
720 3211 1428 3251 ization bring him paln or anziety.
2102 3213 2839 3280 stronger, more imperishabie than
737 3234 1433 3298 Younger men than I have been
2118 3262 2525 3313 it ever was before.
721 3273 1433 3327 known to die,“ he sald softly and
2177 3274 2820 3350 As for Zionism, it interests me
717 3317 1438 3370 peacefully—and 1 could clearly see
2103 3321 2823 3385 not as a political solution. I am
718 3349 1433 3404 thaf the contemplation of death
2112 3370 2821 3417 interested in it because there Is
722 3381 1431 3435 did not frighten him in the least.
2100 3392 2826 3461 nothing that serves to unite a race
787 3422 1431 3479 have worked hard during my
2106 3445 2810 3499 or a creed as the common striving
722 3458 1431 3510 life and when the time comes, I
2105 3481 2813 3530 for some far-distant goal. Whether
717 3507 1433 3549 am quite ready to go. Of course,
2103 3505 2816 3576 Zionism will or will not solve the
720 3541 1426 3589 as long as life is spared to me,
2104 3547 2822 3613 problem of the Jew, I cannot tell.
719 3577 1430 3627 there will be more and more work
2124 3579 2823 3648 I am not a prophet. But I do
708 3604 1436 3659 for me. I am now at work on three
2099 3628 2820 3692 know the mere striving for the goal
717 3644 1440 3697 books and, should they reach com¬
2107 3668 2827 3722 Is a healthy influence; the mere
712 3686 1443 3740 pletion, I shall begin work ôn other
2108 3700 2814 3756 effort of having all Jews working
713 3723 1439 3764 pooks. However, I am always
2106 3733 2824 3793 for an ideal so nympholeptie will
696 3767 1459 3826 ready to drop my pen because I
3236 2353 3302 2422 7200
3286 2404 3355 2446 2200
