<?xml version="1.0" encoding="UTF-8" standalone="yes"?>
<PcGts xmlns="http://schema.primaresearch.org/PAGE/gts/pagecontent/2013-07-15" xmlns:xsi="http://www.w3.org/2001/XMLSchema-instance" xsi:schemaLocation="http://schema.primaresearch.org/PAGE/gts/pagecontent/2013-07-15 http://schema.primaresearch.org/PAGE/gts/pagecontent/2013-07-15/pagecontent.xsd">
    <Metadata>
        <Creator>prov=University of Rostock/Institute of Mathematics/CITlab/Gundram Leifert/gundram.leifert@uni-rostock.de:name=ONB_Newseye_GT_M1+(htr_id=10810)::::v=2.4.2
prov=University of Rostock/Institute of Mathematics/CITlab/Tobias Gruening/tobias.gruening@uni-rostock.de:name=de.uros.citlab.module.baseline2polygon.B2PSeamMultiOriented:v=2.4.2
prov=University of Rostock/Institute of Mathematics/CITlab/Tobias Gruening/tobias.gruening@uni-rostock.de:name=/mnt/transkribus/LA/DEA/URO/LA_news_onb_att.pb:de.uros.citlab.segmentation.CITlab_LA_ML:v=2.4.2
Transkribus</Creator>
        <Created>2019-10-07T11:16:13.314+02:00</Created>
        <LastChange>2019-10-08T07:14:32.699+02:00</LastChange>
        <TranskribusMetadata docId="223963" pageId="9498982" pageNr="889" tsid="16505848" status="IN_PROGRESS" userId="40391" imgUrl="https://files.transkribus.eu/Get?id=QFLDJHPAZDHCUQKOUYRUSDOG&amp;fileType=view" xmlUrl="https://files.transkribus.eu/Get?id=GJLRZYSKQCYAYJUPNRGEQWVC" imageId="6189204"/>
    </Metadata>
    <Page imageFilename="223963_0889.jpeg" imageWidth="3296" imageHeight="4352">
        <ReadingOrder>
            <OrderedGroup id="ro_1711442923068" caption="Regions reading order">
                <RegionRefIndexed index="0" regionRef="r1"/>
                <RegionRefIndexed index="1" regionRef="r2"/>
                <RegionRefIndexed index="2" regionRef="r3"/>
                <RegionRefIndexed index="3" regionRef="r4"/>
            </OrderedGroup>
        </ReadingOrder>
        <TextRegion orientation="0.0" id="r1" custom="readingOrder {index:0;}">
            <Coords points="72,66 72,3324 2548,3324 2548,66"/>
            <TextLine id="r1l1" custom="readingOrder {index:0;}">
                <Coords points="1973,77 1988,79 1992,83 2013,78 2035,82 2053,79 2072,81 2073,49 2064,49 2059,43 1973,47"/>
                <Baseline points="1981,96 2008,98 2035,98 2063,98"/>
                <TextEquiv>
                    <Unicode>B</Unicode>
                </TextEquiv>
            </TextLine>
            <TextLine id="r1l2" custom="readingOrder {index:1;}">
                <Coords points="1518,194 1676,219 1716,199 1811,212 1975,195 1974,133 1958,130 1872,131 1853,147 1804,133 1760,141 1721,177 1685,155 1518,151"/>
                <Baseline points="1527,197 1552,197 1578,197 1604,197 1630,196 1656,196 1681,196 1707,196 1733,195 1759,195 1785,194 1811,194 1836,194 1862,194 1888,193 1914,192 1940,192 1966,192"/>
                <TextEquiv>
                    <Unicode>box 31/7</Unicode>
                </TextEquiv>
            </TextLine>
            <TextLine id="r1l3" custom="readingOrder {index:2;}">
                <Coords points="648,214 673,214 686,209 689,205 698,212 711,212 706,159 696,160 686,155 680,163 669,159 665,163 644,168"/>
                <Baseline points="656,208 702,204"/>
                <TextEquiv>
                    <Unicode>S </Unicode>
                </TextEquiv>
            </TextLine>
            <TextLine id="r1l4" custom="readingOrder {index:3;}">
                <Coords points="161,240 1306,249 1375,230 1375,171 1108,134 764,165 704,209 574,152 399,156 340,201 257,160 161,183"/>
                <Baseline points="169,212 228,216 288,219 348,221 408,223 468,225 528,226 588,226 648,226 708,226 768,225 827,224 887,224 947,222 1007,222 1067,220 1127,220 1187,219 1247,218 1307,218 1367,218"/>
                <TextEquiv>
                    <Unicode>25. Profeor Bernhardi</Unicode>
                </TextEquiv>
            </TextLine>
            <TextLine id="r1l5" custom="readingOrder {index:4;}">
                <Coords points="2371,867 2404,865 2419,871 2442,863 2474,866 2499,839 2515,836 2511,788 2484,785 2470,790 2445,808 2430,805 2410,816 2387,841 2369,841"/>
                <Baseline points="2379,859 2404,855 2430,852 2455,850 2481,849 2507,849"/>
                <TextEquiv>
                    <Unicode>275</Unicode>
                </TextEquiv>
            </TextLine>
            <TextLine id="r1l6" custom="readingOrder {index:5;}">
                <Coords points="1526,882 1792,889 1832,873 1943,890 2030,866 2073,883 2072,840 1955,815 1801,839 1758,826 1650,846 1612,828 1525,835"/>
                <Baseline points="1535,873 1561,873 1587,873 1614,873 1640,872 1667,871 1693,870 1719,869 1746,869 1772,868 1799,866 1825,865 1851,865 1878,864 1904,863 1931,862 1957,862 1983,862 2010,862 2036,862 2063,862"/>
                <TextEquiv>
                    <Unicode>Unser Kampf um die Bühne.</Unicode>
                </TextEquiv>
            </TextLine>
            <TextLine id="r1l7" custom="readingOrder {index:6;}">
                <Coords points="1083,1005 2523,947 2461,899 2279,901 1082,969"/>
                <Baseline points="1091,996 1162,994 1233,991 1304,989 1375,987 1447,985 1518,982 1589,980 1660,978 1731,975 1803,973 1874,970 1945,968 2016,966 2087,964 2159,961 2230,960 2301,957 2372,956 2443,954 2515,952"/>
                <TextEquiv>
                    <Unicode>der Kunst teilweise zu hindern oder einzuschränken und das Theater selbst</Unicode>
                </TextEquiv>
            </TextLine>
            <TextLine id="r1l8" custom="readingOrder {index:7;}">
                <Coords points="68,1046 306,1030 365,1045 388,1021 437,1042 493,1028 531,1042 591,1023 591,991 482,963 429,983 282,968 215,990 147,972 106,996 67,979"/>
                <Baseline points="76,1029 101,1027 126,1026 152,1024 177,1024 202,1023 228,1022 253,1022 278,1022 304,1021 329,1021 354,1021 380,1021 405,1021 430,1021 456,1020 481,1020 506,1019 532,1018 557,1018 583,1016"/>
                <TextEquiv>
                    <Unicode>haft erwirbt sich erfreuliche</Unicode>
                </TextEquiv>
            </TextLine>
            <TextLine id="r1l9" custom="readingOrder {index:8;}">
                <Coords points="1097,1073 2044,1049 2158,986 1095,1025"/>
                <Baseline points="1105,1057 1157,1056 1209,1055 1261,1054 1314,1053 1366,1052 1418,1050 1470,1049 1523,1047 1575,1046 1627,1044 1679,1042 1732,1040 1784,1038 1836,1036 1888,1034 1941,1032 1993,1029 2045,1027 2097,1025 2150,1022"/>
                <TextEquiv>
                    <Unicode>in weitem Umfang feindseligen Kreisen zu überlassen.“</Unicode>
                </TextEquiv>
            </TextLine>
            <TextLine id="r1l10" custom="readingOrder {index:9;}">
                <Coords points="96,1114 192,1115 231,1094 527,1098 610,1081 610,1061 536,1037 449,1053 385,1027 303,1053 246,1034 195,1050 95,1043"/>
                <Baseline points="105,1093 131,1090 157,1089 183,1087 209,1087 235,1086 261,1086 287,1085 313,1086 339,1086 366,1086 392,1086 418,1086 444,1086 470,1086 496,1086 522,1085 548,1084 574,1082 601,1080"/>
                <TextEquiv>
                    <Unicode>schutzlos der Flut preis¬</Unicode>
                </TextEquiv>
            </TextLine>
            <TextLine id="r1l11" custom="readingOrder {index:10;}">
                <Coords points="1162,1115 2292,1111 2484,1089 2516,1022 1161,1076"/>
                <Baseline points="1172,1117 1238,1116 1305,1114 1372,1113 1439,1111 1506,1109 1573,1107 1639,1105 1706,1103 1773,1100 1840,1098 1907,1096 1974,1093 2041,1091 2107,1089 2174,1086 2241,1084 2308,1082 2375,1080 2442,1078 2509,1076"/>
                <TextEquiv>
                    <Unicode>Am 4. Juli 1900 begann der bayerische Archivrat Dr Joseph Bernhard</Unicode>
                </TextEquiv>
            </TextLine>
            <TextLine id="r1l12" custom="readingOrder {index:11;}">
                <Coords points="68,1178 105,1160 137,1175 160,1161 199,1169 222,1158 230,1165 262,1157 276,1164 292,1148 306,1149 305,1110 234,1102 199,1121 181,1109 170,1114 157,1107 106,1122 81,1103 67,1105"/>
                <Baseline points="77,1152 104,1152 132,1152 159,1152 187,1151 214,1151 242,1150 269,1149 297,1149"/>
                <TextEquiv>
                    <Unicode>sie hinrollt!</Unicode>
                </TextEquiv>
            </TextLine>
            <TextLine id="r1l13" custom="readingOrder {index:12;}">
                <Coords points="1093,1199 2336,1167 2495,1148 2514,1103 1091,1147"/>
                <Baseline points="1102,1185 1172,1183 1242,1180 1312,1177 1382,1175 1452,1173 1522,1171 1593,1169 1663,1167 1733,1166 1803,1164 1873,1162 1943,1160 2013,1157 2084,1155 2154,1152 2224,1150 2294,1147 2364,1145 2434,1141 2505,1138"/>
                <TextEquiv>
                    <Unicode>Weiß in der „Literarischen Beilage zur Kölnischen Volkszeitung“ einen</Unicode>
                </TextEquiv>
            </TextLine>
            <TextLine id="r1l14" custom="readingOrder {index:13;}">
                <Coords points="64,1235 436,1216 483,1236 609,1215 608,1180 553,1167 471,1163 448,1182 403,1156 355,1173 185,1163 159,1185 96,1165 63,1174"/>
                <Baseline points="72,1218 98,1218 124,1218 151,1218 177,1218 204,1218 230,1217 256,1217 283,1216 309,1215 336,1214 362,1213 388,1213 415,1211 441,1210 468,1210 494,1209 520,1209 547,1209 573,1209 600,1209"/>
                <TextEquiv>
                    <Unicode>eiter erzählt in der „Augs¬</Unicode>
                </TextEquiv>
            </TextLine>
            <TextLine id="r1l15" custom="readingOrder {index:14;}">
                <Coords points="1094,1259 2454,1228 2516,1163 1092,1223"/>
                <Baseline points="1102,1248 1172,1245 1242,1243 1312,1241 1383,1238 1453,1236 1523,1235 1594,1232 1664,1231 1734,1229 1805,1227 1875,1225 1945,1223 2015,1221 2086,1219 2156,1216 2226,1214 2297,1211 2367,1208 2437,1205 2508,1202"/>
                <TextEquiv>
                    <Unicode>verdienstlichen Artikel über „Unsere Stellung zum Theater“ mit dem un¬</Unicode>
                </TextEquiv>
            </TextLine>
            <TextLine id="r1l16" custom="readingOrder {index:15;}">
                <Coords points="66,1295 130,1278 154,1295 291,1300 371,1278 444,1297 495,1276 602,1282 602,1256 531,1229 434,1242 396,1226 366,1248 282,1231 177,1250 65,1235"/>
                <Baseline points="75,1290 102,1288 129,1287 156,1285 184,1284 211,1283 238,1282 266,1281 293,1280 320,1279 348,1278 375,1277 402,1277 430,1276 457,1276 484,1276 512,1276 539,1275 566,1275 594,1276"/>
                <TextEquiv>
                    <Unicode>er katholischen Stadt von</Unicode>
                </TextEquiv>
            </TextLine>
            <TextLine id="r1l17" custom="readingOrder {index:16;}">
                <Coords points="1097,1325 2318,1297 2491,1279 2527,1230 1095,1275"/>
                <Baseline points="1105,1311 1175,1308 1246,1306 1317,1303 1387,1301 1458,1299 1529,1297 1599,1295 1670,1293 1741,1291 1812,1289 1882,1287 1953,1285 2024,1283 2094,1281 2165,1279 2236,1277 2306,1274 2377,1271 2448,1269 2519,1265"/>
                <TextEquiv>
                    <Unicode>heimlich treffenden Gleichnis, durch das Taine die Macht revolutionärer</Unicode>
                </TextEquiv>
            </TextLine>
            <TextLine id="r1l18" custom="readingOrder {index:17;}">
                <Coords points="70,1371 225,1364 274,1344 308,1363 415,1345 572,1361 602,1346 601,1307 519,1287 486,1306 68,1296"/>
                <Baseline points="78,1344 103,1345 129,1345 155,1345 181,1345 206,1345 232,1344 258,1344 284,1344 309,1343 335,1343 361,1342 387,1341 412,1341 438,1340 464,1339 490,1339 515,1338 541,1337 567,1337 593,1337"/>
                <TextEquiv>
                    <Unicode>rkschaften“ seit 1910 jeden</Unicode>
                </TextEquiv>
            </TextLine>
            <TextLine id="r1l19" custom="readingOrder {index:18;}">
                <Coords points="1097,1366 2521,1356 2519,1294 2461,1280 1096,1343"/>
                <Baseline points="1106,1377 1176,1374 1246,1371 1316,1368 1387,1365 1457,1363 1527,1361 1597,1360 1668,1358 1738,1357 1808,1355 1878,1354 1949,1352 2019,1350 2089,1348 2159,1346 2230,1343 2300,1340 2370,1337 2440,1333 2511,1329"/>
                <TextEquiv>
                    <Unicode>Gedanken schildert. Im ersten Stock des Hauses „waren die Gedanken</Unicode>
                </TextEquiv>
            </TextLine>
            <TextLine id="r1l20" custom="readingOrder {index:19;}">
                <Coords points="70,1437 182,1412 519,1420 609,1398 609,1368 466,1353 313,1375 277,1357 69,1371"/>
                <Baseline points="79,1406 105,1406 131,1406 157,1407 183,1407 209,1407 235,1407 261,1407 287,1407 313,1407 340,1406 366,1406 392,1406 418,1405 444,1405 470,1404 496,1403 522,1402 548,1401 574,1400 601,1399"/>
                <TextEquiv>
                    <Unicode>mal die Direktion, obschon</Unicode>
                </TextEquiv>
            </TextLine>
            <TextLine id="r1l21" custom="readingOrder {index:20;}">
                <Coords points="1101,1442 1948,1442 2489,1414 2534,1371 1100,1401"/>
                <Baseline points="1110,1440 1180,1438 1251,1435 1322,1433 1393,1430 1463,1428 1534,1426 1605,1424 1676,1422 1746,1420 1817,1418 1888,1415 1959,1413 2029,1411 2100,1409 2171,1406 2242,1404 2312,1401 2383,1399 2454,1396 2525,1393"/>
                <TextEquiv>
                    <Unicode>bloß Abendbeleuchtungen, Salonfunken, lustige bengalische Feuer, mit denen</Unicode>
                </TextEquiv>
            </TextLine>
            <TextLine id="r1l22" custom="readingOrder {index:21;}">
                <Coords points="75,1493 131,1474 283,1494 315,1474 419,1490 440,1475 481,1487 507,1467 614,1468 613,1427 542,1421 357,1438 239,1424 204,1443 164,1426 140,1449 74,1443"/>
                <Baseline points="83,1476 109,1475 135,1474 161,1473 187,1473 213,1472 239,1472 265,1471 291,1471 317,1470 344,1470 370,1469 396,1469 422,1468 448,1468 474,1467 500,1467 526,1466 552,1466 578,1465 605,1464"/>
                <TextEquiv>
                    <Unicode>ge, ein eigenes Drama ein¬</Unicode>
                </TextEquiv>
            </TextLine>
            <TextLine id="r1l23" custom="readingOrder {index:22;}">
                <Coords points="1099,1502 2046,1492 2244,1444 2390,1481 2537,1469 2536,1423 1098,1486"/>
                <Baseline points="1107,1499 1178,1498 1249,1497 1320,1496 1391,1494 1462,1493 1533,1491 1604,1489 1675,1486 1746,1484 1818,1481 1889,1479 1960,1476 2031,1473 2102,1471 2173,1469 2244,1466 2315,1464 2386,1462 2457,1460 2529,1458"/>
                <TextEquiv>
                    <Unicode>man spielte, und die man lachend aus dem Fenster warf“. Aber in den</Unicode>
                </TextEquiv>
            </TextLine>
            <TextLine id="r1l24" custom="readingOrder {index:23;}">
                <Coords points="76,1538 174,1554 616,1534 615,1478 468,1502 378,1484 76,1494"/>
                <Baseline points="85,1533 111,1533 137,1534 163,1534 189,1534 215,1534 241,1534 267,1533 293,1533 319,1533 346,1532 372,1532 398,1531 424,1530 450,1530 476,1529 502,1529 528,1528 554,1528 580,1527 607,1527"/>
                <TextEquiv>
                    <Unicode>Katholiken erreichen, wenn</Unicode>
                </TextEquiv>
            </TextLine>
            <TextLine id="r1l25" custom="readingOrder {index:24;}">
                <Coords points="1110,1568 2184,1560 2539,1503 2452,1471 1108,1518"/>
                <Baseline points="1118,1565 1188,1564 1259,1562 1329,1560 1400,1557 1471,1556 1541,1553 1612,1551 1683,1548 1753,1546 1824,1543 1895,1541 1965,1538 2036,1536 2107,1534 2177,1531 2248,1529 2319,1527 2389,1525 2460,1524 2531,1522"/>
                <TextEquiv>
                    <Unicode>Wohnungen und Geschäftsräumen des Erdgeschosses setzten diese Funken</Unicode>
                </TextEquiv>
            </TextLine>
            <TextLine id="r1l26" custom="readingOrder {index:25;}">
                <Coords points="77,1613 111,1618 130,1599 200,1620 268,1601 296,1615 390,1599 526,1609 618,1597 618,1554 429,1538 377,1560 76,1563"/>
                <Baseline points="86,1598 112,1598 138,1597 164,1597 190,1597 216,1596 242,1596 269,1596 295,1595 321,1595 347,1594 373,1594 399,1594 425,1593 452,1593 478,1592 504,1592 530,1591 556,1591 582,1590 609,1590"/>
                <TextEquiv>
                    <Unicode>s, die in unsern blühenden</Unicode>
                </TextEquiv>
            </TextLine>
            <TextLine id="r1l27" custom="readingOrder {index:26;}">
                <Coords points="1104,1625 2157,1617 2503,1567 2342,1539 1103,1598"/>
                <Baseline points="1113,1626 1182,1625 1251,1623 1320,1621 1389,1619 1458,1617 1527,1616 1596,1613 1665,1611 1734,1609 1804,1607 1873,1605 1942,1603 2011,1600 2080,1598 2149,1596 2218,1594 2287,1590 2356,1588 2425,1586 2495,1583"/>
                <TextEquiv>
                    <Unicode>alte Stoffe in Brand — und im Keller war ein riesiges Pulverlager!</Unicode>
                </TextEquiv>
            </TextLine>
            <TextLine id="r1l28" custom="readingOrder {index:27;}">
                <Coords points="86,1689 114,1675 275,1678 295,1660 355,1676 426,1660 544,1673 614,1651 613,1612 84,1617"/>
                <Baseline points="95,1663 120,1663 146,1663 171,1663 197,1662 222,1662 248,1661 273,1661 299,1660 324,1659 350,1658 375,1657 401,1656 426,1656 452,1655 477,1654 503,1653 528,1653 554,1652 579,1652 605,1652"/>
                <TextEquiv>
                    <Unicode>sich endlich einmal wirksam</Unicode>
                </TextEquiv>
            </TextLine>
            <TextLine id="r1l29" custom="readingOrder {index:28;}">
                <Coords points="1193,1695 2515,1672 2527,1611 1191,1644"/>
                <Baseline points="1201,1688 1266,1686 1332,1685 1398,1682 1464,1681 1530,1679 1596,1677 1662,1675 1728,1673 1794,1671 1860,1669 1925,1667 1991,1665 2057,1663 2123,1661 2189,1659 2255,1656 2321,1654 2387,1652 2453,1649 2519,1647"/>
                <TextEquiv>
                    <Unicode>Das war am Vorabend der großen Revolution. Heute haben die</Unicode>
                </TextEquiv>
            </TextLine>
            <TextLine id="r1l30" custom="readingOrder {index:29;}">
                <Coords points="85,1742 306,1722 343,1742 407,1729 438,1741 477,1721 539,1737 617,1726 617,1703 548,1668 266,1687 199,1671 127,1695 85,1688"/>
                <Baseline points="94,1725 119,1725 145,1725 171,1725 196,1724 222,1724 248,1724 273,1723 299,1723 325,1723 351,1723 376,1722 402,1722 428,1722 453,1722 479,1722 505,1722 530,1722 556,1723 582,1723 608,1723"/>
                <TextEquiv>
                    <Unicode>en wollten! Für die Sache,</Unicode>
                </TextEquiv>
            </TextLine>
            <TextLine id="r1l31" custom="readingOrder {index:30;}">
                <Coords points="1109,1757 2545,1708 2399,1663 1108,1732"/>
                <Baseline points="1118,1753 1192,1751 1267,1750 1342,1748 1416,1746 1491,1744 1566,1741 1640,1738 1715,1737 1790,1734 1864,1731 1939,1729 2014,1726 2088,1724 2163,1721 2238,1719 2312,1716 2387,1713 2462,1711 2537,1708"/>
                <TextEquiv>
                    <Unicode>Salons ihren führenden Einfluß längst verloren. Aber im Theater fliegen</Unicode>
                </TextEquiv>
            </TextLine>
            <TextLine id="r1l32" custom="readingOrder {index:31;}">
                <Coords points="89,1797 146,1810 224,1795 244,1809 299,1791 575,1791 614,1774 613,1740 568,1729 457,1750 401,1733 293,1752 262,1735 239,1749 201,1735 177,1749 88,1744"/>
                <Baseline points="97,1786 122,1787 147,1788 173,1789 198,1789 224,1789 249,1788 274,1788 300,1787 325,1786 351,1785 376,1785 401,1783 427,1783 452,1781 478,1780 503,1779 528,1778 554,1777 579,1776 605,1776"/>
                <TextEquiv>
                    <Unicode>nicht bloß Arbeiter in Be¬</Unicode>
                </TextEquiv>
            </TextLine>
            <TextLine id="r1l33" custom="readingOrder {index:32;}">
                <Coords points="1112,1835 2458,1794 2538,1732 1111,1788"/>
                <Baseline points="1120,1819 1190,1817 1261,1814 1331,1812 1402,1810 1472,1808 1543,1806 1613,1804 1684,1803 1754,1800 1825,1799 1896,1796 1966,1794 2037,1792 2107,1789 2178,1786 2248,1783 2319,1780 2389,1777 2460,1773 2531,1769"/>
                <TextEquiv>
                    <Unicode>die gefährlichen Funken so dicht auf wie nur je. Und wir alle wohnen</Unicode>
                </TextEquiv>
            </TextLine>
            <TextLine id="r1l34" custom="readingOrder {index:33;}">
                <Coords points="104,1869 239,1855 272,1873 382,1856 432,1873 599,1843 598,1802 582,1797 556,1809 372,1800 305,1817 260,1802 193,1821 158,1805 104,1830"/>
                <Baseline points="113,1853 138,1853 163,1852 188,1852 213,1851 238,1851 263,1850 289,1850 314,1850 339,1849 364,1849 389,1849 414,1848 440,1848 465,1847 490,1847 515,1846 540,1845 565,1844 591,1843"/>
                <TextEquiv>
                    <Unicode>„Neue Freie Volksbühne“</Unicode>
                </TextEquiv>
            </TextLine>
            <TextLine id="r1l35" custom="readingOrder {index:34;}">
                <Coords points="1121,1895 2545,1839 2484,1784 2414,1821 1119,1836"/>
                <Baseline points="1130,1885 1200,1882 1270,1879 1340,1877 1411,1874 1481,1871 1551,1869 1621,1866 1692,1864 1762,1862 1832,1859 1902,1856 1973,1854 2043,1852 2113,1849 2183,1846 2254,1844 2324,1841 2394,1838 2464,1835 2535,1832"/>
                <TextEquiv>
                    <Unicode>in dem bedrohten Hause, wo dieses frevelhafte Spiel getrieben wird. Wir</Unicode>
                </TextEquiv>
            </TextLine>
            <TextLine id="r1l36" custom="readingOrder {index:35;}">
                <Coords points="70,1951 132,1922 268,1937 431,1915 592,1925 624,1908 623,1871 580,1859 552,1877 466,1861 440,1879 382,1857 347,1879 114,1869 69,1893"/>
                <Baseline points="79,1917 105,1916 132,1915 159,1914 186,1913 213,1912 239,1911 266,1911 293,1911 320,1910 347,1910 373,1910 400,1910 427,1909 454,1909 481,1909 507,1908 534,1908 561,1907 588,1907 615,1906"/>
                <TextEquiv>
                    <Unicode>„Dieser Verein beweist, daß</Unicode>
                </TextEquiv>
            </TextLine>
            <TextLine id="r1l37" custom="readingOrder {index:36;}">
                <Coords points="1127,1970 2548,1886 2399,1847 1125,1909"/>
                <Baseline points="1136,1949 1206,1945 1276,1941 1346,1938 1416,1935 1486,1933 1556,1930 1627,1928 1697,1926 1767,1924 1837,1922 1907,1920 1977,1918 2047,1916 2118,1913 2188,1911 2258,1908 2328,1906 2398,1902 2468,1898 2539,1894"/>
                <TextEquiv>
                    <Unicode>wären herzlos und töricht, wenn wir müßig zuschauten. Wenn wir aber</Unicode>
                </TextEquiv>
            </TextLine>
            <TextLine id="r1l38" custom="readingOrder {index:37;}">
                <Coords points="81,2000 363,1978 409,1992 454,1974 528,1991 628,1971 628,1947 578,1923 459,1945 430,1931 81,1937"/>
                <Baseline points="91,1977 117,1976 143,1976 170,1976 196,1975 223,1975 249,1974 275,1974 302,1974 328,1974 355,1974 381,1974 407,1973 434,1973 460,1973 487,1973 513,1973 539,1973 566,1973 592,1972 619,1972"/>
                <TextEquiv>
                    <Unicode>s Parteiprogramms möglich</Unicode>
                </TextEquiv>
            </TextLine>
            <TextLine id="r1l39" custom="readingOrder {index:38;}">
                <Coords points="1127,2007 2543,1959 2514,1911 1126,1971"/>
                <Baseline points="1136,2009 1205,2007 1275,2005 1345,2002 1415,2000 1485,1998 1555,1995 1624,1993 1694,1991 1764,1988 1834,1986 1904,1983 1974,1981 2044,1978 2113,1976 2183,1973 2253,1971 2323,1968 2393,1965 2463,1963 2533,1960"/>
                <TextEquiv>
                    <Unicode>die wackern Männer und Frauen, die an der Rettung arbeiten, gar noch</Unicode>
                </TextEquiv>
            </TextLine>
            <TextLine id="r1l40" custom="readingOrder {index:39;}">
                <Coords points="77,2063 205,2039 230,2058 559,2040 626,2053 624,2001 583,1983 467,2003 255,1991 197,2012 136,1996 76,2012"/>
                <Baseline points="85,2039 111,2040 138,2041 164,2041 191,2041 217,2041 244,2040 270,2040 297,2039 323,2038 350,2037 377,2037 403,2035 430,2034 456,2033 483,2033 509,2031 536,2031 562,2030 589,2030 616,2030"/>
                <TextEquiv>
                    <Unicode>amten, Kleinbürgern, Kauf¬</Unicode>
                </TextEquiv>
            </TextLine>
            <TextLine id="r1l41" custom="readingOrder {index:40;}">
                <Coords points="1130,2087 2558,2026 2479,1979 1128,2034"/>
                <Baseline points="1138,2072 1208,2069 1279,2066 1349,2063 1420,2061 1490,2059 1561,2056 1631,2054 1702,2051 1772,2049 1843,2046 1913,2044 1984,2042 2054,2039 2125,2037 2195,2035 2266,2033 2336,2030 2407,2027 2477,2025 2548,2022"/>
                <TextEquiv>
                    <Unicode>hindern — dann wird vielleicht auch uns nach den vielen Mahnern, die</Unicode>
                </TextEquiv>
            </TextLine>
            <TextLine id="r1l42" custom="readingOrder {index:41;}">
                <Coords points="79,2128 155,2110 326,2122 403,2103 570,2120 634,2094 634,2064 325,2054 285,2075 240,2054 148,2075 78,2060"/>
                <Baseline points="87,2103 113,2103 140,2103 167,2103 194,2103 221,2102 248,2102 275,2102 302,2102 329,2102 356,2101 382,2101 409,2100 436,2100 463,2099 490,2099 517,2098 544,2097 571,2097 598,2095 625,2094"/>
                <TextEquiv>
                    <Unicode>n umfaßt, ist er doch nicht</Unicode>
                </TextEquiv>
            </TextLine>
            <TextLine id="r1l43" custom="readingOrder {index:42;}">
                <Coords points="1126,2137 2469,2111 2548,2091 2547,2044 1125,2100"/>
                <Baseline points="1134,2133 1204,2132 1274,2130 1344,2129 1415,2127 1485,2125 1555,2123 1625,2121 1696,2118 1766,2115 1836,2113 1906,2110 1977,2107 2047,2105 2117,2102 2187,2098 2258,2096 2328,2093 2398,2090 2468,2086 2539,2083"/>
                <TextEquiv>
                    <Unicode>voraufgegangen sind, eines Tages ein Mirabeau mit niederschmetternder</Unicode>
                </TextEquiv>
            </TextLine>
            <TextLine id="r1l44" custom="readingOrder {index:43;}">
                <Coords points="79,2176 195,2189 212,2173 396,2169 419,2185 453,2170 487,2187 512,2167 544,2181 622,2159 621,2120 561,2116 78,2129"/>
                <Baseline points="88,2170 114,2169 140,2169 166,2168 193,2168 219,2167 245,2167 271,2166 298,2166 324,2165 350,2165 376,2165 403,2164 429,2164 455,2163 481,2162 508,2162 534,2161 560,2160 586,2160 613,2158"/>
                <TextEquiv>
                    <Unicode>eine freie Vereinigung von</Unicode>
                </TextEquiv>
            </TextLine>
            <TextLine id="r1l45" custom="readingOrder {index:44;}">
                <Coords points="1126,2199 2553,2156 2529,2109 2437,2105 1125,2154"/>
                <Baseline points="1136,2196 1206,2194 1276,2193 1347,2191 1417,2189 1488,2187 1558,2185 1628,2182 1699,2179 1769,2177 1840,2174 1910,2171 1980,2168 2051,2165 2121,2162 2192,2160 2262,2156 2332,2154 2403,2151 2473,2149 2544,2146"/>
                <TextEquiv>
                    <Unicode>Beredsamkeit unsere Schuld in die Ohren donnern. Aber dann ist es</Unicode>
                </TextEquiv>
            </TextLine>
            <TextLine id="r1l46" custom="readingOrder {index:45;}">
                <Coords points="93,2251 443,2242 466,2228 589,2241 632,2212 632,2186 521,2170 445,2209 381,2181 279,2183 249,2200 92,2181"/>
                <Baseline points="101,2234 127,2232 153,2231 179,2230 205,2229 231,2229 257,2229 283,2228 309,2228 335,2228 362,2228 388,2228 414,2229 440,2229 466,2229 492,2228 518,2228 544,2228 570,2227 596,2226 623,2225"/>
                <TextEquiv>
                    <Unicode>scher Kunst wollen, und die</Unicode>
                </TextEquiv>
            </TextLine>
            <TextLine id="r1l47" custom="readingOrder {index:46;}">
                <Coords points="1124,2271 1183,2284 1204,2275 1224,2285 1238,2277 1267,2279 1289,2265 1332,2258 1330,2229 1314,2234 1283,2216 1260,2213 1246,2220 1235,2211 1217,2212 1180,2227 1169,2222 1140,2243 1122,2244"/>
                <Baseline points="1133,2265 1160,2262 1187,2261 1214,2259 1241,2258 1268,2256 1295,2255 1323,2254"/>
                <TextEquiv>
                    <Unicode>zu spät.</Unicode>
                </TextEquiv>
            </TextLine>
            <TextLine id="r1l48" custom="readingOrder {index:47;}">
                <Coords points="2054,2296 2187,2270 2246,2288 2263,2272 2327,2266 2437,2288 2500,2267 2500,2240 2471,2241 2438,2215 2417,2228 2273,2220 2239,2233 2167,2218 2147,2234 2102,2221 2052,2233"/>
                <Baseline points="2062,2272 2087,2270 2112,2268 2137,2267 2162,2266 2188,2265 2213,2264 2238,2264 2263,2263 2289,2263 2314,2262 2339,2262 2364,2261 2390,2261 2415,2260 2440,2259 2465,2258 2491,2257"/>
                <TextEquiv>
                    <Unicode>Jakob Overmans S. J.</Unicode>
                </TextEquiv>
            </TextLine>
            <TextLine id="r1l49" custom="readingOrder {index:48;}">
                <Coords points="86,2373 321,2372 397,2353 633,2362 631,2297 543,2309 482,2289 400,2319 341,2300 147,2326 85,2307"/>
                <Baseline points="95,2355 121,2355 147,2354 174,2354 200,2353 227,2353 253,2352 279,2351 306,2351 332,2350 359,2350 385,2349 411,2348 438,2348 464,2347 491,2347 517,2347 543,2346 570,2346 596,2346 623,2346"/>
                <TextEquiv>
                    <Unicode>st um so leichter alle Klüfte</Unicode>
                </TextEquiv>
            </TextLine>
            <TextLine id="r1l50" custom="readingOrder {index:49;}">
                <Coords points="77,2437 632,2421 631,2380 579,2365 492,2372 459,2393 343,2368 257,2366 204,2389 76,2382"/>
                <Baseline points="85,2422 111,2422 138,2422 165,2422 192,2422 219,2421 246,2420 273,2419 300,2419 327,2418 354,2417 380,2416 407,2415 434,2415 461,2414 488,2414 515,2414 542,2414 569,2414 596,2414 623,2415"/>
                <TextEquiv>
                    <Unicode>ungen überbrücken, als wir</Unicode>
                </TextEquiv>
            </TextLine>
            <TextLine id="r1l51" custom="readingOrder {index:50;}">
                <Coords points="82,2498 266,2504 351,2488 399,2505 631,2485 630,2453 558,2434 530,2453 507,2430 384,2450 296,2428 258,2450 81,2437"/>
                <Baseline points="91,2483 117,2483 144,2483 170,2483 197,2483 223,2482 250,2482 276,2481 303,2480 329,2480 356,2479 382,2479 409,2478 435,2477 462,2476 488,2476 515,2476 541,2475 568,2476 594,2476 621,2477"/>
                <TextEquiv>
                    <Unicode>Theaterverband zugleich der</Unicode>
                </TextEquiv>
            </TextLine>
            <TextLine id="r1l52" custom="readingOrder {index:51;}">
                <Coords points="76,2564 190,2550 325,2567 366,2543 411,2567 519,2540 571,2557 628,2546 627,2510 579,2493 501,2521 424,2494 337,2513 281,2498 239,2513 223,2497 75,2516"/>
                <Baseline points="85,2547 111,2548 138,2548 165,2548 191,2548 218,2548 245,2548 271,2547 298,2547 325,2546 352,2546 378,2545 405,2544 432,2544 458,2543 485,2542 512,2542 538,2541 565,2541 592,2541 619,2540"/>
                <TextEquiv>
                    <Unicode>ngen Dienst zu leisten. Und</Unicode>
                </TextEquiv>
            </TextLine>
            <TextLine id="r1l53" custom="readingOrder {index:52;}">
                <Coords points="80,2632 627,2618 626,2568 549,2555 528,2571 385,2558 309,2576 264,2560 204,2579 79,2564"/>
                <Baseline points="89,2610 115,2611 141,2611 168,2612 194,2612 221,2612 247,2612 273,2611 300,2611 326,2610 353,2609 379,2608 405,2608 432,2607 458,2607 485,2606 511,2606 537,2606 564,2607 590,2607 617,2608"/>
                <TextEquiv>
                    <Unicode>chdenen offen stehen könnten,</Unicode>
                </TextEquiv>
            </TextLine>
            <TextLine id="r1l54" custom="readingOrder {index:53;}">
                <Coords points="81,2698 147,2695 180,2673 207,2696 330,2676 400,2691 442,2672 604,2680 636,2667 636,2628 594,2616 474,2636 409,2623 367,2640 263,2627 80,2641"/>
                <Baseline points="90,2672 116,2674 143,2675 170,2676 197,2676 224,2676 251,2676 278,2676 305,2675 332,2674 359,2673 385,2672 412,2671 439,2670 466,2669 493,2668 520,2668 547,2668 574,2669 601,2670 628,2671"/>
                <TextEquiv>
                    <Unicode>dann wirklich nach und nach</Unicode>
                </TextEquiv>
            </TextLine>
            <TextLine id="r1l55" custom="readingOrder {index:54;}">
                <Coords points="100,2742 231,2758 353,2736 535,2754 640,2737 639,2697 588,2684 502,2700 454,2683 372,2704 100,2701"/>
                <Baseline points="109,2737 135,2737 161,2737 187,2737 213,2736 239,2736 265,2736 291,2735 317,2735 343,2734 370,2734 396,2733 422,2733 448,2732 474,2732 500,2731 526,2731 552,2730 578,2730 604,2730 631,2730"/>
                <TextEquiv>
                    <Unicode>ohne schwer erschwingliche</Unicode>
                </TextEquiv>
            </TextLine>
            <TextLine id="r1l56" custom="readingOrder {index:55;}">
                <Coords points="78,2831 216,2794 254,2820 291,2803 386,2814 407,2797 477,2814 621,2804 632,2743 534,2763 511,2747 477,2762 377,2748 337,2765 249,2754 198,2775 77,2769"/>
                <Baseline points="86,2804 114,2804 142,2804 171,2803 199,2803 227,2802 256,2802 284,2801 312,2800 341,2800 369,2799 398,2798 426,2798 454,2797 483,2796 511,2796 539,2795 568,2795 596,2794 625,2794"/>
                <TextEquiv>
                    <Unicode>ng — die auch durch das</Unicode>
                </TextEquiv>
            </TextLine>
            <TextLine id="r1l57" custom="readingOrder {index:56;}">
                <Coords points="74,2885 124,2869 174,2892 254,2868 343,2883 364,2866 470,2882 642,2860 641,2828 566,2807 378,2837 311,2808 248,2829 206,2812 73,2828"/>
                <Baseline points="83,2870 110,2870 138,2870 165,2870 193,2870 220,2869 248,2869 275,2868 303,2867 330,2866 358,2865 385,2864 413,2863 440,2863 468,2862 495,2862 523,2861 550,2861 578,2861 605,2862 633,2863"/>
                <TextEquiv>
                    <Unicode>ie echten Werte zu genießen,</Unicode>
                </TextEquiv>
            </TextLine>
            <TextLine id="r1l58" custom="readingOrder {index:57;}">
                <Coords points="83,2954 635,2927 634,2906 582,2877 550,2892 512,2871 479,2892 425,2867 276,2894 115,2878 82,2890"/>
                <Baseline points="91,2930 117,2931 144,2931 171,2931 198,2931 224,2931 251,2930 278,2929 305,2929 331,2928 358,2927 385,2926 412,2925 438,2924 465,2923 492,2922 519,2921 545,2920 572,2920 599,2920 626,2920"/>
                <TextEquiv>
                    <Unicode>beltliteratur beschlossen liegen.</Unicode>
                </TextEquiv>
            </TextLine>
            <TextLine id="r1l59" custom="readingOrder {index:58;}">
                <Coords points="97,3011 236,3009 298,2990 455,3007 485,2982 512,3001 582,3004 637,2981 636,2958 575,2940 556,2952 518,2937 495,2955 458,2938 424,2954 360,2939 271,2958 253,2941 194,2958 96,2947"/>
                <Baseline points="105,2991 131,2991 157,2990 183,2990 209,2989 235,2989 261,2989 287,2989 313,2989 339,2988 366,2988 392,2988 418,2988 444,2987 470,2987 496,2986 522,2986 548,2985 574,2984 600,2982 627,2981"/>
                <TextEquiv>
                    <Unicode>frömmsten Vereines ebenso¬</Unicode>
                </TextEquiv>
            </TextLine>
            <TextLine id="r1l60" custom="readingOrder {index:59;}">
                <Coords points="87,3075 237,3079 331,3056 492,3070 645,3049 644,3015 569,3005 380,3004 333,3022 291,3007 87,3013"/>
                <Baseline points="96,3056 124,3055 152,3055 181,3055 209,3054 237,3054 266,3053 294,3053 322,3052 351,3052 379,3052 408,3051 436,3051 464,3051 493,3050 521,3050 549,3050 578,3050 606,3049 635,3049"/>
                <TextEquiv>
                    <Unicode>Unsittlichkeit und Unglauben</Unicode>
                </TextEquiv>
            </TextLine>
            <TextLine id="r1l61" custom="readingOrder {index:60;}">
                <Coords points="79,3148 294,3147 335,3119 456,3137 486,3120 616,3122 648,3109 648,3078 77,3074"/>
                <Baseline points="87,3116 114,3117 142,3118 169,3118 197,3118 225,3118 252,3118 280,3118 307,3118 335,3117 363,3116 390,3115 418,3115 445,3114 473,3113 501,3112 528,3112 556,3111 583,3111 611,3110 639,3110"/>
                <TextEquiv>
                    <Unicode>mgartner (Staatslexikon der</Unicode>
                </TextEquiv>
            </TextLine>
            <TextLine id="r1l62" custom="readingOrder {index:61;}">
                <Coords points="84,3206 177,3203 200,3183 301,3182 328,3203 410,3187 624,3194 657,3183 657,3160 561,3116 513,3143 482,3122 436,3145 393,3128 301,3148 83,3138"/>
                <Baseline points="92,3180 119,3181 147,3182 175,3182 203,3182 231,3182 258,3182 286,3182 314,3181 342,3181 370,3180 397,3179 425,3179 453,3178 481,3178 509,3178 536,3177 564,3178 592,3178 620,3179 648,3179"/>
                <TextEquiv>
                    <Unicode>htiger und fruchtreicher sein,</Unicode>
                </TextEquiv>
            </TextLine>
            <TextLine id="r1l63" custom="readingOrder {index:62;}">
                <Coords points="83,3264 646,3248 645,3194 627,3191 588,3204 554,3188 528,3207 82,3207"/>
                <Baseline points="91,3243 118,3244 145,3245 172,3245 200,3246 227,3246 254,3245 282,3245 309,3245 336,3245 364,3244 391,3243 418,3243 445,3242 473,3241 500,3241 527,3240 555,3240 582,3239 609,3239 637,3238"/>
                <TextEquiv>
                    <Unicode>Schauspielkunst ihrem wahren</Unicode>
                </TextEquiv>
            </TextLine>
            <TextLine id="r1l64" custom="readingOrder {index:63;}">
                <Coords points="86,3321 328,3335 378,3311 579,3326 657,3310 657,3278 607,3257 578,3274 468,3256 368,3276 172,3261 137,3281 85,3264"/>
                <Baseline points="94,3308 121,3309 149,3309 177,3309 204,3309 232,3309 260,3308 287,3307 315,3307 343,3306 371,3305 398,3304 426,3304 454,3303 481,3302 509,3302 537,3302 564,3302 592,3302 620,3303 648,3304"/>
                <TextEquiv>
                    <Unicode>nd Abstinenz den Mißbrauch</Unicode>
                </TextEquiv>
            </TextLine>
            <TextEquiv>
                <Unicode>B
box 31/7
S 
25. Profeor Bernhardi
275
Unser Kampf um die Bühne.
der Kunst teilweise zu hindern oder einzuschränken und das Theater selbst
haft erwirbt sich erfreuliche
in weitem Umfang feindseligen Kreisen zu überlassen.“
schutzlos der Flut preis¬
Am 4. Juli 1900 begann der bayerische Archivrat Dr Joseph Bernhard
sie hinrollt!
Weiß in der „Literarischen Beilage zur Kölnischen Volkszeitung“ einen
eiter erzählt in der „Augs¬
verdienstlichen Artikel über „Unsere Stellung zum Theater“ mit dem un¬
er katholischen Stadt von
heimlich treffenden Gleichnis, durch das Taine die Macht revolutionärer
rkschaften“ seit 1910 jeden
Gedanken schildert. Im ersten Stock des Hauses „waren die Gedanken
mal die Direktion, obschon
bloß Abendbeleuchtungen, Salonfunken, lustige bengalische Feuer, mit denen
ge, ein eigenes Drama ein¬
man spielte, und die man lachend aus dem Fenster warf“. Aber in den
Katholiken erreichen, wenn
Wohnungen und Geschäftsräumen des Erdgeschosses setzten diese Funken
s, die in unsern blühenden
alte Stoffe in Brand — und im Keller war ein riesiges Pulverlager!
sich endlich einmal wirksam
Das war am Vorabend der großen Revolution. Heute haben die
en wollten! Für die Sache,
Salons ihren führenden Einfluß längst verloren. Aber im Theater fliegen
nicht bloß Arbeiter in Be¬
die gefährlichen Funken so dicht auf wie nur je. Und wir alle wohnen
„Neue Freie Volksbühne“
in dem bedrohten Hause, wo dieses frevelhafte Spiel getrieben wird. Wir
„Dieser Verein beweist, daß
wären herzlos und töricht, wenn wir müßig zuschauten. Wenn wir aber
s Parteiprogramms möglich
die wackern Männer und Frauen, die an der Rettung arbeiten, gar noch
amten, Kleinbürgern, Kauf¬
hindern — dann wird vielleicht auch uns nach den vielen Mahnern, die
n umfaßt, ist er doch nicht
voraufgegangen sind, eines Tages ein Mirabeau mit niederschmetternder
eine freie Vereinigung von
Beredsamkeit unsere Schuld in die Ohren donnern. Aber dann ist es
scher Kunst wollen, und die
zu spät.
Jakob Overmans S. J.
st um so leichter alle Klüfte
ungen überbrücken, als wir
Theaterverband zugleich der
ngen Dienst zu leisten. Und
chdenen offen stehen könnten,
dann wirklich nach und nach
ohne schwer erschwingliche
ng — die auch durch das
ie echten Werte zu genießen,
beltliteratur beschlossen liegen.
frömmsten Vereines ebenso¬
Unsittlichkeit und Unglauben
mgartner (Staatslexikon der
htiger und fruchtreicher sein,
Schauspielkunst ihrem wahren
nd Abstinenz den Mißbrauch</Unicode>
            </TextEquiv>
        </TextRegion>
        <TextRegion orientation="0.0" id="r2" custom="readingOrder {index:1;}">
            <Coords points="2673,3550 2673,3719 2818,3719 2818,3550"/>
            <TextLine id="r2l1" custom="readingOrder {index:0;}">
                <Coords points="2670,3710 2687,3706 2706,3711 2742,3677 2758,3686 2785,3671 2808,3686 2831,3683 2820,3597 2802,3599 2784,3611 2767,3607 2756,3618 2740,3609 2728,3613 2711,3601 2657,3615"/>
                <Baseline points="2673,3669 2702,3664 2731,3659 2760,3655 2789,3652 2818,3650"/>
                <TextEquiv>
                    <Unicode>S</Unicode>
                </TextEquiv>
            </TextLine>
            <TextEquiv>
                <Unicode>S</Unicode>
            </TextEquiv>
        </TextRegion>
        <TextRegion orientation="0.0" id="r3" custom="readingOrder {index:2;}">
            <Coords points="2849,3735 2849,3891 2873,3891 2873,3735"/>
            <TextLine id="r3l1" custom="readingOrder {index:0;}">
                <Coords points="2849,3878 2857,3875 2859,3877 2862,3874 2876,3878 2892,3876 2874,3805 2862,3808 2845,3798 2841,3803 2830,3805"/>
                <Baseline points="2849,3841 2873,3835"/>
                <TextEquiv>
                    <Unicode>94</Unicode>
                </TextEquiv>
            </TextLine>
            <TextEquiv>
                <Unicode>94</Unicode>
            </TextEquiv>
        </TextRegion>
        <TextRegion orientation="0.0" id="r4" custom="readingOrder {index:3;}">
            <Coords points="2935,3815 2935,3969 2985,3969 2985,3815"/>
            <TextLine id="r4l1" custom="readingOrder {index:0;}">
                <Coords points="2928,3931 2937,3930 2940,3933 2946,3933 2951,3927 2963,3926 2965,3928 2979,3919 2986,3924 2995,3923 2992,3882 2983,3883 2977,3878 2973,3879 2966,3872 2923,3874"/>
                <Baseline points="2935,3919 2960,3916 2985,3915"/>
                <TextEquiv>
                    <Unicode>1</Unicode>
                </TextEquiv>
            </TextLine>
            <TextEquiv>
                <Unicode>1</Unicode>
            </TextEquiv>
        </TextRegion>
    </Page>
</PcGts>
