3344 4352
200 149 1413 228 25 Prefessen-Bernhandl
773 1084 1244 1212 Stadttheater.
592 1172 1495 1253 „Professor Bernhardi.“ Komödie von Arthur
632 1244 1498 1310 ler Im Pori####lebie die Komödie auf unserer
519 1283 1501 1352 Vat##hesige Erstaufführung Schon damals und
526 1319 1501 1388 spöter ist über das Für und Wider, über die Licht= und
526 1363 1497 1427 Schattenseiten der Komödie viel, sehr viel geschrieben
526 1402 1492 1469 worden. Im Vorjahre erregte die Auffährung allgemeines
514 1439 1494 1509 Aufsehen; man lah die Leute im Theater, die zu den
517 1480 1491 1550 seltensten Besuchern gehören. Die Begeisterung für Pro¬
512 1519 1495 1576 fessor Bernhardi ist ganz gewiß etwas geschwunden, ein
520 1561 1495 1628 Beweis daß auch viele einstige Sensationskomödie zu
523 1598 1482 1654 einer Darbietung mütlerer Quolität herabsinken kann
517 1643 1488 1703 Die Handlung selbst ist ein jetter Bissen für den ausge¬
519 1678 1478 1737 reiften Mann der Gesellschaft, für den Philosophen, für
510 1718 1487 1785 den Arzt, für dn Psychologen Die breiten Schichten
513 1757 1478 1821 sehen in Professor Berahardi nur den Mann, der dem
518 1798 1481 1858 Vriester den Weg zur Kranken verwehrt und dafür zwei
521 1837 1478 1906 Monate einge perrt wird, daß aber in der Komödie ein
516 1879 1477 1926 unendlich=s Kapital von Gesellschaftswissenschaft einge¬
514 1913 1486 1998 schlossen ist, daß der Philosoph seine Prooleme entwick it,
505 1958 1478 2021 daß hier sich Vorstellungen von geistigen Dingen ver¬
512 1993 1479 2060 birden und trennen, das sieht nur ein kleiner Bruchteil
507 2038 1482 2105 der Zuhörer. Es ist zu viel Abstraktes, welches da spricht.
509 2074 1481 2128 Schnitzler nimmt den Gestalten den Körper und jagt zu¬
507 2117 1477 2178 viel nach und mit Dingen, die man nicht sehen kann.
500 2148 1495 2229 Die Darbietung selbst war wohl recht annehmbar, reicht
491 2204 1479 2276 aber an die Erstauffährung der vergangenen Spielzei¬
651 2372 1421 2497 Leitmeritzer Zeitung
1081 2545 1378 2648 19907 19
381 2649 1376 2727 nicht heran. Einzelne Szenen waren mit recht viel Ehr¬
393 2716 1363 2760 geiz durchgeführt, so z. B die Beratung der Aerzte des
393 2755 1365 2798 Elisabethinums, die Szene Professor Bernhacdi und Do'ior
394 2776 1367 2851 Ebenwald, Bernhardi und Priester. Huur Dieekior We¬
396 2834 1358 2878 ninger war als Bernhardi wie aus ureigenem Guß,
397 2869 1358 2917 der Ton seiner Sprache, die ganze Gestalt, jede einzel###
398 2906 1376 2957 Bewegung spiegelten die ganze Kraft seines Willens. Ihm
398 2950 1364 2994 am nächsten standen Herr v Janko als Dr Ebenwald,
395 2995 1377 3043 Herr Renner als Dr. Pflugfelder und Herr Tragau:
395 3017 1367 3082 als Unterrichtsminister Dr Flint. Mit extremem, ver¬
390 3075 1364 3117 fehltem Pathos sprach Herr Reismann als Dr. Löwen¬
400 3108 1371 3162 stein. Herr Reismann spricht und spielt am besten in
392 3139 1370 3191 Rollen, wie Amandas, Waldschratt, also in Rollen, wo
394 3175 1367 3242 er eine extreme, psychologische Siellung einnimmt. Frl.
402 3233 1371 3274 Baldow, die verwaist als einzige Dame eine größere
398 3262 1367 3319 Rolle führt, gab eine rechte, seelenvolle Krankenschwester.
400 3303 1362 3347 Besondere Erwähnung verdient noch Herr Neff als
403 3324 1379 3395 Pfarrer Reder und Herr Diestel in der undankbaren
398 3376 1375 3436 Hofratsrolle. Heir Nesf war ganz von der Philosophie
406 3427 1381 3476 seiner Rede erfaßt, er fand den richtigen Akzent. Die
397 3460 1369 3509 langsame, bedächtige Sprechweise verriet die Acbeit des
409 3502 1381 3553 Gedankens. Professor Bernhardi hatte als Neuheit viel
400 3553 1381 3602 Aufsehen erregt, ob sich die Begeisterung erhält, das bleibt
1251 3576 1376 3639 R.
401 3584 827 3643 eine Frage der Zukunft.
1573 134 2025 228 box 31/3
2614 1369 2864 1481 11131 137,
1930 1394 2476 1513 Prager Taabi¬
2678 1523 3298 1610 Stunden sind von jener Euphe
1913 1524 2568 1654 Professor Bernhardi.
2712 1585 3292 1648 perlichen und seelischen Glüch
2713 1620 3300 1689 die nur die blühendste Hoffnun
1834 1634 2708 1707 Damals, als Schnitzlers politische Komödie
2711 1672 3297 1736 danken an Todesnähe aufkomm
1758 1682 2707 1746 rschien und ihre-Aufführung ih Wien verboten
2714 1716 3287 1778 ohne das Sahament empfana
1755 1735 2714 1792 vurde, war sie ein aktuelles Stück; heute ist sie,
1748 1756 3299 1841 politisch gewertet, eine Reminiszenz. Ab und zu Professor wirk Objekt einer i
1755 1797 3300 1886 jat auch ein Dichter, dessen Eigentlichstes das Auf¬ Kuratorium di Anstalt demiss
1749 1844 3275 1930 spüren zarter Seelenstimmungen, das Sich=Versen- pellation soll im Parlament
2715 1894 3293 1943 er könnte sie hindern, wenn er
1756 1919 2706 1971 ken in die ewigen Rätsel der männlich-weiblichen
2713 1928 3301 2005 promiß bei des Derufung ein
1749 1960 2710 2025 Verflechtungen ist, das Verlangen, ein ganz
1757 1973 3296 2070 männliches, ein aller Erotik entkleidetes Stück zu verstünde. Erfflehnt ab, die 1
2712 2011 3284 2079 eingebracht. Der Unterrichtsm
1755 2037 2713 2123 schreiben; es wurde damals, als die Frau noch nicht
2717 2060 3273 2122 Vernhardis, mll den Profes
1755 2087 2705 2143 in die Politik eingetreten war, ein politisches
2719 2100 3269 2165 Sturm der Zyischenrufe knich
1744 2130 2713 2196 Drama und, da es ein österreichisches, ein Wiener
2718 2141 3290 2197 läßt Bernharkt fallen, die A
1759 2177 2707 2248 Drama war, eins, das seinen Konflikt aus dem
2716 2190 3293 2245 gionsstörung wird erhoben, die
1756 2215 2707 2286 Kulturkampf nahm. Die österreichischen „Fälle“
2724 2234 3285 2297 urteilen Bernhardi. Er sitzt sei
1760 2252 2714 2326 waren, wenn sie nicht die landesühliche nationale
2719 2273 3271 2340 um dann, in bürgerlichem
1754 2312 2711 2367 Färbung hatten, fast immer solche, in denen der
2728 2326 3281 2372 von mancher teuerworbenen
1748 2351 2708 2425 Aufklärer gegen den Gläubigen, der Atheist gegen
2709 2363 3276 2427 seinem Beruf zurückzukehren.
1752 2405 3296 2483 den Klerikalen, der Professor gegen den Pfarrer, ist selbstverstätzdlich und dart
1756 2439 2717 2510 der Jude gegen den Christen stand. Der Fa“
2728 2451 3019 2532 nur Komödie.
1747 2467 2727 2543 Wahrmund, der Fall Feilbogen: es war meist die
2792 2479 3265 2564 Der ironisch=wehmütige
1756 2524 2713 2607 gleiche Melodie. Auch der Fall Bernhardi, zu
2725 2538 3288 2602 dem Wiener Roman „Der W.
1753 2588 2714 2640 dessen Konstruktion es keiner dichterischen Phan¬
2711 2586 3238 2653 ches politisch=Pychologische
1756 2636 3306 2692 tasie bedurfte, ist ein wahrheitsgetreu erzähltes richtet sich hies auf das Innen
1757 2665 2713 2722 Kapitel aus der österreichischen Chronik, dieses
2734 2658 3296 2742 sorengruppe, deren Mitglieder
1769 2704 2709 2765 interssant-ärgerlichen Epos von Hinterhältigkei¬
2704 2706 3268 2783 ferpose gegenüberstehen. M
1764 2764 3297 2812 ten und Intriguen, von Verleumdungen und feigen Charakterbeobachtung haben eit
1762 2807 2715 2854 Persekutionen. Die Affäre dieses jüdischen Pro¬
2713 2791 3290 2860 schimmerndes Gemälde gescha
2728 2847 3301 2897 von Gesinnungen, vom Schur
1768 2840 2720 2921 fessors und Spitalsdirektors ist für jeden, der nur
1766 2883 2714 2934 ein paar Jahre Oesterreicher war, so selbstver¬
2721 2892 3292 2956 listen, vom Streber bis zum
1775 2938 3172 2990 ständlich, daß Entrüstung oder auch nur Verwun= Kollegium der Aerzte
1764 2976 3064 3045 derung das abgeschmackteste Gefühl wäre, mit dem alle Arten deutsch
1771 3027 3050 3088 man auf sie antworten könnte. Ein Professor geordnet nach#
1774 3051 3043 3123 hält den Pfarrer von der Türe des Krankenzim=Man findet hier
1771 3094 3080 3193 mers ab. in dem eine Sterbende liegt; ihre letzten Antisemiten, Anti
