<?xml version="1.0" encoding="UTF-8" standalone="yes"?>
<PcGts xmlns="http://schema.primaresearch.org/PAGE/gts/pagecontent/2013-07-15" xmlns:xsi="http://www.w3.org/2001/XMLSchema-instance" xsi:schemaLocation="http://schema.primaresearch.org/PAGE/gts/pagecontent/2013-07-15 http://schema.primaresearch.org/PAGE/gts/pagecontent/2013-07-15/pagecontent.xsd">
    <Metadata>
        <Creator>prov=University of Rostock/Institute of Mathematics/CITlab/Gundram Leifert/gundram.leifert@uni-rostock.de:name=ONB_Newseye_GT_M1+(htr_id=10810)::::v=2.4.2
prov=University of Rostock/Institute of Mathematics/CITlab/Tobias Gruening/tobias.gruening@uni-rostock.de:name=de.uros.citlab.module.baseline2polygon.B2PSeamMultiOriented:v=2.4.2
prov=University of Rostock/Institute of Mathematics/CITlab/Tobias Gruening/tobias.gruening@uni-rostock.de:name=/mnt/transkribus/LA/DEA/URO/LA_news_onb_att.pb:de.uros.citlab.segmentation.CITlab_LA_ML:v=2.4.2
Transkribus</Creator>
        <Created>2019-10-07T11:13:21.238+02:00</Created>
        <LastChange>2019-10-08T01:04:46.295+02:00</LastChange>
        <TranskribusMetadata docId="223963" pageId="9496137" pageNr="329" tsid="16493348" status="IN_PROGRESS" userId="40391" imgUrl="https://files.transkribus.eu/Get?id=IOKBEOCBBYXIOODKUOAYQCBP&amp;fileType=view" xmlUrl="https://files.transkribus.eu/Get?id=ILJHDHIIDEFXFNSGKWEWIRPF" imageId="6186364"/>
    </Metadata>
    <Page imageFilename="223963_0329.jpeg" imageWidth="3344" imageHeight="4352">
        <ReadingOrder>
            <OrderedGroup id="ro_1711442523935" caption="Regions reading order">
                <RegionRefIndexed index="0" regionRef="r1"/>
            </OrderedGroup>
        </ReadingOrder>
        <TextRegion orientation="0.0" id="r1" custom="readingOrder {index:0;}">
            <Coords points="165,211 165,2972 2949,2972 2949,211"/>
            <TextLine id="r1l1" custom="readingOrder {index:0;}">
                <Coords points="1631,270 1780,271 1832,243 1905,272 2096,262 2096,182 2003,182 1971,199 1885,181 1853,202 1822,184 1721,205 1676,180 1631,190"/>
                <Baseline points="1648,248 1673,246 1698,246 1724,245 1749,245 1775,245 1800,245 1825,246 1851,247 1876,247 1902,247 1927,248 1952,248 1978,248 2003,248 2029,248 2054,247 2080,246"/>
                <TextEquiv>
                    <Unicode>box 30/4</Unicode>
                </TextEquiv>
            </TextLine>
            <TextLine id="r1l2" custom="readingOrder {index:1;}">
                <Coords points="267,248 1238,296 1496,262 1470,174 1053,178 972,218 886,175 268,182"/>
                <Baseline points="286,231 345,238 405,243 464,248 524,251 584,254 643,256 703,257 763,258 822,259 882,259 942,259 1001,259 1061,259 1121,258 1180,258 1240,259 1300,259 1359,261 1419,262 1479,264"/>
                <TextEquiv>
                    <Unicode>25. PrefesBenhadi</Unicode>
                </TextEquiv>
            </TextLine>
            <TextLine id="r1l3" custom="readingOrder {index:2;}">
                <Coords points="153,1454 2969,1489 154,1398"/>
                <Baseline points="172,1441 310,1445 449,1449 588,1453 727,1457 866,1462 1005,1466 1143,1471 1282,1476 1421,1480 1560,1485 1699,1489 1838,1494 1977,1498 2115,1502 2254,1507 2393,1510 2532,1515 2671,1518 2810,1521 2949,1525"/>
                <TextEquiv>
                    <Unicode>#earteten Ideale der christlichen Religion nicht saubern Geschäft gute Kollegen. Die antisemitische; der Konflikt gerät wieder in die unsaubere Atmo¬</Unicode>
                </TextEquiv>
            </TextLine>
            <TextLine id="r1l4" custom="readingOrder {index:3;}">
                <Coords points="152,1495 909,1505 1022,1536 1025,1460 153,1450"/>
                <Baseline points="169,1487 210,1488 252,1490 294,1492 336,1493 378,1495 420,1497 462,1498 504,1500 546,1501 588,1502 629,1503 671,1504 713,1505 755,1506 797,1508 839,1509 881,1510 923,1511 965,1512 1007,1514"/>
                <TextEquiv>
                    <Unicode>chnung als da sind: Reue des Sünders über</Unicode>
                </TextEquiv>
            </TextLine>
            <TextLine id="r1l5" custom="readingOrder {index:4;}">
                <Coords points="1015,1509 2959,1574 2939,1528 1016,1474"/>
                <Baseline points="1031,1512 1126,1516 1222,1520 1317,1524 1413,1527 1509,1531 1604,1535 1700,1538 1795,1541 1891,1545 1987,1547 2082,1551 2178,1553 2273,1556 2369,1559 2465,1561 2560,1564 2656,1566 2751,1568 2847,1571 2943,1573"/>
                <TextEquiv>
                    <Unicode>Presse nützt den Fall natürlich ganz für ihren sphäre politischer Machenschaften; das Fatalste aber:</Unicode>
                </TextEquiv>
            </TextLine>
            <TextLine id="r1l6" custom="readingOrder {index:5;}">
                <Coords points="156,1534 583,1563 1021,1553 1022,1518 908,1504 706,1522 158,1479"/>
                <Baseline points="175,1528 216,1531 257,1533 299,1536 340,1537 381,1539 423,1541 464,1542 505,1544 547,1546 588,1547 629,1548 671,1549 712,1550 753,1551 795,1552 836,1553 877,1555 919,1556 960,1557 1002,1559"/>
                <TextEquiv>
                    <Unicode>Verfehlungen, Bußfertigkeit als unumgäng¬</Unicode>
                </TextEquiv>
            </TextLine>
            <TextLine id="r1l7" custom="readingOrder {index:6;}">
                <Coords points="154,1582 1011,1611 1013,1559 155,1533"/>
                <Baseline points="172,1574 213,1576 254,1577 295,1579 336,1581 377,1582 418,1583 459,1584 500,1585 541,1586 582,1587 623,1588 664,1589 705,1590 746,1592 787,1592 828,1594 869,1596 910,1597 951,1600 993,1602"/>
                <TextEquiv>
                    <Unicode>notwendige Grundlage der Versöhnung mit</Unicode>
                </TextEquiv>
            </TextLine>
            <TextLine id="r1l8" custom="readingOrder {index:7;}">
                <Coords points="1012,1562 2953,1618 2951,1562 1014,1513"/>
                <Baseline points="1031,1556 1126,1559 1221,1563 1316,1566 1411,1570 1507,1573 1602,1577 1697,1580 1792,1583 1887,1587 1983,1590 2078,1593 2173,1596 2268,1599 2363,1602 2459,1605 2554,1607 2649,1610 2744,1612 2839,1615 2935,1617"/>
                <TextEquiv>
                    <Unicode>vornierten Standpunkt aus, und die Sache der Re¬ am Ende läßt Schnitzler den Professor selbst skep¬</Unicode>
                </TextEquiv>
            </TextLine>
            <TextLine id="r1l9" custom="readingOrder {index:8;}">
                <Coords points="1018,1605 1847,1643 1983,1630 1984,1592 1019,1559"/>
                <Baseline points="1037,1603 1083,1604 1129,1605 1176,1606 1222,1607 1269,1609 1315,1610 1361,1611 1408,1613 1454,1615 1501,1616 1547,1618 1593,1620 1640,1621 1686,1623 1733,1624 1779,1625 1825,1626 1872,1627 1918,1628 1965,1628"/>
                <TextEquiv>
                    <Unicode>ligion dient ihr nur als Sturmbock gegen die ver¬</Unicode>
                </TextEquiv>
            </TextLine>
            <TextLine id="r1l10" custom="readingOrder {index:9;}">
                <Coords points="153,1620 833,1656 993,1650 1019,1605 154,1578"/>
                <Baseline points="172,1617 213,1619 254,1621 296,1622 337,1624 378,1625 420,1626 461,1627 502,1628 544,1629 585,1630 626,1631 668,1632 709,1633 750,1634 792,1635 833,1636 874,1638 916,1639 957,1641 999,1643"/>
                <TextEquiv>
                    <Unicode>der Gewißheit der Sündenvergebung und der</Unicode>
                </TextEquiv>
            </TextLine>
            <TextLine id="r1l11" custom="readingOrder {index:10;}">
                <Coords points="1975,1637 2835,1670 2919,1662 2955,1618 1976,1592"/>
                <Baseline points="1991,1634 2038,1635 2085,1636 2132,1638 2180,1639 2227,1641 2274,1642 2322,1643 2369,1645 2416,1646 2464,1648 2511,1649 2558,1651 2605,1652 2653,1653 2700,1654 2747,1655 2795,1656 2842,1656 2889,1657 2937,1657"/>
                <TextEquiv>
                    <Unicode>tisch lächeln über den ganzen Handel; schließlich will</Unicode>
                </TextEquiv>
            </TextLine>
            <TextLine id="r1l12" custom="readingOrder {index:11;}">
                <Coords points="1006,1643 1876,1691 1977,1687 1979,1635 1007,1605"/>
                <Baseline points="1024,1646 1070,1648 1117,1649 1164,1651 1211,1652 1258,1654 1305,1654 1351,1656 1398,1658 1445,1659 1492,1661 1539,1662 1586,1663 1633,1665 1679,1667 1726,1668 1773,1669 1820,1671 1867,1672 1914,1674 1961,1675"/>
                <TextEquiv>
                    <Unicode>haßten Juden; und der Herr Kultusminister schafft</Unicode>
                </TextEquiv>
            </TextLine>
            <TextLine id="r1l13" custom="readingOrder {index:12;}">
                <Coords points="152,1668 1009,1700 1003,1644 153,1616"/>
                <Baseline points="170,1662 211,1664 252,1666 293,1667 334,1669 375,1670 416,1671 457,1672 498,1673 539,1674 581,1675 622,1676 663,1677 704,1678 745,1679 786,1679 827,1681 868,1682 909,1682 950,1684 992,1685"/>
                <TextEquiv>
                    <Unicode>ht auf ein Dasein in der Seligkeit. Die Art</Unicode>
                </TextEquiv>
            </TextLine>
            <TextLine id="r1l14" custom="readingOrder {index:13;}">
                <Coords points="1975,1680 2965,1708 2942,1641 1976,1639"/>
                <Baseline points="1994,1675 2041,1677 2089,1679 2137,1680 2184,1682 2232,1683 2280,1685 2327,1687 2375,1688 2423,1689 2471,1691 2518,1692 2566,1693 2614,1695 2661,1696 2709,1697 2757,1698 2804,1699 2852,1700 2900,1700 2948,1701"/>
                <TextEquiv>
                    <Unicode>er ja nichts reformieren; nur in dem speziellen Fall</Unicode>
                </TextEquiv>
            </TextLine>
            <TextLine id="r1l15" custom="readingOrder {index:14;}">
                <Coords points="1020,1697 1981,1734 1982,1682 1941,1677 1021,1651"/>
                <Baseline points="1037,1690 1083,1692 1129,1693 1175,1695 1222,1697 1268,1698 1314,1700 1361,1701 1407,1703 1453,1704 1500,1706 1546,1707 1592,1709 1638,1710 1685,1712 1731,1713 1777,1714 1824,1716 1870,1717 1916,1718 1963,1719"/>
                <TextEquiv>
                    <Unicode>sich aus dem Fallenlassen des Professors eine gün¬</Unicode>
                </TextEquiv>
            </TextLine>
            <TextLine id="r1l16" custom="readingOrder {index:15;}">
                <Coords points="157,1711 1014,1743 1016,1684 793,1699 158,1665"/>
                <Baseline points="173,1705 214,1706 255,1708 296,1710 337,1711 379,1713 420,1714 461,1715 502,1717 543,1718 585,1719 626,1720 667,1721 708,1723 749,1724 791,1725 832,1726 873,1727 914,1728 955,1729 997,1730"/>
                <TextEquiv>
                    <Unicode>ernhardi dem Tod seinen Stachel zu nehmen</Unicode>
                </TextEquiv>
            </TextLine>
            <TextLine id="r1l17" custom="readingOrder {index:16;}">
                <Coords points="1985,1725 2877,1757 2964,1735 2965,1693 1986,1677"/>
                <Baseline points="2001,1720 2048,1721 2095,1723 2142,1725 2189,1726 2237,1728 2284,1729 2331,1731 2378,1733 2425,1734 2473,1736 2520,1737 2567,1738 2614,1739 2661,1741 2709,1741 2756,1742 2803,1743 2850,1744 2897,1744 2945,1744"/>
                <TextEquiv>
                    <Unicode>hat er seine Handlungsweise für die richtige erachtet.</Unicode>
                </TextEquiv>
            </TextLine>
            <TextLine id="r1l18" custom="readingOrder {index:17;}">
                <Coords points="1016,1738 1984,1776 1986,1713 1017,1697"/>
                <Baseline points="1033,1735 1079,1735 1126,1735 1173,1736 1220,1737 1266,1738 1313,1740 1360,1741 1407,1743 1453,1746 1500,1747 1547,1750 1594,1751 1640,1753 1687,1755 1734,1757 1781,1759 1827,1760 1874,1761 1921,1762 1968,1763"/>
                <TextEquiv>
                    <Unicode>stige parlamentarische Situation, gerade wie er, so¬</Unicode>
                </TextEquiv>
            </TextLine>
            <TextLine id="r1l19" custom="readingOrder {index:18;}">
                <Coords points="156,1762 1003,1784 994,1731 157,1717"/>
                <Baseline points="173,1750 213,1752 254,1753 294,1755 335,1756 376,1757 416,1759 457,1760 497,1761 538,1762 579,1763 619,1764 660,1765 700,1766 741,1767 782,1768 822,1769 863,1769 903,1770 944,1771 985,1772"/>
                <TextEquiv>
                    <Unicode>it findet, und die Art, wie dies die christliche</Unicode>
                </TextEquiv>
            </TextLine>
            <TextLine id="r1l20" custom="readingOrder {index:19;}">
                <Coords points="1969,1767 2819,1806 2938,1784 2929,1749 1971,1721"/>
                <Baseline points="1988,1762 2034,1764 2081,1768 2128,1769 2174,1772 2221,1773 2268,1775 2314,1777 2361,1778 2408,1779 2455,1780 2501,1782 2548,1783 2595,1784 2641,1784 2688,1785 2735,1785 2781,1786 2828,1786 2875,1787 2922,1787"/>
                <TextEquiv>
                    <Unicode>Aber, ironisiert der Hofrat, mit dem „das Richtige“</Unicode>
                </TextEquiv>
            </TextLine>
            <TextLine id="r1l21" custom="readingOrder {index:20;}">
                <Coords points="1007,1794 1972,1814 1973,1769 1908,1763 1009,1738"/>
                <Baseline points="1025,1777 1071,1778 1117,1779 1164,1780 1210,1781 1257,1783 1303,1784 1349,1787 1396,1788 1442,1790 1489,1792 1535,1794 1581,1796 1628,1798 1674,1799 1721,1801 1767,1802 1813,1804 1860,1805 1906,1806 1953,1806"/>
                <TextEquiv>
                    <Unicode>bald nach Bernhardis Verurteilung wegen Reli¬</Unicode>
                </TextEquiv>
            </TextLine>
            <TextLine id="r1l22" custom="readingOrder {index:21;}">
                <Coords points="158,1787 1015,1834 1006,1774 159,1752"/>
                <Baseline points="176,1793 217,1795 258,1796 299,1797 340,1799 381,1800 422,1801 463,1803 504,1804 545,1806 586,1807 627,1808 668,1809 709,1811 750,1812 791,1813 832,1814 873,1815 914,1816 955,1816 996,1817"/>
                <TextEquiv>
                    <Unicode>in triumphierender Sicherheit zu tun die</Unicode>
                </TextEquiv>
            </TextLine>
            <TextLine id="r1l23" custom="readingOrder {index:22;}">
                <Coords points="1979,1819 2962,1835 2963,1783 1981,1763"/>
                <Baseline points="1998,1806 2045,1809 2092,1812 2139,1815 2187,1817 2234,1819 2281,1820 2328,1822 2376,1823 2423,1824 2470,1825 2517,1827 2565,1828 2612,1828 2659,1829 2706,1830 2754,1831 2801,1832 2848,1833 2895,1834 2943,1835"/>
                <TextEquiv>
                    <Unicode>tun kommt man höchstens ins Kriminal; nicht</Unicode>
                </TextEquiv>
            </TextLine>
            <TextLine id="r1l24" custom="readingOrder {index:23;}">
                <Coords points="1009,1835 1980,1869 1982,1810 1010,1783"/>
                <Baseline points="1028,1820 1074,1822 1121,1824 1168,1825 1214,1827 1261,1829 1308,1832 1354,1833 1401,1835 1448,1837 1495,1839 1541,1840 1588,1842 1635,1843 1681,1844 1728,1845 1775,1846 1821,1847 1868,1847 1915,1847 1962,1847"/>
                <TextEquiv>
                    <Unicode>gionsstörung der Wind zu dessen Gunsten um¬</Unicode>
                </TextEquiv>
            </TextLine>
            <TextLine id="r1l25" custom="readingOrder {index:24;}">
                <Coords points="154,1841 1008,1872 1009,1823 422,1816 156,1782"/>
                <Baseline points="172,1837 212,1839 253,1842 294,1843 335,1845 376,1846 417,1848 458,1849 499,1850 540,1851 581,1851 621,1852 662,1853 703,1854 744,1854 785,1855 826,1856 867,1856 908,1857 949,1858 990,1859"/>
                <TextEquiv>
                    <Unicode>in sich fühlt, sind himmelweit von einander</Unicode>
                </TextEquiv>
            </TextLine>
            <TextLine id="r1l26" custom="readingOrder {index:25;}">
                <Coords points="1970,1851 2896,1889 2949,1880 2950,1845 2808,1814 2769,1841 1971,1813"/>
                <Baseline points="1986,1850 2033,1852 2080,1855 2127,1857 2174,1859 2222,1861 2269,1863 2316,1865 2363,1867 2410,1869 2458,1870 2505,1871 2552,1873 2599,1874 2646,1874 2694,1875 2741,1875 2788,1875 2835,1874 2882,1873 2930,1872"/>
                <TextEquiv>
                    <Unicode>einmal einen Tag lang läßt sich das durchführen.</Unicode>
                </TextEquiv>
            </TextLine>
            <TextLine id="r1l27" custom="readingOrder {index:26;}">
                <Coords points="1016,1874 1978,1899 1979,1850 1018,1829"/>
                <Baseline points="1034,1864 1080,1865 1126,1867 1173,1869 1219,1871 1266,1872 1312,1875 1358,1877 1405,1879 1451,1881 1498,1883 1544,1884 1590,1885 1637,1887 1683,1888 1730,1889 1776,1890 1822,1891 1869,1891 1915,1891 1962,1891"/>
                <TextEquiv>
                    <Unicode>springt, sofort mit dem Märtyrer Bernhardi poli¬</Unicode>
                </TextEquiv>
            </TextLine>
            <TextLine id="r1l28" custom="readingOrder {index:27;}">
                <Coords points="152,1890 1006,1913 1007,1864 153,1842"/>
                <Baseline points="168,1881 209,1882 250,1884 291,1885 332,1887 373,1888 414,1890 455,1891 496,1892 537,1894 578,1895 619,1896 660,1897 701,1898 742,1899 783,1899 824,1900 865,1901 906,1901 947,1901 988,1901"/>
                <TextEquiv>
                    <Unicode>t; aber diese Discrepanz besteht nicht des¬</Unicode>
                </TextEquiv>
            </TextLine>
            <TextLine id="r1l29" custom="readingOrder {index:28;}">
                <Coords points="1967,1898 2737,1934 2918,1929 2951,1878 1968,1853"/>
                <Baseline points="1986,1893 2033,1896 2080,1898 2127,1900 2175,1902 2222,1904 2269,1906 2317,1908 2364,1910 2411,1911 2459,1912 2506,1914 2553,1915 2600,1916 2648,1917 2695,1918 2742,1919 2790,1919 2837,1920 2884,1920 2932,1920"/>
                <TextEquiv>
                    <Unicode>Und mit einem Witzwort schließt das Stück, das nur</Unicode>
                </TextEquiv>
            </TextLine>
            <TextLine id="r1l30" custom="readingOrder {index:29;}">
                <Coords points="1011,1915 1122,1911 1167,1944 1972,1955 1974,1903 1919,1897 1013,1873"/>
                <Baseline points="1030,1907 1076,1908 1122,1910 1168,1912 1215,1913 1261,1915 1307,1917 1353,1919 1400,1921 1446,1923 1492,1925 1538,1927 1585,1928 1631,1930 1677,1931 1723,1933 1770,1934 1816,1935 1862,1935 1908,1935 1955,1935"/>
                <TextEquiv>
                    <Unicode>tische Geschäfte auf eigene Rechnung zu machen be¬</Unicode>
                </TextEquiv>
            </TextLine>
            <TextLine id="r1l31" custom="readingOrder {index:30;}">
                <Coords points="153,1935 986,1960 1011,1912 154,1887"/>
                <Baseline points="170,1922 211,1925 252,1927 293,1930 334,1932 376,1933 417,1934 458,1936 499,1937 540,1938 582,1939 623,1940 664,1941 705,1941 746,1942 788,1942 829,1943 870,1943 911,1944 952,1945 994,1946"/>
                <TextEquiv>
                    <Unicode>weil Bernhardi ein Jude ist, sondern weil er</Unicode>
                </TextEquiv>
            </TextLine>
            <TextLine id="r1l32" custom="readingOrder {index:31;}">
                <Coords points="1005,1951 1063,1968 1102,1956 1122,1971 1143,1972 1192,1963 1194,1929 1176,1928 1170,1921 1155,1927 1121,1912 1097,1924 1073,1913 1007,1913"/>
                <Baseline points="1023,1948 1048,1949 1073,1950 1099,1951 1124,1952 1149,1953 1175,1956"/>
                <TextEquiv>
                    <Unicode>reit ist.</Unicode>
                </TextEquiv>
            </TextLine>
            <TextLine id="r1l33" custom="readingOrder {index:32;}">
                <Coords points="1965,1947 2961,1989 2953,1915 1967,1899"/>
                <Baseline points="1984,1936 2032,1938 2080,1940 2128,1941 2176,1943 2224,1945 2272,1947 2320,1949 2368,1951 2416,1952 2464,1954 2512,1955 2560,1957 2608,1959 2656,1960 2704,1961 2752,1962 2800,1962 2848,1963 2896,1964 2944,1964"/>
                <TextEquiv>
                    <Unicode>eine Komödie sein will, an einer Stelle aber doch</Unicode>
                </TextEquiv>
            </TextLine>
            <TextLine id="r1l34" custom="readingOrder {index:33;}">
                <Coords points="169,1985 680,1984 1012,2018 1007,1951 171,1926"/>
                <Baseline points="188,1966 228,1969 268,1972 309,1974 349,1977 390,1978 430,1979 470,1980 511,1981 551,1981 592,1982 632,1982 672,1983 713,1984 753,1984 794,1985 834,1987 874,1988 915,1990 955,1992 996,1995"/>
                <TextEquiv>
                    <Unicode>seinem ganzen Denken und Empfinden völlig</Unicode>
                </TextEquiv>
            </TextLine>
            <TextLine id="r1l35" custom="readingOrder {index:34;}">
                <Coords points="1976,1999 2039,1998 2068,1982 2091,1997 2098,1990 2164,2000 2258,1993 2260,1952 2233,1943 2114,1956 2062,1943 1979,1947"/>
                <Baseline points="1995,1980 2022,1979 2049,1980 2077,1981 2104,1983 2131,1984 2159,1986 2186,1987 2213,1987 2241,1988"/>
                <TextEquiv>
                    <Unicode>weit mehr ist.</Unicode>
                </TextEquiv>
            </TextLine>
            <TextLine id="r1l36" custom="readingOrder {index:35;}">
                <Coords points="1061,2008 1980,2044 1983,1971 1063,1956"/>
                <Baseline points="1078,1995 1122,1998 1166,2001 1210,2003 1254,2006 1299,2008 1343,2011 1387,2012 1431,2014 1475,2016 1520,2017 1564,2019 1608,2020 1652,2021 1696,2021 1741,2022 1785,2023 1829,2023 1873,2024 1917,2024 1962,2024"/>
                <TextEquiv>
                    <Unicode>So wird der Gegensatz Religion und Wissenschaft</Unicode>
                </TextEquiv>
            </TextLine>
            <TextLine id="r1l37" custom="readingOrder {index:36;}">
                <Coords points="158,2025 1002,2046 1002,2008 940,1996 648,2001 160,1955"/>
                <Baseline points="177,2013 217,2016 257,2017 298,2018 338,2020 379,2021 419,2022 460,2023 500,2024 541,2025 581,2026 621,2026 662,2027 702,2028 743,2028 783,2029 824,2029 864,2030 905,2031 945,2032 986,2033"/>
                <TextEquiv>
                    <Unicode>tig gerichteter Mensch ist, den das Drüben</Unicode>
                </TextEquiv>
            </TextLine>
            <TextLine id="r1l38" custom="readingOrder {index:37;}">
                <Coords points="2019,2035 2529,2054 2568,2031 2925,2066 2951,2015 2580,1975 2552,1999 2323,1971 2020,1997"/>
                <Baseline points="2038,2021 2082,2024 2127,2027 2172,2029 2216,2031 2261,2033 2306,2036 2350,2037 2395,2039 2440,2040 2485,2041 2529,2043 2574,2044 2619,2045 2663,2045 2708,2046 2753,2047 2797,2048 2842,2049 2887,2049 2932,2050"/>
                <TextEquiv>
                    <Unicode>Oesterreichische Verhältnisse werden beleuchtet,</Unicode>
                </TextEquiv>
            </TextLine>
            <TextLine id="r1l39" custom="readingOrder {index:38;}">
                <Coords points="1003,2050 1947,2086 1973,2031 1005,1984"/>
                <Baseline points="1022,2039 1068,2042 1115,2044 1161,2047 1208,2049 1255,2050 1301,2053 1348,2054 1395,2056 1441,2058 1488,2059 1535,2060 1581,2062 1628,2063 1675,2064 1721,2066 1768,2067 1815,2069 1861,2070 1908,2072 1955,2074"/>
                <TextEquiv>
                    <Unicode>oder besser: kirchlich festgelegte und wissenschaftlich</Unicode>
                </TextEquiv>
            </TextLine>
            <TextLine id="r1l40" custom="readingOrder {index:39;}">
                <Coords points="163,2065 1006,2096 1008,2040 164,2013"/>
                <Baseline points="180,2053 220,2056 260,2058 301,2060 341,2063 382,2065 422,2066 462,2067 503,2068 543,2069 584,2070 624,2070 664,2071 705,2072 745,2073 786,2074 826,2075 866,2076 907,2077 947,2079 988,2081"/>
                <TextEquiv>
                    <Unicode>kummern kann. So wächst denn das ganze</Unicode>
                </TextEquiv>
            </TextLine>
            <TextLine id="r1l41" custom="readingOrder {index:40;}">
                <Coords points="1975,2073 2950,2117 2953,2047 1977,2017"/>
                <Baseline points="1992,2064 2039,2066 2086,2069 2133,2071 2180,2073 2227,2075 2274,2078 2321,2080 2368,2082 2415,2084 2462,2086 2509,2088 2556,2089 2603,2091 2650,2092 2697,2093 2744,2094 2791,2094 2838,2094 2885,2094 2932,2093"/>
                <TextEquiv>
                    <Unicode>wie dies schärfer und wohl auch treffender nicht ge¬</Unicode>
                </TextEquiv>
            </TextLine>
            <TextLine id="r1l42" custom="readingOrder {index:41;}">
                <Coords points="999,2093 1978,2124 1979,2072 1000,2040"/>
                <Baseline points="1016,2084 1063,2087 1110,2091 1157,2093 1204,2095 1251,2098 1298,2099 1346,2101 1393,2103 1440,2104 1487,2105 1534,2106 1581,2108 1628,2109 1676,2109 1723,2110 1770,2111 1817,2112 1864,2112 1911,2113 1959,2114"/>
                <TextEquiv>
                    <Unicode>freie, jenseitig und diesseitig orientierte Weltanschau¬</Unicode>
                </TextEquiv>
            </TextLine>
            <TextLine id="r1l43" custom="readingOrder {index:42;}">
                <Coords points="147,2109 1001,2136 1002,2087 149,2050"/>
                <Baseline points="166,2102 206,2102 247,2103 288,2104 329,2105 370,2106 411,2107 452,2108 493,2110 534,2111 575,2112 615,2114 656,2115 697,2116 738,2117 779,2118 820,2119 861,2120 902,2121 943,2121 984,2122"/>
                <TextEquiv>
                    <Unicode>zu keiner großen Auseinandersetzung zwischen</Unicode>
                </TextEquiv>
            </TextLine>
            <TextLine id="r1l44" custom="readingOrder {index:43;}">
                <Coords points="1975,2124 2947,2146 2948,2094 1976,2075"/>
                <Baseline points="1992,2113 2041,2114 2090,2116 2140,2118 2189,2119 2239,2121 2288,2123 2337,2125 2387,2128 2436,2129 2486,2131 2535,2133 2585,2134 2634,2135 2683,2136 2733,2136 2782,2136 2832,2136 2881,2134 2931,2133"/>
                <TextEquiv>
                    <Unicode>schehen kann. Wundervoll ist die Fülle individuell ge¬</Unicode>
                </TextEquiv>
            </TextLine>
            <TextLine id="r1l45" custom="readingOrder {index:44;}">
                <Coords points="1008,2134 1907,2170 1973,2162 1975,2117 1010,2096"/>
                <Baseline points="1025,2126 1071,2129 1118,2132 1164,2135 1211,2137 1257,2140 1304,2142 1350,2144 1397,2146 1443,2147 1490,2149 1537,2150 1583,2152 1630,2153 1676,2154 1723,2155 1769,2155 1816,2156 1862,2156 1909,2156 1956,2156"/>
                <TextEquiv>
                    <Unicode>ung sofort verdeckt vom üppigsten Rankenwerk per¬</Unicode>
                </TextEquiv>
            </TextLine>
            <TextLine id="r1l46" custom="readingOrder {index:45;}">
                <Coords points="165,2167 269,2148 915,2179 1005,2167 1006,2135 166,2115"/>
                <Baseline points="182,2147 222,2148 262,2149 302,2150 343,2151 383,2152 423,2153 464,2154 504,2154 544,2155 585,2155 625,2156 665,2157 705,2158 746,2158 786,2159 826,2160 867,2161 907,2162 947,2164 988,2165"/>
                <TextEquiv>
                    <Unicode>zwei fundamental geschiedenen Weltanschau¬</Unicode>
                </TextEquiv>
            </TextLine>
            <TextLine id="r1l47" custom="readingOrder {index:46;}">
                <Coords points="1970,2165 2841,2198 2946,2169 2947,2131 1971,2117"/>
                <Baseline points="1988,2156 2037,2158 2086,2160 2136,2162 2185,2164 2235,2166 2284,2167 2333,2169 2383,2171 2432,2172 2482,2174 2531,2175 2581,2176 2630,2177 2679,2178 2729,2178 2778,2178 2828,2179 2877,2179 2927,2178"/>
                <TextEquiv>
                    <Unicode>zeichneter Figuren. Und die jüdischen Porträte sind</Unicode>
                </TextEquiv>
            </TextLine>
            <TextLine id="r1l48" custom="readingOrder {index:47;}">
                <Coords points="1008,2183 1622,2205 1665,2179 1907,2214 1973,2210 1974,2161 1009,2130"/>
                <Baseline points="1024,2169 1070,2172 1117,2174 1163,2177 1210,2179 1257,2181 1303,2183 1350,2184 1396,2186 1443,2188 1490,2189 1536,2190 1583,2191 1629,2193 1676,2194 1723,2195 1769,2196 1816,2197 1862,2198 1909,2199 1956,2201"/>
                <TextEquiv>
                    <Unicode>sönlicher Ambitionen, politischer Berechnungen,</Unicode>
                </TextEquiv>
            </TextLine>
            <TextLine id="r1l49" custom="readingOrder {index:48;}">
                <Coords points="181,2189 993,2215 994,2170 182,2151"/>
                <Baseline points="199,2188 237,2189 276,2191 315,2193 354,2194 393,2195 432,2196 470,2198 509,2199 548,2200 587,2201 626,2202 665,2203 704,2204 742,2204 781,2205 820,2205 859,2205 898,2206 937,2206 976,2205"/>
                <TextEquiv>
                    <Unicode>aus. Schnitzler wollte dieses Drama</Unicode>
                </TextEquiv>
            </TextLine>
            <TextLine id="r1l50" custom="readingOrder {index:49;}">
                <Coords points="1971,2205 2946,2247 2948,2171 1972,2153"/>
                <Baseline points="1990,2196 2037,2198 2084,2201 2131,2203 2178,2206 2225,2207 2272,2210 2319,2211 2366,2214 2413,2215 2460,2216 2507,2218 2554,2219 2601,2220 2648,2221 2695,2222 2742,2222 2789,2223 2836,2223 2883,2223 2931,2222"/>
                <TextEquiv>
                    <Unicode>durchaus nicht etwa geschmeichelt. „Der Weg ins</Unicode>
                </TextEquiv>
            </TextLine>
            <TextLine id="r1l51" custom="readingOrder {index:50;}">
                <Coords points="1001,2220 1966,2256 1967,2204 1895,2195 1002,2182"/>
                <Baseline points="1019,2215 1065,2216 1112,2217 1158,2219 1205,2220 1251,2222 1298,2224 1344,2225 1391,2227 1437,2229 1484,2231 1530,2233 1577,2235 1623,2236 1670,2237 1716,2239 1763,2240 1809,2242 1856,2242 1902,2244 1949,2244"/>
                <TextEquiv>
                    <Unicode>wüsten Rassenkampfs. Aber einmal stellt ihn dann</Unicode>
                </TextEquiv>
            </TextLine>
            <TextLine id="r1l52" custom="readingOrder {index:51;}">
                <Coords points="153,2238 993,2266 995,2214 339,2199 155,2169"/>
                <Baseline points="170,2229 210,2230 250,2232 291,2233 331,2235 372,2237 412,2238 452,2239 493,2241 533,2242 574,2243 614,2245 654,2246 695,2247 735,2248 776,2249 816,2249 856,2250 897,2251 937,2251 978,2251"/>
                <TextEquiv>
                    <Unicode>us nicht schreiben (könnte es übrigens wohl</Unicode>
                </TextEquiv>
            </TextLine>
            <TextLine id="r1l53" custom="readingOrder {index:52;}">
                <Coords points="1971,2256 2891,2283 2946,2278 2948,2233 1972,2204"/>
                <Baseline points="1990,2242 2039,2244 2088,2246 2138,2248 2187,2249 2237,2251 2286,2253 2335,2254 2385,2256 2434,2257 2484,2258 2533,2259 2583,2260 2632,2261 2681,2262 2731,2263 2780,2264 2830,2265 2879,2266 2929,2267"/>
                <TextEquiv>
                    <Unicode>Freie“ war in dieser Hinsicht schon äußerst aufschluß¬</Unicode>
                </TextEquiv>
            </TextLine>
            <TextLine id="r1l54" custom="readingOrder {index:53;}">
                <Coords points="998,2262 1966,2308 1968,2249 999,2221"/>
                <Baseline points="1015,2258 1061,2261 1108,2263 1155,2264 1201,2266 1248,2268 1295,2269 1341,2271 1388,2273 1435,2274 1482,2275 1528,2277 1575,2278 1622,2279 1668,2280 1715,2281 1762,2282 1808,2283 1855,2284 1902,2285 1949,2286"/>
                <TextEquiv>
                    <Unicode>doch Schnitzler gewissermaßen in Reinkultur heraus:</Unicode>
                </TextEquiv>
            </TextLine>
            <TextLine id="r1l55" custom="readingOrder {index:54;}">
                <Coords points="152,2282 1003,2309 997,2256 153,2233"/>
                <Baseline points="170,2277 210,2279 251,2280 292,2282 332,2283 373,2284 414,2286 454,2287 495,2288 536,2289 577,2290 617,2291 658,2292 699,2293 739,2293 780,2294 821,2294 861,2295 902,2295 943,2296 984,2296"/>
                <TextEquiv>
                    <Unicode>icht seiner ganzen geistigen Physiognomie</Unicode>
                </TextEquiv>
            </TextLine>
            <TextLine id="r1l56" custom="readingOrder {index:55;}">
                <Coords points="1963,2294 2953,2319 2954,2270 2888,2262 1964,2249"/>
                <Baseline points="1981,2289 2028,2290 2076,2291 2124,2292 2171,2293 2219,2294 2267,2295 2314,2296 2362,2298 2410,2299 2458,2300 2505,2302 2553,2303 2601,2304 2648,2305 2696,2307 2744,2308 2791,2309 2839,2310 2887,2311 2935,2313"/>
                <TextEquiv>
                    <Unicode>reich für Schnitzlers Objektivität. Die technische</Unicode>
                </TextEquiv>
            </TextLine>
            <TextLine id="r1l57" custom="readingOrder {index:56;}">
                <Coords points="1002,2310 1942,2340 1964,2303 1003,2265"/>
                <Baseline points="1021,2304 1067,2306 1113,2308 1159,2309 1206,2310 1252,2312 1298,2314 1345,2315 1391,2316 1437,2317 1484,2319 1530,2320 1576,2321 1622,2322 1669,2324 1715,2324 1761,2326 1808,2327 1854,2328 1900,2330 1947,2331"/>
                <TextEquiv>
                    <Unicode>in der großen Szene im 4. Akt zwischen dem Pro¬</Unicode>
                </TextEquiv>
            </TextLine>
            <TextLine id="r1l58" custom="readingOrder {index:57;}">
                <Coords points="154,2320 827,2364 904,2338 1004,2358 1006,2299 155,2279"/>
                <Baseline points="173,2322 213,2323 254,2324 294,2325 335,2326 376,2327 416,2328 457,2329 498,2330 538,2331 579,2332 620,2333 660,2334 701,2335 742,2336 782,2337 823,2338 864,2338 904,2339 945,2340 986,2340"/>
                <TextEquiv>
                    <Unicode>er sah in erster Linie die Endigungen des</Unicode>
                </TextEquiv>
            </TextLine>
            <TextLine id="r1l59" custom="readingOrder {index:58;}">
                <Coords points="1970,2339 2841,2371 2945,2353 2946,2315 1971,2290"/>
                <Baseline points="1987,2332 2034,2333 2081,2333 2128,2335 2175,2336 2222,2337 2269,2338 2316,2339 2363,2341 2410,2342 2458,2344 2505,2345 2552,2346 2599,2348 2646,2349 2693,2350 2740,2351 2787,2352 2834,2352 2881,2353 2929,2353"/>
                <TextEquiv>
                    <Unicode>Meisterschaft Schnitzlers feiert im ersten Akte ihren</Unicode>
                </TextEquiv>
            </TextLine>
            <TextLine id="r1l60" custom="readingOrder {index:59;}">
                <Coords points="1000,2360 1933,2387 1963,2332 1001,2311"/>
                <Baseline points="1018,2351 1064,2351 1110,2352 1157,2353 1203,2354 1249,2355 1296,2356 1342,2358 1388,2359 1435,2361 1481,2362 1527,2364 1574,2365 1620,2367 1666,2368 1713,2369 1759,2370 1805,2370 1852,2370 1898,2370 1945,2370"/>
                <TextEquiv>
                    <Unicode>fessor und dem Pfarrer. Sie ist unstreitig der Höhe¬</Unicode>
                </TextEquiv>
            </TextLine>
            <TextLine id="r1l61" custom="readingOrder {index:60;}">
                <Coords points="164,2369 990,2396 991,2343 957,2339 165,2327"/>
                <Baseline points="180,2368 219,2368 259,2369 299,2369 338,2370 378,2371 418,2372 457,2373 497,2373 537,2374 577,2375 616,2376 656,2377 696,2378 735,2379 775,2380 815,2380 854,2381 894,2381 934,2382 974,2382"/>
                <TextEquiv>
                    <Unicode>ktfalles ins Komödienhafte hinein. Dieses</Unicode>
                </TextEquiv>
            </TextLine>
            <TextLine id="r1l62" custom="readingOrder {index:61;}">
                <Coords points="1967,2384 2940,2400 2941,2355 1969,2336"/>
                <Baseline points="1985,2374 2031,2375 2078,2377 2125,2378 2172,2380 2219,2381 2266,2382 2312,2384 2359,2385 2406,2386 2453,2388 2500,2389 2547,2390 2594,2391 2640,2393 2687,2394 2734,2395 2781,2396 2828,2397 2875,2398 2922,2399"/>
                <TextEquiv>
                    <Unicode>eigentlichen Triumph. Für die Darsteller ergibt sich</Unicode>
                </TextEquiv>
            </TextLine>
            <TextLine id="r1l63" custom="readingOrder {index:62;}">
                <Coords points="994,2405 1956,2429 1957,2377 1867,2364 995,2360"/>
                <Baseline points="1013,2394 1059,2394 1105,2394 1152,2394 1198,2395 1244,2396 1291,2397 1337,2399 1383,2400 1430,2402 1476,2404 1522,2406 1569,2407 1615,2409 1661,2410 1708,2412 1754,2413 1800,2414 1847,2415 1893,2415 1940,2415"/>
                <TextEquiv>
                    <Unicode>punkt des Stückes. Ohne Pathos. ohne große äußere</Unicode>
                </TextEquiv>
            </TextLine>
            <TextLine id="r1l64" custom="readingOrder {index:63;}">
                <Coords points="155,2421 996,2437 986,2388 157,2369"/>
                <Baseline points="174,2408 214,2409 254,2412 294,2413 335,2414 375,2415 415,2416 455,2417 496,2417 536,2418 576,2419 616,2420 657,2420 697,2421 737,2422 777,2423 818,2424 858,2425 898,2427 938,2428 979,2430"/>
                <TextEquiv>
                    <Unicode>ich darin aus, daß es von allem Anfang an</Unicode>
                </TextEquiv>
            </TextLine>
            <TextLine id="r1l65" custom="readingOrder {index:64;}">
                <Coords points="1957,2418 2950,2451 2927,2398 1959,2379"/>
                <Baseline points="1975,2418 2025,2419 2075,2420 2126,2421 2176,2422 2227,2424 2277,2424 2328,2426 2378,2427 2429,2429 2479,2430 2530,2431 2580,2433 2631,2434 2681,2436 2732,2437 2782,2438 2833,2440 2883,2442 2934,2443"/>
                <TextEquiv>
                    <Unicode>eine Fülle lohnendster Aufgaben. Man wird ihnen in</Unicode>
                </TextEquiv>
            </TextLine>
            <TextLine id="r1l66" custom="readingOrder {index:65;}">
                <Coords points="996,2436 1967,2481 1969,2422 997,2401"/>
                <Baseline points="1014,2433 1060,2434 1107,2436 1154,2437 1201,2438 1248,2440 1294,2441 1341,2443 1388,2445 1435,2446 1482,2448 1528,2450 1575,2452 1622,2454 1669,2455 1716,2456 1762,2457 1809,2458 1856,2459 1903,2460 1950,2460"/>
                <TextEquiv>
                    <Unicode>Gebärden entwickelt sie sich, und wie sich die beiden</Unicode>
                </TextEquiv>
            </TextLine>
            <TextLine id="r1l67" custom="readingOrder {index:66;}">
                <Coords points="147,2453 997,2475 998,2434 926,2428 148,2418"/>
                <Baseline points="165,2452 205,2452 246,2453 287,2454 328,2455 368,2456 409,2457 450,2459 491,2460 531,2461 572,2462 613,2464 654,2465 694,2466 735,2467 776,2468 817,2469 857,2470 898,2470 939,2470 980,2471"/>
                <TextEquiv>
                    <Unicode>unde niemandem ernst ist mit der prinzipiel¬</Unicode>
                </TextEquiv>
            </TextLine>
            <TextLine id="r1l68" custom="readingOrder {index:67;}">
                <Coords points="1967,2464 2939,2494 2940,2445 1968,2422"/>
                <Baseline points="1985,2460 2031,2462 2078,2464 2125,2466 2172,2467 2219,2469 2265,2470 2312,2472 2359,2473 2406,2474 2453,2474 2499,2476 2546,2476 2593,2477 2640,2478 2687,2479 2733,2480 2780,2481 2827,2482 2874,2483 2921,2484"/>
                <TextEquiv>
                    <Unicode>unserer Aufführung zum Teil in ausgezeichneter</Unicode>
                </TextEquiv>
            </TextLine>
            <TextLine id="r1l69" custom="readingOrder {index:68;}">
                <Coords points="1000,2482 1958,2518 1956,2465 1001,2437"/>
                <Baseline points="1017,2476 1063,2478 1109,2479 1155,2481 1201,2482 1247,2483 1293,2485 1340,2486 1386,2488 1432,2489 1478,2491 1524,2492 1570,2493 1616,2495 1663,2496 1709,2497 1755,2499 1801,2500 1847,2501 1893,2502 1940,2503"/>
                <TextEquiv>
                    <Unicode>Männer am Ende die Hand reichen — „über den</Unicode>
                </TextEquiv>
            </TextLine>
            <TextLine id="r1l70" custom="readingOrder {index:69;}">
                <Coords points="156,2501 985,2533 987,2474 157,2456"/>
                <Baseline points="174,2495 213,2496 253,2498 293,2499 333,2500 372,2502 412,2503 452,2504 492,2505 531,2506 571,2507 611,2508 651,2508 690,2509 730,2510 770,2511 810,2512 849,2513 889,2514 929,2515 969,2516"/>
                <TextEquiv>
                    <Unicode>ite des Zusammenstoßes des Professors mit</Unicode>
                </TextEquiv>
            </TextLine>
            <TextLine id="r1l71" custom="readingOrder {index:70;}">
                <Coords points="1962,2508 2938,2540 2939,2495 1963,2466"/>
                <Baseline points="1979,2506 2026,2507 2073,2508 2120,2509 2167,2510 2214,2511 2261,2512 2308,2514 2355,2515 2402,2517 2450,2518 2497,2519 2544,2521 2591,2522 2638,2523 2685,2524 2732,2526 2779,2527 2826,2528 2873,2528 2921,2529"/>
                <TextEquiv>
                    <Unicode>Weise gerecht. Hr. Danegger bleibt dem Professor</Unicode>
                </TextEquiv>
            </TextLine>
            <TextLine id="r1l72" custom="readingOrder {index:71;}">
                <Coords points="991,2522 1872,2561 1956,2553 1957,2512 992,2477"/>
                <Baseline points="1010,2519 1056,2521 1102,2523 1149,2525 1195,2527 1242,2529 1288,2531 1334,2532 1381,2534 1427,2535 1474,2537 1520,2538 1566,2539 1613,2540 1659,2541 1706,2542 1752,2543 1798,2544 1845,2544 1891,2545 1938,2545"/>
                <TextEquiv>
                    <Unicode>Abgrund“ (in den der Pfarrer „für einen Augen¬</Unicode>
                </TextEquiv>
            </TextLine>
            <TextLine id="r1l73" custom="readingOrder {index:72;}">
                <Coords points="158,2546 950,2572 995,2563 996,2521 159,2501"/>
                <Baseline points="176,2539 216,2541 256,2542 296,2543 336,2545 376,2546 416,2547 457,2548 497,2549 537,2550 577,2551 617,2552 657,2553 697,2554 738,2554 778,2555 818,2556 858,2557 898,2557 938,2558 979,2559"/>
                <TextEquiv>
                    <Unicode>eistlichen, sondern daß das Vorkommnis so¬</Unicode>
                </TextEquiv>
            </TextLine>
            <TextLine id="r1l74" custom="readingOrder {index:73;}">
                <Coords points="1965,2554 2937,2584 2938,2525 1966,2509"/>
                <Baseline points="1981,2547 2028,2549 2075,2551 2122,2553 2169,2554 2216,2556 2263,2557 2310,2558 2357,2560 2404,2560 2451,2561 2498,2562 2545,2563 2592,2564 2639,2565 2686,2566 2733,2567 2780,2568 2827,2569 2874,2570 2921,2571"/>
                <TextEquiv>
                    <Unicode>Bernhardi nur das einigermaßen schuldig, was</Unicode>
                </TextEquiv>
            </TextLine>
            <TextLine id="r1l75" custom="readingOrder {index:74;}">
                <Coords points="989,2572 1936,2602 1965,2551 990,2523"/>
                <Baseline points="1005,2567 1052,2567 1099,2568 1146,2568 1193,2570 1240,2571 1287,2572 1335,2574 1382,2576 1429,2577 1476,2579 1523,2581 1570,2582 1617,2584 1665,2586 1712,2587 1759,2588 1806,2589 1853,2589 1900,2589 1948,2589"/>
                <TextEquiv>
                    <Unicode>blick“ nicht hinabschauen möchte): das ist von einer</Unicode>
                </TextEquiv>
            </TextLine>
            <TextLine id="r1l76" custom="readingOrder {index:75;}">
                <Coords points="158,2585 994,2620 996,2564 159,2540"/>
                <Baseline points="174,2579 214,2581 254,2584 294,2585 334,2587 374,2588 414,2590 455,2590 495,2591 535,2592 575,2592 615,2593 655,2594 695,2594 736,2595 776,2596 816,2597 856,2599 896,2600 936,2601 977,2604"/>
                <TextEquiv>
                    <Unicode>den Kreis von Kalkulationen hineingezogen</Unicode>
                </TextEquiv>
            </TextLine>
            <TextLine id="r1l77" custom="readingOrder {index:76;}">
                <Coords points="1968,2598 2933,2626 2934,2577 2809,2553 2462,2576 1969,2550"/>
                <Baseline points="1985,2591 2031,2593 2077,2594 2124,2596 2170,2597 2217,2598 2263,2599 2310,2601 2356,2602 2403,2603 2449,2604 2495,2606 2542,2607 2588,2608 2635,2609 2681,2610 2728,2611 2774,2611 2821,2613 2867,2613 2914,2614"/>
                <TextEquiv>
                    <Unicode>Schnitzler mit dem Wort „Weltmann“ bezeichnet</Unicode>
                </TextEquiv>
            </TextLine>
            <TextLine id="r1l78" custom="readingOrder {index:77;}">
                <Coords points="1000,2613 1969,2638 1970,2596 1001,2572"/>
                <Baseline points="1017,2612 1063,2613 1110,2614 1157,2615 1204,2616 1250,2617 1297,2619 1344,2620 1391,2621 1437,2622 1484,2623 1531,2625 1578,2626 1624,2627 1671,2628 1718,2629 1765,2631 1811,2632 1858,2633 1905,2634 1952,2635"/>
                <TextEquiv>
                    <Unicode>seelischen Feinheit und zugleich einer intellektuellen</Unicode>
                </TextEquiv>
            </TextLine>
            <TextLine id="r1l79" custom="readingOrder {index:78;}">
                <Coords points="151,2630 988,2656 982,2607 153,2582"/>
                <Baseline points="169,2625 209,2626 249,2628 289,2629 329,2631 369,2632 409,2633 449,2634 489,2635 529,2636 570,2637 610,2638 650,2639 690,2640 730,2640 770,2641 810,2643 850,2644 890,2645 930,2647 971,2649"/>
                <TextEquiv>
                    <Unicode>die auf ganz andern Gebieten als auf dem</Unicode>
                </TextEquiv>
            </TextLine>
            <TextLine id="r1l80" custom="readingOrder {index:79;}">
                <Coords points="1968,2649 2902,2672 2945,2610 1969,2594"/>
                <Baseline points="1986,2635 2035,2637 2084,2638 2134,2640 2183,2641 2233,2642 2282,2643 2331,2644 2381,2646 2430,2647 2480,2648 2529,2649 2579,2650 2628,2651 2677,2652 2727,2653 2776,2655 2826,2656 2875,2658 2925,2659"/>
                <TextEquiv>
                    <Unicode>(Bernhardi zeige im Gehaben mehr vom Weltmann</Unicode>
                </TextEquiv>
            </TextLine>
            <TextLine id="r1l81" custom="readingOrder {index:80;}">
                <Coords points="995,2657 1967,2691 1965,2638 996,2612"/>
                <Baseline points="1013,2652 1059,2653 1106,2655 1153,2656 1200,2658 1247,2660 1293,2661 1340,2662 1387,2663 1434,2665 1481,2666 1527,2668 1574,2669 1621,2670 1668,2672 1715,2673 1761,2675 1808,2676 1855,2678 1902,2680 1949,2682"/>
                <TextEquiv>
                    <Unicode>Sauberkeit, die Bewunderung verdient. Schade, daß</Unicode>
                </TextEquiv>
            </TextLine>
            <TextLine id="r1l82" custom="readingOrder {index:81;}">
                <Coords points="149,2675 986,2709 987,2664 963,2656 151,2630"/>
                <Baseline points="166,2669 206,2671 246,2673 286,2674 326,2675 366,2676 406,2677 446,2678 486,2679 526,2680 567,2681 607,2682 647,2683 687,2684 727,2685 767,2686 807,2687 847,2689 887,2690 927,2692 968,2693"/>
                <TextEquiv>
                    <Unicode>igiösen oder wissenschaftlichen Ueberzeugung</Unicode>
                </TextEquiv>
            </TextLine>
            <TextLine id="r1l83" custom="readingOrder {index:82;}">
                <Coords points="1964,2687 2842,2715 2937,2703 2938,2658 1965,2642"/>
                <Baseline points="1982,2677 2028,2678 2075,2680 2122,2682 2169,2684 2216,2686 2263,2687 2309,2689 2356,2690 2403,2691 2450,2692 2497,2694 2544,2695 2591,2696 2637,2696 2684,2697 2731,2698 2778,2698 2825,2698 2872,2698 2919,2698"/>
                <TextEquiv>
                    <Unicode>als vom Gelehrten); sein Gestus und seine Körper¬</Unicode>
                </TextEquiv>
            </TextLine>
            <TextLine id="r1l84" custom="readingOrder {index:83;}">
                <Coords points="984,2705 1966,2735 1968,2669 985,2646"/>
                <Baseline points="1002,2694 1049,2696 1096,2697 1144,2699 1191,2701 1239,2702 1286,2704 1333,2706 1381,2707 1428,2709 1476,2710 1523,2711 1570,2713 1618,2714 1665,2716 1713,2717 1760,2718 1807,2719 1855,2721 1902,2722 1950,2723"/>
                <TextEquiv>
                    <Unicode>das Stück nicht mit dieser Szene abschließt. Denn</Unicode>
                </TextEquiv>
            </TextLine>
            <TextLine id="r1l85" custom="readingOrder {index:84;}">
                <Coords points="165,2713 988,2745 989,2700 823,2686 166,2682"/>
                <Baseline points="182,2714 221,2716 261,2717 300,2718 340,2720 379,2721 419,2722 458,2723 498,2724 537,2724 577,2725 616,2726 656,2726 695,2727 735,2728 774,2728 814,2729 853,2730 893,2732 932,2733 972,2734"/>
                <TextEquiv>
                    <Unicode>Im Elisabethinum, dessen Direktor Bern¬</Unicode>
                </TextEquiv>
            </TextLine>
            <TextLine id="r1l86" custom="readingOrder {index:85;}">
                <Coords points="1963,2728 2869,2757 2929,2745 2930,2703 1964,2680"/>
                <Baseline points="1981,2722 2027,2723 2074,2725 2120,2726 2167,2728 2213,2729 2260,2730 2306,2732 2353,2733 2399,2734 2446,2736 2493,2737 2539,2738 2586,2739 2632,2740 2679,2741 2725,2741 2772,2742 2818,2742 2865,2743 2912,2743"/>
                <TextEquiv>
                    <Unicode>wendungen werden dem nicht durchweg gerecht.</Unicode>
                </TextEquiv>
            </TextLine>
            <TextLine id="r1l87" custom="readingOrder {index:86;}">
                <Coords points="994,2743 1959,2782 1960,2727 1822,2712 995,2698"/>
                <Baseline points="1010,2737 1056,2739 1103,2741 1149,2743 1196,2745 1243,2747 1289,2748 1336,2750 1382,2751 1429,2752 1476,2753 1522,2754 1569,2755 1615,2756 1662,2757 1709,2758 1755,2759 1802,2760 1848,2761 1895,2762 1942,2764"/>
                <TextEquiv>
                    <Unicode>was im 5. Akt folgt, ist nicht nur kein Gewinn für die</Unicode>
                </TextEquiv>
            </TextLine>
            <TextLine id="r1l88" custom="readingOrder {index:87;}">
                <Coords points="156,2763 965,2792 989,2786 990,2741 157,2710"/>
                <Baseline points="174,2758 216,2759 258,2760 300,2761 342,2762 384,2763 426,2764 468,2765 510,2766 552,2767 594,2768 636,2770 678,2770 720,2772 762,2773 804,2774 846,2776 888,2778 930,2779 973,2781"/>
                <TextEquiv>
                    <Unicode>st, liegt genügend Zündstoff schon bereit, zu</Unicode>
                </TextEquiv>
            </TextLine>
            <TextLine id="r1l89" custom="readingOrder {index:88;}">
                <Coords points="1967,2772 2907,2804 2937,2746 1968,2727"/>
                <Baseline points="1983,2764 2029,2765 2076,2766 2123,2767 2170,2768 2217,2770 2263,2771 2310,2773 2357,2775 2404,2776 2451,2778 2497,2780 2544,2781 2591,2783 2638,2784 2685,2785 2731,2786 2778,2787 2825,2788 2872,2789 2919,2789"/>
                <TextEquiv>
                    <Unicode>Seinen Rivalen Ebenwald spielt Hr. Czimeg rot¬</Unicode>
                </TextEquiv>
            </TextLine>
            <TextLine id="r1l90" custom="readingOrder {index:89;}">
                <Coords points="986,2789 1962,2825 1964,2766 988,2743"/>
                <Baseline points="1003,2782 1050,2783 1097,2784 1144,2785 1191,2786 1238,2788 1285,2790 1332,2791 1379,2794 1426,2795 1473,2797 1520,2800 1567,2802 1614,2803 1661,2805 1708,2806 1755,2807 1802,2808 1849,2809 1896,2809 1944,2809"/>
                <TextEquiv>
                    <Unicode>Bühne, es drückt auch die geistige Höhe, die in dem</Unicode>
                </TextEquiv>
            </TextLine>
            <TextLine id="r1l91" custom="readingOrder {index:90;}">
                <Coords points="155,2805 988,2837 990,2778 945,2773 157,2763"/>
                <Baseline points="172,2798 212,2799 252,2800 292,2800 332,2801 372,2802 412,2804 452,2805 492,2806 532,2808 572,2809 612,2810 652,2811 692,2813 732,2814 772,2815 812,2817 852,2818 892,2819 932,2819 972,2820"/>
                <TextEquiv>
                    <Unicode>Explosion gegen Bernhardi es nur einer gu¬</Unicode>
                </TextEquiv>
            </TextLine>
            <TextLine id="r1l92" custom="readingOrder {index:91;}">
                <Coords points="1947,2804 2940,2829 2941,2795 2826,2785 1948,2773"/>
                <Baseline points="1964,2811 2011,2811 2059,2811 2107,2812 2155,2812 2203,2814 2251,2815 2298,2816 2346,2818 2394,2820 2442,2822 2490,2823 2538,2824 2586,2826 2633,2827 2681,2829 2729,2829 2777,2830 2825,2830 2873,2830 2921,2830"/>
                <TextEquiv>
                    <Unicode>haarig mit beträchtlichem Bart; kleiner Vollbart</Unicode>
                </TextEquiv>
            </TextLine>
            <TextLine id="r1l93" custom="readingOrder {index:92;}">
                <Coords points="993,2831 1958,2865 1959,2816 994,2786"/>
                <Baseline points="1009,2822 1055,2824 1102,2825 1148,2826 1195,2828 1242,2829 1288,2830 1335,2832 1381,2834 1428,2835 1475,2837 1521,2839 1568,2840 1614,2842 1661,2844 1708,2846 1754,2848 1801,2849 1847,2851 1894,2852 1941,2853"/>
                <TextEquiv>
                    <Unicode>Gespräch der beiden ehrlichen, die Achtung sich gegen¬</Unicode>
                </TextEquiv>
            </TextLine>
            <TextLine id="r1l94" custom="readingOrder {index:93;}">
                <Coords points="155,2850 988,2876 990,2824 924,2811 157,2802"/>
                <Baseline points="172,2839 214,2842 256,2845 298,2847 340,2849 382,2851 424,2852 466,2854 508,2855 550,2857 592,2858 634,2859 676,2860 718,2861 760,2862 802,2862 844,2863 886,2864 928,2865 971,2866"/>
                <TextEquiv>
                    <Unicode>legenheit bedarf. Der Vizedirektor Ebenwald</Unicode>
                </TextEquiv>
            </TextLine>
            <TextLine id="r1l95" custom="readingOrder {index:94;}">
                <Coords points="1949,2863 2841,2892 2935,2880 2936,2832 1950,2810"/>
                <Baseline points="1966,2853 2013,2854 2061,2856 2108,2857 2156,2859 2204,2860 2251,2862 2299,2863 2347,2864 2394,2865 2442,2866 2490,2867 2537,2868 2585,2869 2633,2870 2680,2871 2728,2871 2776,2872 2823,2872 2871,2873 2919,2873"/>
                <TextEquiv>
                    <Unicode>heißt's bei Schnitzler, und vom typischen Judas=Rot</Unicode>
                </TextEquiv>
            </TextLine>
            <TextLine id="r1l96" custom="readingOrder {index:95;}">
                <Coords points="977,2877 1599,2877 1834,2912 1952,2905 1954,2860 978,2825"/>
                <Baseline points="996,2873 1045,2874 1094,2875 1144,2876 1193,2877 1243,2878 1292,2880 1341,2881 1391,2882 1440,2884 1490,2885 1539,2886 1589,2888 1638,2889 1687,2891 1737,2893 1786,2895 1836,2896 1885,2898 1935,2900"/>
                <TextEquiv>
                    <Unicode>seitig nicht versagenden Gegner erreicht ist, ent¬</Unicode>
                </TextEquiv>
            </TextLine>
            <TextLine id="r1l97" custom="readingOrder {index:96;}">
                <Coords points="1952,2901 2722,2938 2945,2932 2946,2894 1953,2852"/>
                <Baseline points="1968,2895 2015,2898 2063,2900 2111,2902 2159,2904 2207,2905 2255,2907 2303,2908 2351,2909 2399,2910 2447,2911 2494,2911 2542,2912 2590,2913 2638,2913 2686,2914 2734,2915 2782,2916 2830,2917 2878,2918 2926,2919"/>
                <TextEquiv>
                    <Unicode>verlautet nichts. Vorzüglich sind Hr. Stieda als</Unicode>
                </TextEquiv>
            </TextLine>
            <TextLine id="r1l98" custom="readingOrder {index:97;}">
                <Coords points="159,2922 2945,2933 161,2849"/>
                <Baseline points="177,2888 314,2892 452,2897 589,2902 727,2906 864,2911 1002,2915 1139,2920 1277,2924 1414,2928 1552,2932 1690,2935 1827,2939 1965,2943 2102,2946 2240,2949 2377,2952 2515,2955 2652,2958 2790,2960 2928,2962"/>
                <TextEquiv>
                    <Unicode>ingst auf der Lauer, und er hat in diesem schieden herab. Das Komödienspiel beginnt aufs neue. temperamentvoller Prof. Pflugfelder und Hr.</Unicode>
                </TextEquiv>
            </TextLine>
            <TextEquiv>
                <Unicode>box 30/4
25. PrefesBenhadi
#earteten Ideale der christlichen Religion nicht saubern Geschäft gute Kollegen. Die antisemitische; der Konflikt gerät wieder in die unsaubere Atmo¬
chnung als da sind: Reue des Sünders über
Presse nützt den Fall natürlich ganz für ihren sphäre politischer Machenschaften; das Fatalste aber:
Verfehlungen, Bußfertigkeit als unumgäng¬
notwendige Grundlage der Versöhnung mit
vornierten Standpunkt aus, und die Sache der Re¬ am Ende läßt Schnitzler den Professor selbst skep¬
ligion dient ihr nur als Sturmbock gegen die ver¬
der Gewißheit der Sündenvergebung und der
tisch lächeln über den ganzen Handel; schließlich will
haßten Juden; und der Herr Kultusminister schafft
ht auf ein Dasein in der Seligkeit. Die Art
er ja nichts reformieren; nur in dem speziellen Fall
sich aus dem Fallenlassen des Professors eine gün¬
ernhardi dem Tod seinen Stachel zu nehmen
hat er seine Handlungsweise für die richtige erachtet.
stige parlamentarische Situation, gerade wie er, so¬
it findet, und die Art, wie dies die christliche
Aber, ironisiert der Hofrat, mit dem „das Richtige“
bald nach Bernhardis Verurteilung wegen Reli¬
in triumphierender Sicherheit zu tun die
tun kommt man höchstens ins Kriminal; nicht
gionsstörung der Wind zu dessen Gunsten um¬
in sich fühlt, sind himmelweit von einander
einmal einen Tag lang läßt sich das durchführen.
springt, sofort mit dem Märtyrer Bernhardi poli¬
t; aber diese Discrepanz besteht nicht des¬
Und mit einem Witzwort schließt das Stück, das nur
tische Geschäfte auf eigene Rechnung zu machen be¬
weil Bernhardi ein Jude ist, sondern weil er
reit ist.
eine Komödie sein will, an einer Stelle aber doch
seinem ganzen Denken und Empfinden völlig
weit mehr ist.
So wird der Gegensatz Religion und Wissenschaft
tig gerichteter Mensch ist, den das Drüben
Oesterreichische Verhältnisse werden beleuchtet,
oder besser: kirchlich festgelegte und wissenschaftlich
kummern kann. So wächst denn das ganze
wie dies schärfer und wohl auch treffender nicht ge¬
freie, jenseitig und diesseitig orientierte Weltanschau¬
zu keiner großen Auseinandersetzung zwischen
schehen kann. Wundervoll ist die Fülle individuell ge¬
ung sofort verdeckt vom üppigsten Rankenwerk per¬
zwei fundamental geschiedenen Weltanschau¬
zeichneter Figuren. Und die jüdischen Porträte sind
sönlicher Ambitionen, politischer Berechnungen,
aus. Schnitzler wollte dieses Drama
durchaus nicht etwa geschmeichelt. „Der Weg ins
wüsten Rassenkampfs. Aber einmal stellt ihn dann
us nicht schreiben (könnte es übrigens wohl
Freie“ war in dieser Hinsicht schon äußerst aufschluß¬
doch Schnitzler gewissermaßen in Reinkultur heraus:
icht seiner ganzen geistigen Physiognomie
reich für Schnitzlers Objektivität. Die technische
in der großen Szene im 4. Akt zwischen dem Pro¬
er sah in erster Linie die Endigungen des
Meisterschaft Schnitzlers feiert im ersten Akte ihren
fessor und dem Pfarrer. Sie ist unstreitig der Höhe¬
ktfalles ins Komödienhafte hinein. Dieses
eigentlichen Triumph. Für die Darsteller ergibt sich
punkt des Stückes. Ohne Pathos. ohne große äußere
ich darin aus, daß es von allem Anfang an
eine Fülle lohnendster Aufgaben. Man wird ihnen in
Gebärden entwickelt sie sich, und wie sich die beiden
unde niemandem ernst ist mit der prinzipiel¬
unserer Aufführung zum Teil in ausgezeichneter
Männer am Ende die Hand reichen — „über den
ite des Zusammenstoßes des Professors mit
Weise gerecht. Hr. Danegger bleibt dem Professor
Abgrund“ (in den der Pfarrer „für einen Augen¬
eistlichen, sondern daß das Vorkommnis so¬
Bernhardi nur das einigermaßen schuldig, was
blick“ nicht hinabschauen möchte): das ist von einer
den Kreis von Kalkulationen hineingezogen
Schnitzler mit dem Wort „Weltmann“ bezeichnet
seelischen Feinheit und zugleich einer intellektuellen
die auf ganz andern Gebieten als auf dem
(Bernhardi zeige im Gehaben mehr vom Weltmann
Sauberkeit, die Bewunderung verdient. Schade, daß
igiösen oder wissenschaftlichen Ueberzeugung
als vom Gelehrten); sein Gestus und seine Körper¬
das Stück nicht mit dieser Szene abschließt. Denn
Im Elisabethinum, dessen Direktor Bern¬
wendungen werden dem nicht durchweg gerecht.
was im 5. Akt folgt, ist nicht nur kein Gewinn für die
st, liegt genügend Zündstoff schon bereit, zu
Seinen Rivalen Ebenwald spielt Hr. Czimeg rot¬
Bühne, es drückt auch die geistige Höhe, die in dem
Explosion gegen Bernhardi es nur einer gu¬
haarig mit beträchtlichem Bart; kleiner Vollbart
Gespräch der beiden ehrlichen, die Achtung sich gegen¬
legenheit bedarf. Der Vizedirektor Ebenwald
heißt's bei Schnitzler, und vom typischen Judas=Rot
seitig nicht versagenden Gegner erreicht ist, ent¬
verlautet nichts. Vorzüglich sind Hr. Stieda als
ingst auf der Lauer, und er hat in diesem schieden herab. Das Komödienspiel beginnt aufs neue. temperamentvoller Prof. Pflugfelder und Hr.</Unicode>
            </TextEquiv>
        </TextRegion>
    </Page>
</PcGts>
