3392 4384
1605 146 2044 239 box 31/2
239 156 1453 259 25. BrefessonBernhandi
1181 644 1381 819 Cr
2376 836 2457 901 47
1527 860 1793 918 Rundschau.
1673 971 2516 1047 mit Absicht oder aus Vorsicht, schaltet
818 992 1655 1062 gebungen, mit denen Schnitzler am Abend
1680 1027 2519 1083 Schnitzler aus und er tut dies gerade in
821 1043 1660 1097 der ersten öffentlichen Aufführung in Wien
1678 1081 2527 1128 dem Augenblick, wo es gilt, den Stier bei
813 1086 1649 1151 geehrt wurde, klang es wie stolzer Sieges¬
1680 1116 2518 1174 den Hörnern zu packen. Indem er Professor
817 1134 1652 1186 jubel über den Zusammenbruch eines Zensur¬
1672 1163 2525 1219 Bernhardi an der Berechtigung seiner Hand¬
814 1179 1661 1246 verfahrens, das uns die Aufführung des
1678 1206 2520 1263 lungsweise selber irre werden und ihn sich
819 1225 1656 1278 Stückes durch sechs Jahre ungestraft vor¬
1677 1261 2521 1311 just von seinen freisinnigen Anhängern ab¬
826 1263 1654 1333 enthalten durfte, und man kann diesen Jubel
1685 1296 2524 1356 wenden läßt, begibt er sich auf den neutralen
812 1311 1671 1367 verstehen, wenn man sich all der Kämpfe um
1677 1339 2514 1398 Boden jenes lachenden Philosophen, der
817 1355 1664 1416 das Aufführungsrecht erinnert, sowie all der
1688 1382 2526 1442 einmal gesagt hat, daß um den Helden
818 1403 1656 1453 fruchtlos unternommenen Versuche, das Ver¬
1692 1435 2523 1489 herum alles zur Tragödie und um den Halb¬
829 1442 1664 1507 bot zu umgehen. Umsonst waren die heißen
1691 1471 2514 1533 gott alles zum Satirspiel wird. Weder um
833 1488 1668 1563 Bemühungen von Direktor Weisse, eine
1696 1515 2523 1585 die tendenziöse Ausbeutung des Falles, noch
826 1540 1671 1605 Aufführung der vielumstrittenen Komödie
1688 1558 2526 1612 um die Austragung des tragischen Konfliktes
822 1582 1658 1637 in einer § 2=Vorstellung durchzudrücken.
1682 1611 2527 1658 ist es Schnitzler zu tun, sondern zuvörderst
828 1626 1665 1679 Dann wollte uns gar das Berliner
1683 1649 2533 1715 um das heitere Widerspiel in der politischen
833 1670 1663 1731 Kleine Theater mit einer eigens für uns
1680 1699 2529 1751 Umwelt, worauf auch das an Professor
832 1713 1665 1783 in Preßburg veranstalteten Gastvorstel¬
1685 1743 2528 1808 Bernhardi gerichtete Schlußwort des Hof¬
818 1758 1668 1822 lung bundesbrüderlich zu Hilfe kommen.
1693 1794 2526 1850 rates Winkler, der gelegentlich erklärt, daß
825 1806 1675 1855 Ein Sonderschiff sollte uns im Frühjahr
1692 1828 2533 1881 man als Beamter entweder ein Anarchist
832 1846 1667 1902 1913 aus dem Machtbereich der Wiener
1699 1871 2533 1947 oder ein Trottel sein müsse, mit nicht miß¬
829 1892 1683 1956 Zensur nach Ungarn entführen und in einem
1699 1914 2530 1979 zuverstehender Deutlichkeit hinweist: „Ich
839 1939 1679 1987 Sonderzug sollten wir mit dem freudigen
1698 1963 2530 2021 hätte in Ihrem Fall vielleicht ebenso ge¬
829 1983 1672 2033 Bewußtsein, der Zensurbehörde ein artig
1698 2014 2534 2061 handelt wie Sie, aber dann wäre ich g’rad'
842 2028 1675 2085 Schnipplein geschlagen zu haben, wieder
1691 2049 2529 2106 so ein Viech gewesen wie Sie.“ Wenn also
834 2066 1679 2136 heimgebracht werden. Doch die Beschützer
1702 2107 2530 2151 religiöse Gefühle nicht zu schützen waren,
829 2118 1672 2171 unseres geistigen Wohles wußten auch diese
1701 2138 2527 2203 weil Angriffe gegen sie nur in der Einbil¬
834 2163 1682 2211 Extratour zu verhindern, weil sie sich kraft
1704 2184 2541 2240 dung ängstlicher Gemüter leben, wozu dann
831 2199 1679 2260 ihres Amtes verpflichtet fühlten, überall Ge¬
1698 2227 2533 2289 das Verbot? Die Annahme aber, daß es
840 2256 1685 2310 fahren für Religion und Sitte zu wittern,
1699 2285 2544 2331 nur darum erfolgt sei, weil sich das da¬
839 2296 1673 2349 auch dort, wo es sich, wie in „Professor
1703 2323 2541 2376 malige Unterrichtsministerium durch die sa¬
839 2339 1680 2403 Bernhardi“ schlimmstenfalls um einen
1701 2357 2539 2416 tirische Zeichnung zweier höherer Beamter
842 2385 1681 2434 dramatischen Versuch handelt, zu zeigen, wie
1700 2404 2538 2457 in seinem Ansehen bedroht fühlte, ließe das
841 2423 1681 2483 hierzulande mit und ohne Hinzutun der
1710 2449 2537 2509 Verbot erst recht kleinlich und engherzig er¬
837 2471 1689 2525 öffentlichen Behörden jede Frage in die
1702 2515 2538 2564 scheinen, wenn anders dahinter nicht etwa
839 2520 1690 2573 Niederungen der politischen Parteikämpfe
1701 2538 2543 2607 ein zum behördlichen System erhobener Über¬
839 2568 1136 2624 gezogen wird.
1709 2590 2214 2652 eifer zu suchen sein sollte.
923 2602 1686 2667 Einen anderen Sinn und Zweck aus
1783 2633 2537 2687 Nun mit der alten Donaumonarchie auch
839 2659 1682 2710 der Komödie Schnitzlers herauszulesen, kann
1704 2675 2539 2739 das alte österreichische Zensurverfahren zu¬
845 2681 1694 2755 aber nur, wer selber nicht frei ist von der
1713 2717 2551 2781 sammengebrochen ist, winkt uns die Hoff¬
850 2746 1694 2792 darin mit sanfter Ironie gegeißelten Un¬
1716 2765 2545 2821 nung auf ein reineres Seelenheil als jenes,
848 2788 1685 2847 tugend, aus jeglichem Ding ein gemein¬
1712 2819 2554 2867 das durch polizeiliche Knebelungen des freien
848 2823 1694 2878 gefährliches Politikum zu machen. Was ge¬
1714 2858 2559 2904 Dichterwortes auf der Bühne geschützt werden
849 2865 1691 2926 schieht denn in dem Stücke so schrecklich
1716 2901 2546 2959 sollte, und der durch keine politischen Partei¬
851 2914 1698 2977 Gefährliches? Ein jüdischer Arzt verweigert
1712 2941 2551 3000 kämpfe gestörte Beifall, mit dem „Professor
857 2960 1689 3023 einem katholischen Priester den Zutritt zu
1710 2995 2546 3054 Bernhardi“ bei seiner Erstaufführung im
849 3016 1697 3063 einer Sterbenden, um ihr die Wohltat der
1710 3040 2553 3087 Deutschen Volkstheater aufgenommen wurde,
854 3053 1688 3100 letzten Hoffnung auf die Rettung ihres jungen
1716 3073 2557 3130 darf uns als ein erfreuliches Anzeichen dafür
856 3099 1689 3144 Lebens nicht zu rauben. Zugegeben, daß es
1723 3119 2558 3181 gelten, daß wir auch ohne geistige Bevor¬
846 3134 1687 3203 im Anfang den Anschein hat, als sollte ein
1719 3163 2565 3223 mundung den rechten Weg zu finden wissen
856 3186 1699 3232 Akt von Religionsstörung, mit Recht oder
1718 3216 2548 3266 werden. Diese Hoffnung, dieser Beweis ist
854 3240 1687 3280 Unrecht, beschönigt und verteidigt werden.
1720 3253 2556 3317 der schönste Gewinn des denkwürdigen
856 3280 1698 3329 Denn Professor Vernhardi mußte wissen,
1722 3298 2563 3353 Schnitzler=Abends, der überdies noch den
860 3319 1691 3367 daß ihm seine Handlungsweise, wie rein
1712 3339 2559 3396 Genuß einer in sorgsamer Probenarbeit gut
858 3355 1697 3419 auch ihr menschlicher Antrieb gewesen sein
1717 3384 2567 3444 abgestimmten Vorstellung bot, um deren
861 3404 1698 3457 mochte, nur zu leicht als ein unerlaubter
1727 3430 2554 3493 Gelingen sich Direktor Bernau sowohl als
861 3456 1702 3499 Eingriff in ein ihm fremdes religiöses Gebot
1722 3475 2558 3542 geschmackvoller Leiter des Spieles, wie auch
861 3501 1704 3547 ausgelegt werden könnte, und was wie eine
1716 3525 2567 3577 als taktvoller; Darsteller des Titelhelden be¬
863 3535 1706 3602 tendenziöse Zuspitzung des Falles aussieht,
1717 3573 2245 3640 sondere Verdienste erwarb.
861 3589 1710 3633 ist weit eher ein tragischer Konflikt des
1803 3590 2554 3683 Was sonst noch an dramatischen Weih¬
864 3638 1710 3694 Judentums. Aber auch den, gleichviel ob
