3436 4320
315 107 1521 231 25. BrefesBernhandi
730 1557 1166 1633 (Quellenangabe ehne Oevan).
572 1575 1541 1719 Köniesperger Hartung'sche Zaitung
387 1631 1291 1766 Ausohnttigust 18.12. 1e hnge 1. D
396 1729 587 1793 UAA•
644 1792 1480 1905 Kunst und Wissenschaft.
432 1853 1689 1974 * „Professor Bernhardi“, Asn
385 1911 1695 2001 e, brachte es bei ihrer Uraufführung am Berliner Kleinen Thea¬
385 1942 1691 2048 #ter zu einem außerordentlichen Erfolg. Die Aufführung war, wie die
392 1994 1699 2100 Berliner Kritik schreibt, unter Barnowskys Regie ein Meisterstück
382 2038 1700 2144 hohen Ranges. Die Titelrolle spielte Herr Decauli aus Leipzig. Es
387 2087 1702 2190 handelt sich um einen Professor der Medizin, der einen Priester davon
381 2149 1686 2217 abhält, einer Sterbenden die Sterbesakramente zu reichen. Die Ster¬
376 2176 1689 2262 bende befindet sich nämlich im Zustand der Euphorie, jener traumhaften
381 2220 1698 2303 Illusion der Rettung und des Glückes, den die Natur mitunter in gnä¬
379 2267 1687 2352 diger Laune der Vernichtung unmittelbar=v#rangehen läßt. Um die
376 2311 1692 2389 Sterbende nicht aus diesem kurzen Wah#on reißen, wehrt der Arzt dem
374 2366 1689 2455 Priester. Es entsteht ein Wortwechsel, in dem der Pfarrer auf seinem
368 2385 1682 2496 Recht besteht, das ihm Professor Bernhardi bestreitet. Endlich tritt
374 2446 1708 2550 der Assistent ein und meldet, daß die Sierbende der Tod erlöst hat. Die
372 2480 1677 2595 Krapka ist ohne die Tröstungider kaiwlischen Religion dhingensigen.
371 2529 1059 2617 Dexk Priester spielt der Herr Abel.
1678 126 2116 219 box 30/1
1978 398 2398 501 Ausschnitt aus:
2354 423 3059 528 lauer Morgel Eerng.
1983 492 2360 565 vom: 17. 191
2268 606 2715 675 Allerlei Neues.
2937 611 3034 696 1
1973 647 2933 760 Arthur Schuitzler#Professor Bernhardi“
1923 699 3158 792 Alk. Berkin wird uns geschrieben: Arthur Schnitzlersl
1843 772 3135 854 neuestem Werke, der fünfaktigen Komödie „Professor Bern¬
1852 815 3136 893 hardi“, die Donnerstag im Kleinen Theater ihre Urauf¬
1830 879 3132 947 Führung erlebte, ging der pikante Reiz des Wiener Aufführungsver¬
1850 934 3144 998 botes voraus. Nun ja, die Dinge, die darin berührt, die Probleme,
1848 965 3141 1038 die varin beleuchtet werden, sind für einen katholischen Staat nicht
1852 1033 3135 1098 sehr angenehm, obgleich alles — wie es bei Schnitzler zur Selbstver¬
1855 1073 3131 1139 ständlichkeit geworden ist — mit Anmut, Laune und Grazie vor¬
1843 1125 3152 1191 getragen wird. Die Idee dieses Stückes ist nur klein: In einem
1845 1180 3146 1239 großen Krankenhaus, dessen Direktor Professor Bernhardi ist, stirbt
1858 1228 3138 1279 ein junges Mädelchen, einer von tausend ähnlichen Fällen! In
1852 1270 3156 1344 ihrer Todesstunde erwacht sie zum neuen Leben, glaubt sich ganz¬
1855 1325 3152 1389 gesund und ist voll herrlicher Erwartungen. Da verlangt ein
1850 1386 3148 1440 Priester zu ihr Einlaß, um ihr die letzte Oelung zu bringen, ihr
1861 1426 3140 1497 ein Heil zukommen zu lassen, das sie weit von allen Glücksträumen
1851 1460 3137 1526 fortschleudert. Professor Bernhardi aber will ihr die glückselige
1865 1523 3156 1581 Illusion lassen und verweigert dem Priester den Eintritt zu den
1857 1568 3145 1617 Sterbenden. Das ist der Inhalt des ersten Aktes, der Inhalt des
1861 1619 3132 1679 ganzen Werkes. In den übrigen vier Akten werden die Konse¬
1858 1670 3151 1711 quenzen aus Professor Bernhardis Handlungsweise gezogen, er mußs
1854 1712 3143 1770 von seinem Posten freiwillig zurücktreten, wird sogar — durch die
1851 1759 3136 1812 falsche Aussage einer Krankenschwester — zu acht Wochen Gefäng¬
1854 1810 3148 1850 nis verurteilt und geht schließlich halbwegs gereinigt aus der ganzen
1855 1850 3143 1926 üblen Affäre hervor. Schnitzler besann sich darauf, daß er einmal
1846 1905 3145 1987 einen Roman „Der Weg ins Freie" (ein vortreffliches Buch
1802 2011 3084 2105 übrigens) geschrieben hat, das sich hauptsächlich mit den Problemen
1803 2064 3084 2154 des modernen Judentums beschäftigt. Wie in jenem Buch sind auch
1795 2108 3083 2210 in seinem neuesten Drama die meisten handelnden Personen Jüden,
1790 2152 3080 2254 moderne Juden in einer modernen Stadt; in allen Schattierungen
1789 2217 3079 2309 mit ihren Fehlern und Vorzügen. Diese Menschen alle, die sich um
1788 2250 3072 2352 den jüdischen Professor Bernhardi gruppieren, Aerzte, Juristen,
1778 2316 3080 2402 Zeitungsreporter, und die im Gegensatz zu Bernhardis arischen
1780 2351 3070 2450 Gegnern stehen, hat Schnitzler mit liebevollem Können studiert und
1786 2414 3077 2499 nachgezeichnet. Sie sind ihm außerordentlich gelungen! Das macht
1785 2451 3074 2523 sein Stück sehr interessant. Von der Komödie selbst muß man
1775 2513 3070 2587 sagen, daß sie sehr unterhaltend und doch ein bischen leer ist. Sie
1781 2554 3069 2646 hat entzückende Szenen, so den letzten Akt, der in dem Vorzimmer
1775 2608 3070 2689 des Kultusministeriums spielt, und in dem ein Brillantfeuerwerk
1763 2661 3062 2724 von geistreichen Einfällen, Witzen und Frechheiten vorüberglitzert;
1755 2714 3062 2785 gund auch in den übrigen Aufzügen gibt es amüsante Einzelheiten,
1769 2762 3069 2836 z. B. die Szenen mit dem Bezirksarzt Feuermann, dem typischen
1768 2796 3056 2883 Schlemihl, der nichts als Pech hat, oder das Zusammenspiel des
1774 2844 3067 2932 humoristischen Professors Cyprian mit dem fanatischen National¬
1771 2886 3052 2976 juden Dr. Loewenstein, dem Zionisten, wie er im Buche steht.
1762 2947 3064 3039 Wundervoll glitzernde Dialoge, Schnitzlers wahre Domäne, ziehen
1747 3009 3054 3074 sich durch das Stück, sie sind lang, viel zu lang sogar — in den
1745 3069 3054 3128 großen Szenen zwischen Professor Bernhardi und dem Pfarrer, oder
1758 3094 3055 3157 zwischen Bernhardi und dem Minister, — aber man vergißt über
1756 3147 3056 3217 ihrem sunkelnden Fluß ihre Länge, wie man über dem ganzen
1747 3192 3055 3284 blitzenden Geist, der das Stück beherrscht, den eigentlichen Mangel
1750 3246 3035 3329 am großen Problem, am weitausholenden Inhalt vergißt. Fünf
1737 3270 3047 3389 Akte — und eine einzige Idee! Wie staunenswert ist es, daß
1740 3356 3007 3412 Schnitzler daraus ein unterhaltsames Werk machen konnte! —
1722 3382 3049 3478 Gespielt wurde glänzend. Dank der prächtigen Regie des Direktors
1734 3436 3035 3504 [Barnowsky wurde aus dem schwächlichen dritten Akt, der eine
1721 3500 3029 3567 regelrechte Ausschlußsitzung der Professoren des Elisabethkranken¬
1727 3538 3030 3617 hauses zeigt, ein kleines Wunder an szenischem Leben. Seine ge¬
1722 3585 3026 3652 schickte Negie gab dem ganzen den raschen Gang, der dieser Komödie
1717 3622 3029 3696 Lebensbedingung ist. Den Helden des Stückes verkörperte Bruno
1727 3682 3029 3766 [Decarli (sonst in Leipzig!); er gab ihn würdevoll, aber mit
1720 3744 3029 3793 zuviel Temperament. Gewiß kann ein noch so ruhiger Mensch über
1722 3766 3022 3861 die Erlebnisse des Professors Bernhardi etwas nervös werden. —
1725 3829 3022 3908 dennoch stelle ich mir den großen Arzt weit maßvoller vor. Die
1707 3886 3009 3951 Maske, das langgezogene Gelehrten=Gesicht mit dem leicht er¬
1717 3928 3012 3990 grauten Vollbart, war sehr echt. Den gekränkten Pfarrer spielte
1709 3965 3016 4038 Alfred Abel, wie es seine Art ist, mit tiefer Hingabe und sehr
1709 4001 3021 4103 realistisch. Eine prächtige, humoristische Figur machte Guido
1700 4057 3008 4145 [Herzfeld aus dem alten, gutmütigen Professor Cyprian; den
