3344 4320
770 150 802 207 3
232 140 1426 233 25 PrfeBernhandi
313 376 630 467 10 JMN 19•3
725 410 1449 512 Reichenberner Zeitune
453 590 1304 681 (SchnitzlersProfessor Bernhardi“ und
395 667 1291 717 die Zensur.) Wie das „Wiener Ill. Exira¬
396 700 1290 763 blatt“ maldet, wird der Direktor des Dent¬
404 750 1292 807 schen Volkstheaters, Weisse, von dem Mini¬
404 788 1292 851 ster des Innern Freiherrn von Heinold in
406 831 1290 889 Andienz empfangen werden und die Bitte
405 888 1302 933 stellen, Schnitzsers Dichtung „Professor
408 922 1294 967 Bernhardt“ zur Aufführung im Deutschen
397 963 1281 1004 Volkstheater freizugeben. Bekannt¬
395 991 1305 1070 lich hat die Zensur das genannte Werk nach
401 1093 1295 1155 Anhörung des Zensurbeirates verboten. Es
394 1133 1287 1201 wäre nicht das erste Mal, daß das Ministe¬
409 1181 1291 1247 rium des Innern ein Aufführungsverbot
396 1217 1285 1289 kassiert. Wie erinnerlich, wurden Haupt
403 1271 1315 1332 manns „Weber“ und „Rose Bernd“, dann #
402 1308 1304 1372 das Klosterstück „Die Brüder von Sankts
394 1352 1285 1415 Bernhard“ von Ohorn und Schnitzlers „Der
391 1401 1320 1460 grüne Sakadn“ ebenfalls erst im Rekurzege
393 1441 948 1508 zur Ausführung zugelassen.
460 1480 694 1539 LEA
843 1680 1381 1803 debefer-Zeitung, Wien
400 1745 729 1842 113N 1973
458 1978 1495 2090 Schnintero Pröfessor Bernhardi“. Wie mitgeteilt
341 2015 964 2089 wird, sind der Kömfödte „Pros
997 2061 1496 2129 sor Bernhardt“ von
355 2074 1501 2162 Arthur Schnitzler, deren Aufführung dem Deut chen Volts¬
352 2114 1495 2179 theater in Wien ohne Angabe von Gründen durch die Zensur¬
348 2145 1494 2238 behörde verweigert wurde, auch in München Zensurschwierigkeiten
345 2187 1504 2281 erwachsen. Dort haben aber die Behörden ihre Bedenten gegen
344 2279 1494 2390 das Werk, das in Berlin einen nachhaltigen Erfolg erzielt hat,
353 2320 1501 2441 fallen gelassen. Infolgedessen wurde die Première für das, Stück
357 2361 1487 2452 im Münchener Schauspielhause für den 1. Februar gngesetzt.
348 2395 1489 2509 Die Zensurvehörden sind eben nicht bald wo so unvernünstig
345 2440 604 2503 wie bei uns.
568 2466 725 2542 — —
397 2681 1276 2793 Ausschnitt aus Houes Wiener Journal, Wier
401 2771 812 2872 vom .15 1 1973
357 2887 1536 3004 * Wie verlautet, soll Schnitzlers „Professor Bernhardi“ von
364 2964 1507 3034 nfur mit einigen Aenderlngen freigegeben werden.
378 3029 1516 3089 tlich hat die Direktion des Deutschen Volkstheaters gegen
374 3066 1562 3177 rbot den Rekurs an das Ministerium des Innernje
344 3284 742 3351 Ausschnitt aus:
576 3284 1480 3419 S ML1gi Wiener Mitags-Zeitong
353 3402 502 3474 vom:
489 3476 1503 3556 „Prosessor Bernardi“ am Deutschen
361 3525 1496 3581 Volkstheater. Analog der Vereinigung von Wiener
361 3581 1496 3653 Künstlern zur Aufführung zensurfreier Stücke an der Neuen
359 3636 1500 3701 Wiener Bühne hat sich eine Vereinigung gebildei, an deren
351 3676 1492 3742 Spitze der Direktor des Deutschen Volkstheaiers, Weisse,
352 3727 1495 3776 und der Dramaturg Heinrich Glücksmann stehen.
350 3766 1485 3827 Die Ende Jänner beginnenden Vorstellungen werden vor
361 3818 1494 3870 geladenen Gästen im Deutschen Volkstbeater
355 3858 1488 3921 stattfinden. Die Reihe dieser Vorstellungen wird mit
353 3917 1489 3972 Schnitzlers „Professor Bernardi“ be¬
343 3956 550 4036 gonnen.
1585 141 2031 232 box 30/2
2296 754 2853 878 Mildiriertes Wiener Ertrahlatt
1870 796 2228 908 17.3 1912
2487 824 2665 908 Wien
1962 940 2800 1095 Wiener Theatergeschichten.
2312 1073 2445 1155 Xx.
1927 1106 2686 1204 #### Professor Vernhardi.
1995 1184 2888 1254 Ein Pfarrer ist von einer Wärterin gerufen
1877 1205 2883 1295 worden, um eine Totkranke zu versehen. Doch der
1879 1281 2893 1344 Direktor des Spitals verwehrt dem Priester den Zutritt
1874 1323 2892 1395 zu dem Krankenbette. Die sterbende Frau ist bei
1869 1369 2882 1417 vollem Bewußtsein; sie ahnt nicht, daß sie an der Schwelle
1874 1403 2885 1463 der Ewigkeit stehe ... Die Spendung des Sterbesakra¬
1869 1438 2887 1517 ments würde, nach der Meinung des Direktors, den holden
1870 1494 2875 1553 Lebenswahn der Totgeweihten zerstören... Das ist der
1869 1538 2881 1587 Konflikt in Schnitzlers Dichtung „Professor Bernhardi“.
1854 1571 2872 1641 Im ersten Akte wird das Publikum zum Zeugen des
1854 1609 2872 1684 Widerstreits zwischen Arzt und Priester. Was weiter
1867 1657 2873 1714 geschieht, haben die Leser bereits aus früheren Mit¬
1864 1709 2877 1765 teilungen in diesem Blatte erfahren. In Berlin
1869 1740 2876 1816 feierte Artur Schnitzlers Werk die Erstaufführung:
1845 1795 2875 1854 „demnächst wird es in München in Szene gehen, wo
1859 1838 2866 1893 es gelungen ist, die Bedenken der Zenur zu über¬
1865 1880 2868 1939 winden. In Wien ist „Professor Bernhardi“ noch ver¬
1854 1928 2876 1978 boten. Mau erhofft jedoch vom Minister Freiherrn
1856 1968 2867 2012 v. Heinold die Freigabe des Schau piel Ich habe
1863 2001 2864 2062 von sehr geschätzter Seite eine Zuschrift bekommen,
1858 2047 2858 2116 deren Veröffeutlichung weite Kreise interessieren wird.
1860 2081 2116 2142 Sie lautet:
2004 2122 2869 2200 Sehr geehrter Herr Redakteur! Mit großer
1892 2176 2861 2224 Aufmerksamkeit verfolge ich den Kampf um „Pro¬
1895 2221 2869 2266 fessor Bernhardi“, und ich habe in Ihrem Blatte
1888 2272 2869 2318 gelesen, daß jetzt die Entscheidung bei Sr. Exzellenz
1895 2305 2866 2362 dem Herrn Minister des Innern liegt. Gestatten
1895 2351 2872 2400 Sie mir, folgendes mitzuteilen: Vor vielen Jahren,
1886 2400 2860 2436 als Hofrat Professor Theodor Meynert die
1881 2438 2864 2500 psychiatrische Klinik leitete, gab er dem Warte¬
1884 2471 2862 2533 personal den Auftrag, Priester nur dann zu rufen,
1894 2534 2877 2583 wenn dem auf dem Sterbebette befindlichen
1884 2552 2851 2611 Kranken das Bewußtsein geschwunden ist.
1885 2607 2858 2671 Im anderen Falle nicht. Man hat von
1885 2652 2857 2703 einem Widerstand gegen diese Order nichts
1886 2696 2854 2739 gehört. Hofrat Meynert ging im Sommer auf
1890 2734 2858 2781 Urlaub und übertrug die Stellvertretung seinem
1896 2779 2855 2835 ersten Assistenten. Einem Juden. Während der Ab¬
1891 2825 2853 2867 wesenheit des Vorstandes kam der Direktor des
1899 2865 2852 2906 Allgemeinen Krankenhauses und fragte, ob es wahr
1892 2908 2847 2964 sei, daß Priester, welche das Sterbesakrament spenden
1890 2955 2855 2994 wollen, nicht zu den Kranken gelassen werden?
1890 2994 2856 3036 „Und wie denken Sie übereinen solchen Auftrag“, forschte
1891 3037 2859 3091 der Spitalsdirektor weiter. „Es wäre eine Takt¬
1888 3082 2868 3148 losigkeit von mir, wollte ich Erlässe meines Chefs
1889 3114 2845 3168 und Lehrers kritisieren.“ Man wartete auf Hof¬
1883 3158 2848 3207 rats Meynerts Rückkehr. Was dann geschah, entzieht
1888 3201 2847 3278 sich meiner Kenntuis. Noch eine Bemerkung: wer
1876 3242 2844 3303 Hofrat Professor Meynert gewesen ist, brauch
1889 3292 2851 3351 ich wohl nicht zu erklären. Was den Assisteus#k
1881 3331 2855 3393 betrifft, so bekleidet er heute eine hervorragende
1881 3382 2703 3440 Stellung in der Wiener medizinischen Welt.
1988 3427 2885 3527 Hat Schnitler von dem Vorfalle auf der Klinit
1872 3477 2891 3584 Meynerts erfahren, oder ließ er seine Phantasie frei
1869 3544 2876 3609 walten, als er den Konflikt in „Professor Bernhardi“)
1874 3579 2882 3664 ersonnen hat? Ich füge noch bei, daß mir der Name
1871 3622 2893 3728 des ehemaligen Assistenten des berühmten Psychigters
1858 3661 2111 3739 bekannt ist.
