3392 4320
1595 207 2084 298 box 30/1
261 228 1483 318 25. Professor Bernhardi
1418 907 1876 982 Die Berliner Theater.
2330 911 2459 985 149
831 993 2467 1052 die Bedingungen der modernen Schauspielkunst. Ans dünkt schon der pathetische
839 1059 2452 1116 Vortrag der französischen Tragöden oft unerträglich, wie unnatürlich würden uns
825 1108 2461 1172 bald Maske und Kothurn erscheinen, die doch auf der Zirkusbühne unvermeidlich sind.
936 1155 2469 1208 Diese akademischen Erörterungen sind über Erwarten schnell von einer praktischen
831 1215 2461 1260 Frage abgelöst worden, welche die gesamte Theaterwelt in Aufruhr versetzt hat.
826 1254 2470 1307 Die Kinotheater haben der alten Bühne eine Lebensgefahr bereitet. Sie drohen
835 1292 2461 1351 ihr die Dichter und die Darsteller zu entführen. Ein Schauspiel für die Kinobühne
829 1344 2455 1400 ist ausschließlich auf die Handlung und die Pantomime begründet, da ihr das
837 1399 2459 1448 Wort versagt ist. In kürzester Frist folgt sich Tat auf Tat, jede muß für sich
836 1446 2458 1493 selbst sprechen, aus der vorangegangenen sich mit Notwendigkeit ergeben und die
826 1492 2458 1545 nächste vorbereiten. Dem Darsteller steht allein das Mienen= und Gebärdenspiel
835 1534 2467 1588 zur Verfügung, seinen Charakter, seine Absichten, den Amschlag seiner Stimmungen
841 1577 2473 1622 auszudrücken. Man braucht nur an die Monologe Hamlets und Jagos in Shake¬
846 1624 2459 1681 speares Dramen zu erinnern, um den Unterschied zwischen der Kino= und der
839 1678 2465 1730 alten Schauspielbühne zu kennzeichnen. Der alten Bühne bleibt darum die Dichtung
834 1718 2460 1771 und die Menschendarstellung vorbehalten, dem Kino gehört die Wiedergabe der un¬
839 1764 2459 1814 mittelbaren Wirklichkeit und Aktualität. In so umfassender und packender Weise,
835 1813 2461 1878 daß es die Polizei für nötig befunden hat, ihr Grenzen zu ziehen: sie hat die Vor¬
846 1860 2449 1915 führung von Mord= und Todschlagszenen im Film verboten. Mit Eroberungs¬
830 1905 2462 1957 blicken betrachten Schauspieler und Dichter das neue Gebiet, das sich ihnen öffnet,
837 1953 2459 2013 scheinbar mit unbegrenzten Möglichkeiten, sowohl des Darstellbaren wie des Ge¬
828 1996 2468 2052 winnes. Ein erfolgreicher Film ist vielleicht noch einträglicher als eine siegreiche
834 2048 2460 2103 Operette. Paul Lindau war wieder einmal durch einen glücklichen Zufall der erste
842 2101 2460 2154 auf dem Plan. Sein Schauspiel „Der Andere“, aus dem Jahre 1893, welches
829 2133 2457 2199 das Doppelleben eines Menschen schildert — während des Tages ist er ein be¬
839 2185 2456 2238 rühmter Sachwalter, am Abend zieht er den halbzerrissenen Rock des Strolches an
836 2231 2458 2288 und treibt sich in den Verbrecherkneipen umher — ist gleichsam eine Frühgeburt
836 2278 2470 2336 des Films: eine dramatische Handlung, Verwicklung und Lösung ohne Worte.
844 2322 2462 2369 Andere werden ihm auf der Bahn, die soviel verspricht, folgen: Gerhard Haupt¬
835 2365 2459 2408 mann und Hermann Sudermann sollen von den Filmfabriken zur Mitarbeit auf¬
835 2415 2461 2480 gefordert worden sein. Daß der Film einer künstlerischen Ausbildung fähig ist,
844 2469 2465 2525 kann nicht bezweifelt werden, aber freilich ist die Gefahr, daß er sich gerade durch
839 2515 2465 2567 die Leichtigkeit der Arbeit im Sumpf der Roheit, Alltäglichkeit und Niedrigkeit
843 2556 2463 2603 verliert, größer als bei der Schöpfung eines wirklichen Schauspiels, dem das Wort
848 2602 2468 2653 eine feste Schranke setzt. Dichter und Darsteller werden im Film zu der gemeinen
842 2647 2472 2694 Deutlichkeit der Dinge gewaltsam hingetrieben, je brutaler die Handlung ist, desto
838 2704 2460 2755 leichter wird sie von der Menge verstanden, je unedler die Gebärde ist, desto mehr
842 2751 2456 2801 wird sie bejubelt werden. Diese Abelstände erscheinen unvermeidlich und die weitere
833 2791 2457 2838 Entwicklung des Filmspiels wird davon abhängen, ob man sie einschränken kann
841 2834 2317 2881 oder dem Absturz, hilflos gegenüber der Macht der Dinge, zusehen muß.
936 2889 2459 2943 Man denkt unwillkürlich, daß diese Erweiterung des dramatischen Horizontes
833 2943 2452 2992 durch die Freilichtbühne, den Zirkus und das Kino der literarischen Bewegung und
839 2982 2467 3019 Produktion Anstoß und Anregung zu vielfachen Schöpfungen, wenigstens zu
847 3025 2465 3084 Bühnenversuchen gegeben haben müsse, und sieht sich um so verdrießlicher durch
843 3071 2467 3126 die Tatsachen enttäuscht. Das Repertoire der Berliner Theater ist seit Jahren zu
845 3119 2469 3173 einer gewissen Anfruchtbarkeit und Einseitigkeit verurteilt: halb, weil den Direktoren
831 3164 2459 3214 der Wagemut für das Neue fehlt, halb, weil sie die Literatur im Stich läßt. Und
841 3209 2461 3265 wenn früher noch ein und ein anderes Stück, Wildenbruchs „Rabensteinerin",
839 3268 2461 3318 Hardts „Tantris der Narr“, Schönherrs „Glaube und Heimat", Sudermanns
857 3306 2466 3363 „Strandkinder“, eine längere Zeit die Teilnahme weckten und festhielten, so ist
835 3352 2463 3409 diesmal ein solcher Ersatz von literarischer Bedeutung ausgeblieben. Denn die
845 3397 2458 3451 Bilderreihe von Josef Lauff: Der große König", welche das königliche
840 3458 2474 3488 Schauspielhaus seit einer Reihe von Wochen fast allabendlich aufführt, erhebt
825 3491 2481 3541 darauf keinen Anspruch, sie will nur dem Patriotismus, der Schaulust und der
