3344 4320
230 142 1426 247 25 Professer-Bernhandi
360 429 528 513 schnltt
488 440 1323 588 MMISIBOHEMIA, Ppaa
363 541 432 625 1
510 632 1318 733 Theater und Kunst.
410 754 1398 838 SchuitzlersProfessor Bernardi“ in Wien
653 823 1151 895 befnitiv verr dlen.
493 892 1393 955 Wie uns aus Wien berichtet wird, hat das Mi¬
398 935 1394 987 nisterium des Innern die vom Wiener Volkstheater
414 991 1406 1069 in Aussicht genommene Aufführung des jüngstei
402 1042 1392 1089 Schnitzlerschen Dramas „Professor Bernardi“ de'i¬
410 1078 1394 1166 nitiv untersagt. Das Verbot ist bekanntlich schon ihr
398 1145 1407 1212 Monaten erflossen, doch bestand die Hoffnung, diß
393 1202 1400 1277 es rückgängig gemacht weiden könnte. Durch die mti¬
396 1244 1415 1336 nisterielle Entscheidung ist jetzt die Aufführungsmä¬
409 1308 1191 1377 lichkeit für Wien endgültig geschwunden.
277 1657 727 1744 Aueschnitt aus:
767 1673 1343 1780 IInstriertes Wiener Ezirablah
455 1726 744 1806 23 JAN 1912
987 1743 1156 1825 Wien
278 1777 430 1828 vom:
527 1870 1207 2006 Theaterzeitung.
343 1982 1351 2095 Schnitzlers „Professor Hernhordi“ bleibt ver¬
752 2063 953 2147 doten!
345 2111 1358 2219 Die Eutscheidung des Ministeriums des
740 2191 959 2262 Junern.
455 2235 1355 2323 Aus der Direktionskanzlei des Deutschen
338 2285 1280 2359 Volkstheates wird folgende Potiz versendet:
457 2327 1345 2407 „Die Direktion dieser Bühne hat in Erfahrung
335 2353 1343 2455 gebracht, daß seitens des Ministeriums des
337 2399 1340 2494 Innern der dort eingebrachte Rekurs gegen das
336 2446 1347 2538 Aufführungsverbot von Artur Schnitzlers
340 2484 1338 2589 „Professor Beruharbi“ abschlägig be¬
337 2536 753 2595 schieden wurde.“
437 2575 1336 2659 Wir erhalten zu dieser Mitteilung folgende er¬
335 2622 1348 2725 gänzende Details: Man hatte eine günstige Erledigung (
335 2658 1340 2744 des Rekurses erwartet, man rechnete mit der Be¬
334 2697 1337 2780 seitigung des Aufführungsverbotes, weil in München
332 2752 1323 2819 eine Freigabe des Werkes erfolgt war. Auch in
331 2783 1338 2855 München machte die Zensur Schwierigkeiten, allein
324 2828 1326 2912 dort gelang es, die Schwierigkeiten zu überwinden.
326 2866 1332 2938 In München findet in den nächsten Tagen die
316 2912 1343 2992 Première des vielumstrittenen Werkes statt. In Wien“
321 2960 1330 3025 nahmen die Behörden deshalb eine ablehnende Hal¬
311 3004 1320 3061 tung ein, weil ihrer Auffassung nach in „Professor
320 3041 1330 3097 Bernhardi“ speziell österreichische Verhältnisse auf die
311 3089 1319 3163 Bühne gebracht werden. Zu Retouchen oder Verände¬
312 3131 1320 3204 rungen hätte sich der Dichter nicht bereit gefunden.
427 3169 1320 3245 Die Direktion des Deutschen Volkstheaters wird
306 3200 1345 3298 die Beschwerde an den Verwaltungsee
315 3254 924 3317 gerichtshof ergreifen.
416 3295 1321 3360 Wir hören ferner, daß in Wien eine Auf¬
306 3336 1320 3418 führung der verbotenen Dichtung
305 3382 1202 3466 vorgeladenen Gästen stattfinden wird.
415 3466 1299 3557 Aus Künstlerkreisen des Deutschen Volkstheaters
294 3525 1300 3595 hören wir, das Ministerium des Innern soll das
303 3560 1311 3641 Aufführungsverbot bestätigt haben, weil es an der
293 3600 1297 3674 Kritik von behördlichen Maßregeln und Persönlich¬
299 3643 1306 3736 keiten Anstoß genommen hat. Bedenken wegen des
344 3699 838 3766 Nr. 42 Wen —
287 3769 1300 3851 Konflikts zwischen Priester und Arzt oder wegen des
299 3814 1302 3893 vonSchnitzler behandelten Problems hat es bei dem
303 3868 817 3947 Mülsterium nicht gegeben.
1597 141 2023 234 box 30/2
2268 674 2836 769 Neue Freie Preste, Wier¬
1771 736 2264 822 vom: 2 1 191,
1753 840 2907 935 Bestatigung des Zensurverbo#ts von Schnitzlers
2040 886 2650 968 „Professor Bernhardi“.
2812 909 2912 981 1
2489 936 2883 1017 Wien, 28. Januar.
1832 982 2909 1054 Die Direktion des Deutschen Volkstheaters
1755 1011 2310 1090 hat in Erfahrung gebracht,
2386 1040 2909 1109 ß das Ministerium
1756 1076 2905 1127 des Innern den Rekurs gegen das Auf¬
1740 1088 2908 1183 führungsverbot von Artur Schnitzlers
1757 1161 2914 1232 „Professor Bernhardi“ abschlägig beschie¬
1763 1209 2911 1285 den hat. Die Entscheidung des Ministeriums des Innern
1755 1247 2903 1324 ist der Theaterleitung noch nicht intimiert worden und es ist
1755 1286 2902 1361 daher auch noch nicht bekannt, ob der abschlägige Bescheid des
1749 1330 2899 1404 Ministeriums Gründe angibt oder sich gleich der Entscheidung
1750 1375 2903 1454 der niederösterreichischen Statthalterei auf das bloße Verbot
1752 1415 2902 1474 des Stückes beschränkt. Immerhin verlautete heute, daß für
1760 1452 2910 1527 die Entscheidung des Ministeriums nicht etwa religiöse Bedenken
1750 1510 2886 1568 maßgebend gewesen seien, sondern daß man vielmehr in
1763 1544 2898 1606 einzelnen Figuren und Szenen des „Professor Bernhardi“
1756 1580 2904 1670 Angriffe auf potitische Persönlichkeiten und Parteien erblickt
1757 1622 2902 1708 habe, die nach Ansicht des Ministeriums die Bühnenaufführung
1750 1682 2897 1750 ausschließen. In Wiener literarischen und künstlerischen
1749 1714 2893 1798 Kreisen macht sich eine starke Bewegung geltend, es doch auf
1747 1760 2893 1830 irgend eine Art zu ermöglichen, das jüngste Werk des Wiener
1751 1793 2894 1859 Dichters, dem letzthin München die Aufführungsbewilligung
1744 1842 2896 1903 zugesprochen hat, unserem Theaterpubllkum zugänglich zu
1743 1893 2892 1933 machen. Man denkt an eine Aufführung des Stückes
1745 1931 2888 1987 vor geladenen Gästen und es gilt nicht als ausge¬
1741 1973 2888 2060 schlossen, daß die Direktion des Volkstheaters
1741 2011 2398 2064 selbst diesem Gedanken nahe trete.
1823 2049 2886 2120 Ueber die juristische Sachlage nach der Ent¬
1739 2086 2882 2170 scheidung des Ministeriums des Innern und die Möglich¬
1730 2141 2886 2219 keit eines weiteren Instanzenzuges wird uns
1727 2182 2196 2235 das folgende mitgeteilt:
1815 2229 2887 2305 Die Statthalterei hat die Aufführungsbewilligung
1735 2270 2886 2340 für Schnitzlers „Professor Bernhardi“ verweigert und das
1734 2303 2886 2374 Ministerium des Innern hat im Rekurswege dieser
1725 2348 2888 2431 Entscheidung zugestimmt. Jetzt fragt es sich, ob hiegegen
1718 2394 2464 2466 noch ein weiterer Instanzenzug zulässig
2464 2405 2879 2475 ist. Natürlich kann
1728 2448 2874 2504 man formell eine Klage beim Verwaltungsgerichts¬
1734 2488 2883 2558 hof erheben, entweder wegen Gesetzwidrigkeit der Verordnung
1723 2534 2884 2606 oder wegen mangelhaften Verfahrens. Aber eine derartige
1724 2575 2884 2643 Klage würde vom Verwaltungsgerichtshof mit dem Bemerken
1720 2611 2878 2679 zurückgewiesen, daß es sich hier um eine Ermessenssache
1726 2654 2870 2732 handle. Es käme einzig und allein der Umstand in Betracht,
1731 2706 2767 2748 ob vielleicht eine Ungesetzlichkeit im Verfahren selbst
1713 2751 2878 2822 konstatieren wäre. Es hat nämlich die Statthalterei das Gesuch
1722 2779 2870 2856 um die Aufführungsbewilligung ohne Angabe von Gründen
1727 2829 2872 2878 als ungeeignet zurückgewiesen. Man kann in dem Wert „un¬
1714 2876 2797 2934 geeignet“ unmöglich eine Begründung der Zurückweisung
1726 2917 2862 2971 blicken, denn das ist lediglich ein Pleonasmus und es bedeutet
1713 2962 2771 3002 nichts anderes, als ob die Statthalterei sagen würde:
1717 3007 2878 3061 weise dieses Stück zurück, weil ich es zurückweisen muß. Nun
1723 3044 2869 3105 gilt im administrativen Verfahren der Grundsatz, daß Ent¬
1717 3085 2865 3149 scheidungen begründet werden müssen. Man kann also in dem
1724 3130 2863 3193 Mangel jedweder Motivierung einen Verfahrensmangel er¬
1718 3178 2865 3218 blicken, worüber nach § 6 des Gesetzes über den Verwaltungs¬
1706 3223 2858 3273 gerchtshof dieser zu judizieren und eventuell zu erklären
1705 3247 2870 3319 hätte, daß die Verwaltungsbehörde neuerlich zu entscheiden
1716 3299 2858 3357 habe. Ueberdies hat der Verwaltungsgerichtshof wiederholt
1706 3345 2802 3394 ausgesprochen, daß in Fällen, wo er wegen des freien
1714 3390 2780 3444 messens sich in die Sache nicht einlasse, auch die Art
1714 3420 2852 3480 Motivierung der Entscheidung „nicht die Natur der Ange¬
1711 3465 2881 3536 legenheit in Rücksicht auf die Kompetenz des Verwaltungsy
1717 3503 2142 3577 gerichtshofes ändert“.
2919 2437 2984 2522 105
2937 2911 2988 2984 0
