3436 4256
1634 160 2071 245 box 31/6
262 159 1459 265 25. BrefsBenhand
1394 390 2263 488 NEUE FREIE PRESSE
1524 488 2143 524 Meistverbreitete Tageszeitung in Europa.
1411 517 2252 557 Mi Bgebendes politisches u. wirtschaftspolltisches Organ.
1412 559 2259 595 Wirkungsvolles Inseratenblatt. Täglich zwei Ausgaben.
1702 595 1971 640 Administration:
1518 625 2160 692 WIEN, I. FICHTEGASSE 9—11.
1870 717 1935 787 64
1407 745 1913 842 „OBSERVEK
1673 806 2267 876 österr. behördlich konzessioniertes
1638 864 2255 902 Unternehmen für Zeitungs-Ausschnitte
1649 896 2245 933 Wien, I. Wollzeile 11, Telephon R-23-0-48
1405 1003 1658 1083 Ausschnitt
1695 1026 2156 1141 WTreteFrSsst, MINT
1407 1244 1555 1300 vom:
1958 1242 2137 1337 036
1664 1285 1965 1411 23.000
1378 1448 2263 1583 Pariser Theaterpläne.
1293 1587 2383 1660 Was wird die neue Pariser Theatersaison bringen? Zunächst
1223 1652 2380 1701 einmal wahrscheinlich eine Ermäßigung der Eintritts¬
1215 1700 2379 1756 preise. „Das französische Theater aller Kunstgattungen muß
1212 1739 2365 1801 den breiten Volksschichten zugänglich sein“, schreibt ein franzö¬
1217 1784 2386 1844 sisches Blatt“, und eine Verbilligung der Eintrittspreise wird sich
1209 1836 2374 1882 auch für die Theaterdirektoren s geschäftlich vorteilhaft er¬
1222 1881 2379 1930 weisen, weil es dann nicht mehr nötig sein wird, schlecht besuchte
1214 1922 2372 1974 Vorstellungen mit Freikartenbesitzern zu wattieren. Schon der
1214 1965 2382 2030 Massenbesuch durch die Mitglieder großer Organisationen, der
1211 2030 2383 2081 gegenwärtig planmäßig vorbereitet wird, bedeutet für die Theater
1220 2076 2381 2123 eine gewisse Existenzgrundlage. Auch wird erwogen, die Vor¬
1221 2106 2380 2179 stellungen etwas früher beginnen zu lassen als
1210 2160 2376 2223 bisher, doch sind diesbezüglich noch keine Entschlüsse gefaßt.
1204 2216 2392 2289 Durch den bisher für Paris charakteristisch gewesenen späten
1208 2244 2386 2315 Theaterbeginn wären diejenigen Publikumsschichten, die am
1222 2304 2377 2362 nächsten Morgen zeitig früh ihre Arbeit beginnen müssen, von
1212 2348 2372 2400 vornherein vom Theaterbesuch ausgeschlossen, was künftighin
1213 2386 2371 2450 vermieden werden soll. Doch wird man den Theaterbeginn be¬
1217 2429 2380 2496 stimmt nicht auf eine allzu frühe Stunde vorverlegen, da dem
1220 2484 2371 2535 Publikum die Möglichkeit gewahrt bleiben muß, zwischen Büro¬
1213 2538 2381 2613 oder Geschäftsschluß und Vorstellungsbeginn in aller Ruhe einen
1218 2573 1608 2643 Imbiß einzunehmen.
1593 2796 1697 2923 2
1367 2793 2192 3046 mt den 40h
1322 3081 2287 3135 Verlangen Sie die interossante Broschüre In der
1600 3129 2016 3183 nächsten Apotheko.
1340 3266 2249 3327 Das veränderte Gesellschaftsbild der Premieren.
1290 3322 2367 3387 Auf das Gesellschaftsbild in den Pariser Theatern ist man
1205 3378 2362 3433 heuer ganz besonders neugierig. Einige Warenhäuser — nicht
1204 3421 2372 3480 nur in Paris, sondern auch in Lyon, Marseille, Bordeaux und
1202 3469 2374 3530 anderen Städten — lancieren unter der Devise: „Wohlstand für
1200 3514 2379 3576 alle, Eleganz für jedermann!“ billige und geschmackvolle Toiletten¬
1200 3560 2366 3606 modelle, die allgemeinen Anklang finden und deren Massenabsatz
1206 3604 2372 3650 das Modebild keineswegs ungünstig beeinflussen wird. Die
1206 3645 2363 3716 Mädchen und Frauen der ärmeren Volksschichten, die heuer in
1200 3700 2369 3768 den Zuschauerräumen der französischen Theater weit zahlreicher
1198 3749 2359 3801 zu sehen sein werden als bisher, werden gewiß in diesen Toiletten,
1198 3796 2367 3857 die durchaus nicht aus werilosem Material gearbeitet sein werden,
1208 3835 2371 3887 sondern deren Billigkeit durch den Massenabsatz ermöglicht werden
1209 3887 2363 3926 wird, ganz reizend aussehen. Und das Gesellschaftsbild der
1210 3920 2373 3996 Pariser Premieren wird zwar gegenüber den früheren Jahren
1206 3981 2379 4054 einigermaßen verändert, aber nicht weniger anziehend und
1203 4019 1518 4078 faszinierend sein.
1567 4048 1986 4134 Novitäten, Gastspiele.
1296 4114 1434 4160 Und wi.
