3344 4320
2162 127 2253 167 1
591 213 709 276 ae
668 234 731 276 S
184 201 1990 327 25. Proor Bernhardi box 30/1
656 831 828 898 Nr. 50
2695 815 2821 902 795
1530 818 1954 905 Die Gegenwart.
998 861 1184 961 . mr 6
1771 958 2815 1046 Intellekt. Plötzlich tritt er aus dem gesinnungs¬
814 943 1572 1049 Aus Berliner Theatern.
1783 1037 2828 1098 vollen, schwarzweiß gestreiften, tantiemen¬
646 1041 1259 1132 Schnitzler ein Agitator?
1775 1086 2826 1144 schwangeren Parteispiel zurück  und schaut zu
758 1090 1711 1184 Arthur Schnitzler, ein Agitator, — die
1786 1150 2820 1211 mit seinem alten skeptisch=melancholischen,
656 1163 1711 1251 Themastellung ist so sinnvoll, wie jene, die
1772 1195 2817 1268 spielerisch=resignierten Blick. Und da be¬
659 1223 1706 1283 Lessing einst mit der Aufschrift „Pope, ein
1782 1259 2818 1341 kommt die Blechrüstung ein Loch, und
676 1279 1710 1351 Metaphysiker“ verhöhnte. Aber man tut mit
1777 1310 2822 1396 die Sache geht schief. — Wenn es nun so
667 1343 1708 1419 ihr dem Wiener Dichter doch kein Unrecht,
1775 1372 2834 1445 aussieht, als wäre dieser Bernhardi ein
657 1404 1705 1469 denn er hat es selbst gewollt! Er, der Schöpfer
1775 1445 2827 1517 Held und Märtyrer, ist er nicht vielleicht
670 1463 1686 1523 und Bruder des „leichtsinnigen Melancholikers“
1785 1499 2823 1569 bloß ein Narr auf eigene Faust, ein Don
660 1520 1708 1593 Anatol, der wienerisch nachgiebige, skeptisch re¬
1787 1555 2823 1619 Quixote? oder ist er nicht einfach der sachlich
672 1579 1708 1651 signierte, nihilistisch spielerische Zuschauer im
1779 1608 2818 1673 berufstreue Arzt, der zu seinem Staunen und
657 1641 1716 1701 Lebenszirkus, er steigt plötzlich in die Arena
1780 1665 2821 1748 Entsetzen zwischen die Räder der politisch Ehr¬
656 1692 1717 1773 und gürtet den Leib — nun, nicht gerade in Eisen,
1777 1727 2824 1807 geizigen gerät? Das alles fällt dem klugen
656 1755 1710 1825 aber doch in das dröhnende Blech eines Ten¬
1788 1773 2829 1858 Schnitzler ein, und solange es ihn reizt, schreibt
661 1816 1708 1877 denzstückes. Die freie Wissenschaft steht gegen
1784 1847 2820 1919 er sein Stück— lang und breit durch viele
662 1875 1715 1937 den finsteren Aberglauben der Kirche, fühlende
1781 1902 2824 1966 witzige Dialoge ist es ohnedies — ein bißchen
668 1933 1718 2001 Menschlichkeit gegen dumpfes Dogma, schlichte
1771 1958 2812 2038 nach dieser Seite hin. Der Schluß zum Bei¬
660 1982 1713 2060 Herzenseinfalt gegen Heuchelei und Intrige
1777 2017 2825 2096 spiel, wo eine neue Wendung dem Professor
730 2048 1713 2108 hal walle Männerbrust! — Und alle Tan¬
1789 2085 2819 2154 Aufnahmeverfahren und Sieg verheißt und die
668 2107 1691 2171 tiemen des mannesstolzen „Probekandidaten“
1786 2136 2827 2204 Politiker sich wieder in umgekehrter Richtung
670 2168 1702 2245 winken von fern dem „Professor Bern¬
1788 2195 2832 2269 auf seine Sache stürzen, während er nun endlich
665 2217 1721 2294 hardi“ zu. Denn wie Dreyers Held für seine
1782 2254 2827 2330 seine Ruhe haben will, dieser Schluß stammt
663 2286 1711 2351 Ueberzeugung, daß Primaner darwinistisch auf¬
1777 2325 2822 2389 plötzlich aus der Komödie des ahnungslosen
666 2340 1718 2410 geklärt werden müssen, alles Ungemach erleidet,
1789 2375 2818 2440 Arztes, des Politikers wider Willen. — Vor
668 2398 1711 2458 so Schnitzlers Arzt für die betätigte Meinung,
1787 2430 2814 2502 allem aber entgeht der Schnitzlerschen Skepsis
669 2467 1714 2529 daß man die durch „Euphorie“ glücklichen letzten
1773 2501 2816 2567 auf die Dauer auch nicht, daß etwa auch die
669 2520 1714 2572 Stunden einer Sterbenden nicht durch den
1780 2546 2810 2617 anderen Recht haben könnten, und so stellt er
667 2575 1708 2644 Tod bedeutenden Eintritt eines Priesters ver¬
1776 2602 2828 2677 in einem großen, allzu pointierten Dialog den
666 2630 1718 2710 stören dürfe. Die Schurken, die Neider, die
1787 2664 2814 2726 Priester und sein Recht gegen den — hier
655 2690 1705 2761 Feiglinge, Konventionslügner, Streber und
1779 2725 2817 2794 wieder höchst prinzipiell freidenkenden — Pro¬
669 2748 1718 2826 Heuchler benutzen die Gelegenheit, um im
1781 2788 2825 2860 fessor und sein Recht. Eine Situation, gespannt
662 2809 1716 2871 Bunde mit Politikern und klerikalen Hetzern
1780 2837 2817 2917 und gleichgerichtet wie eine Tragödie — aber
660 2864 1705 2933 den selbstlos stolzen Professor Bernhardi aus
1786 2895 2825 2977 weil sie nur gedacht und geredet, nicht gelebt
672 2921 1706 2997 seiner Klinik zu jagen und sogar ins Gefängnis
1780 2955 2823 3021 und gestaltet ist, nur wirksam wie ein Feuilleton:
669 2984 1714 3058 wegen „Religionsstörung“ zu bringen. Zwar er
1774 3020 2817 3097 auf den Kopf, nicht aufs Herz. Und vor allem
660 3040 1719 3109 könnte das Schicksal wohl wenden, wenn er den
1769 3081 2812 3147 zerstören die klugen und gerechten Ab¬
669 3098 1719 3170 Intriganten den Gefallen täte, den erledigten
1777 3128 2832 3207 schweifungen, auch die feinen Schnitzlerschen
666 3163 1707 3223 Posten an seiner Klinik statt mit dem verdienten
1792 3188 2815 3260 Psychologien, die natürlich hier und da auf¬
658 3217 1717 3294 jüdischen Assistenten mit dem unfähigen arischen
1779 3245 2826 3313 tauchen, auch die klugen Witze über Judentum,
674 3284 1710 3346 Professor aus Graz zu besetzen — aber o wie
1777 3309 2813 3378 Medizin, Bureaukratie und Politik, am Ende
673 3333 1716 3396 edlen Zornes voll weist der Professor den
1779 3374 2817 3453 nur den ganzen Elan des biderben Tendenz¬
662 3390 1707 3459 schmählichen Handel von sich. Nun gerade wird
1782 3424 1963 3507 stückes.
665 3451 1706 3516 der jüdische Assistent gewählt und das Ver¬
1864 3496 2822 3576 Man könnte ja nun sagen, es gereiche
667 3508 1717 3590 hängnis nimmt seinen Lauf, und die Bösen
1783 3562 2824 3647 Schnitzler zum Ruhm, daß er solch erfolgreichen
663 3567 1599 3638 triumphieren, die Gerechten aber leiden.
1795 3619 2827 3688 Reißer nicht schreiben könne. Ich finde das
767 3622 1715 3683 Soweit wäre alles gut. Aber leider hat
1779 3677 2829 3754 nicht; nichtkönnen ist nie ein Ruhm. Daß er
680 3677 1715 3757 Schnitzler nicht des Kandidatendichters Dreyer
1781 3737 2818 3826 den Reißer schreiben wollte, ist vielleicht un¬
678 3745 1719 3841 frischfröhliches Gemüt und seinen handfesten
1019 4086 2523 4193 ee eee Weeeienrnneeneennesenn seeegeen
