3344 4352
210 197 1464 291 25. Professer Bernhandi
746 1247 1602 1320 24 PROFESSOR BERNHARDI: A PLAY
760 1304 1683 1369 of our youth and what became of it after¬
771 1364 925 1412 wards.
802 1376 1676 1440 Flint: Are vou holding that against me?
766 1428 1682 1476 I know that I fought against your enterprise.
757 1468 1688 1519 I did not believe in your institution; but that
777 1513 1696 1554 was my conviction at that time; we all make
762 1540 1697 1595 mistakes; but there is one thing, I never act
767 1588 1265 1645 against my convictions—
817 1611 1527 1673 Bernhardi: Are vou sure of that?
815 1654 1239 1711 Flint: Bernhardi!!!
798 1681 1681 1749 Bernhardi: Let me tell you. I am think¬
773 1727 1688 1788 ing of a case—when you acted directly against
767 1775 1108 1831 your conviction.
807 1797 1427 1861 Flint: Now this is too much!
1222 1838 1690 1896 (Walks up and down
821 1850 1200 1901 Bernhardi: Wait!
774 1888 1684 1936 the room a few times, and suddenly stands
782 1916 1694 1965 still.) We were both assistant physicians at
774 1950 1693 2005 Rappenweiler’s. A young man was a patient
773 1989 1685 2054 in our clinic. I see him lie before me now; I
767 2030 1688 2075 even know his name, Engelhart Wagner. Our
778 2064 1682 2115 chief—we all—had made a false diagnosis of
773 2112 1686 2165 his case. The autopsy revealed the fact that
771 2140 1703 2194 another treatment would have saved him. And
769 2178 1687 2231 as we stood there, when the fact was made
767 2222 1691 2266 clear, you whispered to me; “I knew it.“ Vou
779 2251 1691 2309 knew what was the matter with the patient;
767 2297 1392 2356 you had the correct diagnosis.
825 2338 1279 2391 Flint: The only one.
821 2365 1691 2424 Bernhardi: Yes, vou were the only one.
782 2400 1692 2465 Yet you carefully avoided, while he was alive,
776 2440 1696 2494 making it known. And why you did it is a
784 2479 1702 2531 question you may answer yourself. I do not
783 2520 1324 2586 suppose it was conviction.
825 2551 1697 2612 Flint: By Jovel you have a good memory.
778 2594 1705 2654 I remember the case, and I’lI admit that I
1583 187 2024 275 box 31/8
1917 1229 2772 1309 PROFESSOR BERNHARDI: A PLAY 25
1839 1295 2760 1352 considered the other treatment the right one;
1844 1346 2767 1385 and I will also admit that Ikept silent besause
1841 1387 2759 1429 I did not want to hurt the chief’s pride by
1849 1418 2774 1466 showing that one of his assistants knew more
1846 1462 2778 1505 about the case than he did. Vou have reason
1855 1495 2771 1534 to reproach me with sacrificing a human life.
1840 1576 2765 1615 understand. What was the one victim com¬
1843 1600 2771 1649 pared to the hundreds of other human lives
1849 1639 2683 1680 which could be entrusted later to my skill?
1893 1679 2775 1736 Bernhardi: And you think that Rappen¬
1837 1714 2622 1770 weiler would have turned against yon?
1876 1771 2770 1810 Flint: That is very probable. You over¬
1851 1798 2762 1846 rate humanity. You do not know how nar¬
1847 1842 2765 1887 row-minded people are. It might have meant
1848 1888 2772 1924 a long delay in my career, and I had to ad¬
1848 1914 2775 1970 vance rapidly to gain the proper sphere of ac¬
1845 1950 2775 1993 tion for my capacities, which even you cannot
1854 1996 2767 2040 deny. Therefore, my dear Bernhardi, I per¬
1853 2026 2772 2073 mitted Engelhart Wagner to die, and I am un¬
1848 2065 2769 2112 able even to regret it. For it does not matter
1852 2099 2767 2141 much, my dear Bernhardi, whether or not you
1850 2143 2760 2184 may act correctly, or even be true to your con¬
1839 2175 2762 2227 victions in some immaterial detail, the thing
1842 2215 2763 2252 is to serve the one main idea of your life with
1841 2254 2770 2301 faithfulness. It is interesting to me that you
1845 2297 2769 2334 bring this poor Engelhart Wagner out of his
1843 2328 2769 2376 oblivion; for suddenly I am able to recognize
1845 2377 2772 2412 the essential differences in our two natures.
1850 2401 2761 2448 You will be astonished, Bernhardi, to learn of
1839 2438 2770 2493 their capacity to supplement each other, as it
1854 2475 2776 2530 were. You, Bernhardi, are probably much
1843 2526 2768 2560 more than I what the world calls “a respect¬
1848 2549 2769 2591 able man.“ But whether you are more capable
1852 2590 2770 2651 than I to do more for the general good seems
