3344 4256
492 50 1697 132 wahr. Nur die Armen im Geiste und im Herzen werden¬
480 89 1682 176 in dieser Komödie eine Gefahr finden. Denn um was geht
476 155 1688 216 es zunächst? Es geht um einen Kampf der Menschlichkeit
489 202 1694 280 gegen das Dogma. Die Menschlichkeit will einem Ster¬
482 243 1679 308 benden seine Ruhe lassen, das Dogma will ihm die
484 289 1676 372 „Tröstungen der Religion““ spenden. Bernhardi verwei¬
481 346 1674 423 gert dem Pfarrer den Eintritt in das Sterbezimmer einer
482 398 1675 475 Kranken, die noch gar nicht weiß, daß sie sterben muß
479 439 1671 526 So wird die Menschlichkeit „religionsfeindlich“ und ein
477 494 1658 573 Stück, das einen solchen Konflikt behandelt, offenbar dei
479 536 1657 624 Staat und der öffentlichen Ruhe gefährlich. Dabei he
469 585 1630 671 Schnitzler eine durchaus vornehme Haltung bewahrt, e
468 634 1657 720 hat die Objektivität des Dramatikers bewährt. Sei.
469 689 1660 774 Pfarrer ist eine durchaus sympathische Gestalt, selbst ein
463 735 1654 828 Ringender, in dem innere Pflicht und Beruf im Krie,
462 782 1661 869 liegen und so kann es geschehen, daß er am Ende seinen
453 854 1667 915 großen Unterredung mit Bernhardi diesem die Hand reichen
458 885 1661 954 darf. Über den Abgrund hinüber. Aber in Österreich muß
449 929 1675 1021 jeder Vorgang sogleich ins politische Gebiet hinübergespielt
457 984 1669 1064 werden. Und so spinnt sich denn um den Fall Bernyardi
467 1032 1661 1120 sogleich ein Netz von Jutrigen, immer dichter und dichter,
457 1078 1656 1167 bis der arme Bernhardi wegen Religionsstörung in den
454 1137 1656 1212 Kerker muß. Dabei kommt denn freilich so manches aus
453 1176 1664 1256 Pampenlicht, was so manchem unangenehm ist. Aber wahr
444 1227 1653 1316 st es. Die Wahrheit aber ist ebenso staatsgefährlich wie
442 1289 1666 1363 die Menschlichkeit. Und es nützt auch hier nichts, daß
456 1332 1658 1421 Schnitzler auch diese Nebenpersonen der politischen In¬
443 1389 1659 1468 trigue so objektiv als ihm möglich zeichnet. Daß sogar
437 1432 1652 1496 dieser Unterrichtsmininer Flint, ein Streber großen
448 1463 1657 1577 Stiles, der in seinen Mitteln ohne Bedenken und Rücksicht
434 1519 1647 1621 ist, nicht ganz unsympathisch wird. Denn Schnitzler wollte
437 1570 1652 1662 kein Angriffsdrama schreiben. Dazu ist er nicht Dramatiker
446 1625 1645 1707 geung. Ich glaube sogar, man verkennt den Kernpunkt
435 1674 1645 1759 des ganzen Werkes. Er liegt nicht in dem Konslikt zwischen
433 1725 1629 1790 Menschlichkeit und Dogma, zwischen Arzt und Pfarter.
439 1772 1637 1851 Sondern in dem Konflikt in Bernhardi selbst. Bernhardi
439 1819 1639 1905 hat unter einem Impuls gehandelt, damit ist die Sache
446 1870 1651 1964 für ihn erledigt. Er denkt nicht daran, seinen Fall zu einem
438 1931 1628 2000 „Fall“ zu machen, er ist kein Theoretiker und kein Ideolog,
431 1979 1634 2053 er hat nicht das Zeug zum Märtyrer und Politiker. Und
426 2014 1639 2100 nun drängt man ihm die Rolle des Märtyrers auf, nun
428 2066 1634 2161 verstrickt man ihn in die Politik. Es gibt in diesem Kon¬
431 2113 1618 2204 flikt Gelegenheiten und Möglichkeiten, sich aufzuschwingen,
422 2164 1630 2248 ihn zugunsten der Sache, die er vertreten hat, auszunutzen.
426 2213 1623 2292 Er versäumt diese Gelegenheiten, er will von diesen Mög¬
419 2266 1629 2345 lichkeiten nichts wissen. Ein unpolitischer Mensch, der
420 2314 1623 2408 durchaus in einer politischen Komödie mitwirken soll, weil
414 2376 1621 2432 es nun einmal in Österreich so sein muß — das ist der
413 2415 1623 2511 innerste Kern des Schnitzlerschen Stückes, wieder einmal
413 2470 1610 2518 eine Seite der Tragik des Österreichertums. — Den un¬
422 2516 1611 2579 geheueren, weitläufigen Ban dieser fünf Akte zu gliedern,
416 2569 1606 2642 vollkommen zu beherrschen, bis in die letzten Winkel zu
409 2611 1617 2696 beleben, ist eine Aufgabe, an die man mit einigem Ban¬
413 2666 1612 2743 gen herantreten muß Herr Bing hat sich ihr mit einem
413 2715 1601 2790 ungemeinen Eifer, einer rühmenswerten Ausdauer unter¬
414 2771 1612 2848 zogen und einen außergewöhnlichen Erfolg errungen. Es
402 2817 1604 2895 gehört keine kleine Spannkraft dazu, nicht wenig rein
404 2859 1600 2940 physisches Vermögen, zwanzin sprechende Personen drei
408 2905 1593 2988 Stunden lang auseinanderzuhalten und scharf zu charakte¬
394 2962 1593 3034 risieren. Nur eine Sprechtechnik von seltener Vollkommen¬
398 3005 1600 3080 heit kann sich dieser Leistung unterfangen. Mit welcher
403 3055 1596 3154 Verve war etwa die Sitzung des dritten Aktes gebracht,
391 3109 1589 3186 in der Vernhardi abgesetzt wird. Oder die Unterredung
404 3156 1583 3240 wischen Bernhardi und dem Pfarrer — ein echt Schnitz¬
401 3204 1583 3284 lerscher Dialog mit Hin und Her und fast überreicher
398 3249 1587 3349 psychologischer Gliederung — wie kam die mit allen den
388 3300 1593 3399 feinen Nüancen zur Geltung. Manche der Personen setzten
391 3347 1590 3435 sich in der virtnosen Charakteristik Bings so scharf von
385 3395 1578 3481 der Umgebung ab, daß man sie fast zu sehen glaubte: der
392 3449 1591 3536 feine Gelehrtenkopf Pflugselders, der aristokratische Damen¬
375 3496 1581 3584 professor Filitz, der hastige. nervöse Tugendvetter, der ge¬
375 3544 1569 3628 schäftige, kleine, schwarze Dr. Adler und dieser ironische,
376 3588 1574 3680 überlegene und resignierte Hofrat Winkler. Läßt man
379 3650 1576 3732 die Reihe der Personen, die uns am 12. d. Herr Bing allein
376 3697 1585 3782 durch die Kunst der Sprechnüancierung lebendig machen
370 3737 1573 3825 konnte, noch einmal vorüberziehen, so ist nicht eine ein¬
368 3807 1569 3883 zige unter ihnen, die blaß oder schemenhaft wäre. Dabei
369 3849 1559 3924 war das Gedankliche bis in die letzten Enden erfaßt und
361 3888 1577 4000 man hatte das Gefühl, als sei dem Vortragenden Problem¬
1942 614 2450 718 Ausschnitt ausze #
2244 694 2512 766 Manttsche.
2727 677 2839 782 hal
1942 751 2476 842 B
2669 769 2813 859 1#nh
1965 853 2928 942 (Neue akademische Vereinigung.] Am Vorlese¬
1909 914 2930 976 sch der jüngsten Veranstaltung dieser Vereinigung
1895 971 2933 1040 rschien Herr Bing, Mitglied unseres Stadtthea¬
1896 998 2931 1087 ers, und las Artur=Schnitzlers „Professor Bern¬
1880 1065 2924 1126 hardi“, eine Komödie in 5 Akten, denen sich der 6.
1873 1110 2931 1182 der unbegreiflichen Beschlagnahme durch die Wie¬
1878 1160 2931 1219 ner Zensur und fast noch ein 7. anschließen. An
1882 1206 2935 1258 diesem „Professor Bernhardi“ hat sich die Schnitzler¬
1886 1251 2927 1323 sche Eigen= und Wesensart, seine unkräftige Weltan¬
1875 1305 2933 1348 schauung, seine müdweiche Lebens= und Denkungs¬
1878 1347 2927 1411 art, haben sich ferner alle Vorzüge und Nachteile
1874 1395 2928 1470 seiner früheren Werke wiederholt; allerdings stehen
1877 1445 2948 1511 wir einem anderen Milieu gegenüber, allerdings
1871 1489 2932 1559 sprudeln hier scheinbar andere Ideen: aber diese
1880 1520 2929 1606 Wnterströmungen münden alle in denselben geisti¬
1866 1584 2924 1663 gen Born, aus dem „Der Weg ins Freie", „Das
1872 1623 2937 1710 weite Land“, „Anatol“, „Liebelei“ usw. geschöpft.
1874 1677 2926 1746 Schnitzler, dessen Werke am ersten Tage so waren
1869 1716 2921 1778 wie am letzten, kennt keine Entwicklung, kein
1872 1776 2911 1830 Wachstum, besser gesagt keine Wandlung; al¬
1873 1808 2937 1870 len seinen Dichtungen eignet dieselbe ungewöhnliche
1861 1849 2929 1931 Breite, dieselbe Frontentwicklung, die Höhe aber,
1866 1899 2914 1980 das Hinansteigen fehlt ihnen aber gänzlich. Er kann
1863 1958 2916 2026 sich eben nur wiederholen. Gewiß hat er den Kon¬
1878 2005 2919 2076 flikt zwischen der flügelfreien Vernunft, der Frei¬
1875 2048 2924 2123 heit des vernünftigen Wollens und der Gebunden¬
1872 2093 2912 2169 heit des Dogmas interessant, ja fast ergreifend ge¬
1881 2144 2927 2215 staltet; gewiß hat er Gestalten und Verhältnisse auf
1874 2189 2915 2253 die Bretter gezaubert, die dem wirklichen Leben na¬
1870 2246 2920 2308 turgetreu entnommen sind; ob aber diese „Komödie“.
1867 2270 2914 2343 trotz aller dieser genannten Vorzüge einen glückli¬
1870 2337 2916 2402 chen Wurf bedeutet, ist eine Frage, die, wie K.
1868 2389 2911 2454 Kraus richtig meint, schon in nächster Zukunft ge¬
1867 2434 2918 2486 löst werden wird. Auch sie ist eben wieder viel zu
1869 2476 2912 2544 sehr Gedankenwelt, auch über sie ist wieder dieser
1874 2523 2914 2587 samtene Flor weicher, resignierender Phi¬
1870 2566 2919 2630 losophie gebreitet; und ihr fehlt die Bildner¬
1870 2610 2916 2684 kraft die Kraft überhaupt — und infolgedessen die
1871 2652 2923 2730 Fähigkeit zu begeistern, was ja bei jedem Dra¬
1869 2705 2906 2775 ma fast das Wichtigste, gewissermaßen der Prüf¬
1872 2754 2902 2819 stein für deren Zeit= oder Dauerwert bedeutet.
1876 2802 2913 2870 Schnitzler begeistert nicht: und das ist das Entschei¬
1863 2851 2905 2919 dende. — Herr Bing konnte zu den Veranstaltern
1856 2901 2913 2967 vor der Vorlesung mit Sachs wohl sagen: „Euch
1860 2947 2909 3011 macht ihrs leicht, mir macht ihrs schwer“. Aber er
1868 2986 2906 3055 bestand, bestand ganz vorzüglich. Wer 20 Rollen in
1861 3033 2910 3103 so origineller, scharf profilierter Unterschiedlichkeit
1854 3082 2912 3155 auseinander halten kann, wer jede Rolle so fein)
1866 3134 2909 3202 charakterisiert aus dem Geisie der Dichtung heraus¬
1866 3168 2906 3246 schälen, wer die Kontraste so gewaltig, fast nerven¬
1862 3233 2897 3292 zermalmend und die Stimmungen so packend, so
1862 3272 2908 3347 „ansteckend“ gut auslösen kann, der darf getrost sich
1858 3317 2903 3395 an die schwersten Aufgaben der Rezitationskunst wa¬
1855 3367 2901 3431 gen. Die Gestaltung einzelner Figuren war eine
1864 3405 2896 3484 derart lebendige, daß sie selbst auf den Brettern die
1855 3459 2916 3528 Illusion des Zuhörers nicht besser getäuscht hätten.
1840 3497 2903 3575 Herrn Bing, der über ein höchst ausdrucksvolles,
1849 3542 2898 3619 nuancenreiches Organ verfügt, wurde reicher Bei¬
1818 3578 2094 3663 fall zuteil.
2583 3604 2856 3666 Ditsch —
