3436 4256
293 75 1492 187 25. ProfessorBernhandi
387 286 621 380 3U11 1978
615 310 1397 429 Senn- u. Mostags Zailung, Wien
774 472 1015 547 —
435 524 1472 639 (Deutsches Volkstheater. —Volksbühne.) Nun hat auch
317 606 1453 665 das Wiener Publikum Schnitzlers Komödte Nrofpssor Bern¬
333 637 1468 726 hardi“ kennen gelernt. Diese gewit sehn gesteikt gezimmer¬
315 696 1472 771 ten fünf Akte sind trotz des jseiberteitigen Zeufurverbotes
330 752 1471 809 nicht übermäßig aufregend. Die großen artistischen Quali¬
330 801 1461 860 täten des Wiener Dichters kommen voll zur Geltung. Man
329 861 1466 916 erkennt seine scharse Beohachtungsgabe, seine Fählgkeit, Men¬
331 897 1459 957 schen dichterisch zu sezieren, sie gegeneinanderzustellen und
333 952 1455 998 im flüssigen Dialog ihr innerstes Wesen aufleuchten zu lassen.
337 1000 1468 1055 Die warme, starke Menschlichkeit Schnitzlers treibt gleich einem
335 1051 1466 1109 Springbrunnen leuchtende Raketen, die auch ihre Wirkung
329 1109 1465 1161 auf die empfängliche Galerie nicht verfehlten. Ueheraus
337 1133 1472 1207 sympathisch berührt auch seine loyale Unparteilichkeit, mit
333 1180 1468 1269 der er Licht und Schatten verteilt. Keine Partel, keine Kon¬
339 1248 1467 1311 fession, kein polltisches Bekenntnis kommt zu kurz oder
325 1292 1470 1345 wird auf Kosten der anderen Schale der Wage übermäßig
325 1342 1465 1392 belastet. Damit sind aber die Vorzüge des Werkes wirklich
331 1390 1471 1450 erschöpft. Eine konzise Handlung liegt nicht vor. Es wird
323 1449 1461 1507 unendlich viel gerebet, und man kann nicht behaupten, daß
330 1488 1464 1543 die Gespräche über Religion, Politik, Pflichten und die an¬
329 1535 1456 1591 deren nicht obligaten Schulgegenstände das Niveau der
327 1592 1460 1638 besseren Stadtjours — seligen Angedenkens — wesentlich
326 1631 1462 1700 übersteigen. Charakterisierungsmittel? Wahrscheinlich! Aber
331 1686 1465 1740 schließlich auch charakteristisch für den Verfasser. Peinlich
333 1735 1463 1792 wirkt auch das technische Detail, daß kaum ein Mensch die
332 1794 1465 1852 Bühne betritt, der nicht vorher seine Visitkarte hereingeschickt
330 1829 1470 1898 hätte, Gewiß durch das Milieu bedingt; trotzdem kann man
325 1881 1469 1937 sich des Eindruckes der Unbeholfenheit nicht entziehen. Das
322 1927 1469 1985 Deutsche Volkstheater hat sich dieses Stückes mit großer
315 1972 1472 2030 Liebe angenommen. Herr Bernau spielt die Hauptrolle;:
325 2030 1467 2077 breit, massig, auf festen Beinen. Nicht unsympathisch, aber
326 2089 1465 2142 auch nicht von jener penetranten Eigenart, die das Vordringen;
322 2129 1483 2187 des Direktors auf den ersten Platz rechtsertigen würde. Pracht¬
309 2160 1464 2243 voll Herr Edthofer, man kann nicht mit weniger Mit¬
313 2221 1460 2288 teln einen ganzen Menschen auf die Beine stellen. Herr
312 2280 1474 2341 Homma ist der geborene Intrigant; von geradezu hassens¬
306 2320 1478 2391 werter Echtheit. Lebendig die Herren Kutscher a, Fürth,
312 2380 1464 2440 unnachahmlich grotesk. Forest, das ganze Ensemble der
309 2421 1457 2462 Herren Onno, Elfeld, Goetz, Stein, Dietz und alle
318 2469 1470 2542 anderen auf das eifrigste bemüht, die Szeue plastisch und
318 2518 802 2588 interessant zu gestalten.
438 2569 1470 2631 Die „Volksbühne“ hat sich eine Dramatisierung Tok¬
319 2613 1477 2681 stols „Die Kreutzersonate“ geleistet, über die nicht viel
310 2669 1476 2729 Gutes zu sagen ist. Ihre beste Qualität ist, daß sie Rudolf.
308 2718 1454 2791 Schildkrant wieder einmal Gelegenheit gibt, eine seiner
317 2769 1464 2823 kernigen Figuren zu schaffen. Virtnos und voll lebendigster,
321 2813 1456 2864 echter Kraft ist diese seine Art, das männliche Tier in allen
312 2856 1471 2927 seinen Eifersuchts= und Affektsemanationen darzustellen. Auf.
308 2907 1460 2965 diesem Gebiete ist er ein unübertrefflicher Meister. Der junge
313 2963 1454 3014 Schildkraut, Marietta Weber, Frl. Fasser, Egon
307 3010 1452 3068 Fridell sekundierten, beziehungsweise teilten sich in die
320 3064 1478 3128 mit wenig technischer Geschicklichkeit zusammengeschusterten,
301 3103 1473 3186 Rollen aus dem berühmten Romane des russischen Dichters.
322 3160 920 3259 u ung den de e e ene
967 3235 1266 3322 Z3ut  1 9
675 3357 929 3457 Münene
781 3437 1059 3514 München
485 3527 1238 3619 Kunst und Wissenschaft.
406 3607 1410 3671 dt. [„Professor Bernhardi.“] Unser Wiener Korrespon¬
341 3644 1408 3708 dent telegraphiert uns: Arthur Schnitzlerz, Komodie
346 3671 1407 3737 „Professor Bernhardi“, die Jährelangs in Wien
354 3714 1413 3794 verboten war, erschien jetzt zum erstenmal auf der Buhne
352 3755 1401 3833 des Deutschen Volkstheckters. ### wirkie zündend.
345 3806 1415 3871 Die hohe Ueberlegenheit, in An dau##Dichter mit der
354 3843 1397 3897 politischen Lüge abrechnet, dad ####Menschentum, zu
339 3861 1409 3938 dem sich das Stück über #lle Tendettweg erhebt, ubten
347 3928 1447 3999 einen ungetoöhnlich starken Eindruck aus. Schnitzler
341 3961 650 4032 wurde beinbelt.
1656 108 2086 218 box 31/2
2547 136 3113 263 Wielt # 3PEZ 1976
2816 243 2988 331 Wien.
2145 347 3227 452 (Deutsches Volkstheater.) Zum erstenmal: „Profe
2051 417 3278 512 sor Bernhardi“, Schauspiel in fünf Akten von Arthur
2061 462 3277 564 Schnitzler-Professor Bernhardi, Jube, verweigert dem
2040 508 3276 605 kathokischen Priester Zutritt an ein Sterbelager. Das tut er
2047 558 3274 624 um der Euphorie der Sterbenden Willen. Und der akatho¬
2045 616 3267 692 lische Zuschauer sagt zu des Professors Menschenfreundlich¬
2047 657 3273 728 keit Bravo. Der Priester kann naturgemäß nicht Bravo
2050 706 3276 813 sagen, denn für ihn steht die Sache so, daß der Professor
2046 764 3276 824 der Sterbenden, um ihr das letzte irdische Viertelstündchen:
2038 804 3263 888 zu erleichtern, die nachirdische Ewigkeit wesentlich erschwert
2043 839 3259 925 hat. Also kann ein Katholik, der glaubt, wohl behaupten, daß
2046 895 3263 986 der Professor Bernhardi nicht menschenfreundlich gehandelt
2051 946 3271 1036 hat. Und Katholiken müssen solcher Behauptung ihr Bravo
2055 992 3265 1081 spenden. Der Konflikt ist ein reiner Glaubenskonflikt. Als
2049 1049 3261 1135 solcher kommt er im Schnitzlerschen Stück nicht zur Aus¬
2047 1104 3263 1178 tragung, kaum zur Sprache. Sondern eine Welle der un¬
2045 1140 3260 1216 reinen, die Stadt (die Stadt Wien) durchspülenden politi¬
2047 1192 3261 1276 schen Kanalwässer greift den Fall und zieht ihn in den ge¬
2042 1242 3271 1322 wissen „Strudel“ hinab. Neider, Intriganten, Böslinge,
2040 1288 3271 1373 Streber, Jesuiten und Talnudisten veranstalten eine Hetz¬
2025 1342 3283 1420 jagd gegen den Professor: Biedere, Gerechte, unbedingt
2028 1389 3265 1488 Kreuzbrave — ich brauche nicht zu sagen, daß ihr Wortführer
2034 1430 3273 1517 im Deutschen Volkstheater Herr Kutschera — stehen ihm
2028 1486 3260 1545 bei. Wir lernen Individuen kennen. Zum Beispiel: den
2034 1544 3260 1600 Unterrichtsminister, der seine Ueberzeugung um seiner
2026 1575 3265 1662 Ueberzeugung willen des Oefteren verrät, ins Geschäft der
2019 1621 3252 1711 Wahrheit Lügen investiert. (Das tut übrigens vor Gericht,
2034 1686 3271 1773 welches den Professor wegen Religionsstörung in den Arrest
2028 1723 3255 1797 schickt, auch der Priester.) Oder den gutartigen, frivolen
2030 1769 3248 1859 Hofrat, welcher in einem Nihilismus der Witzigkeit geistig¬
2023 1836 3274 1910 moralischen Unterstand gefunden hat. Oder Bernhardi
2021 1869 3276 1954 selbst, dem die Abweisung des Priesters eine Reflexbewegung
2031 1929 3252 1983 war und der sich nun dagegen wehrt, daß von Feind oder
2027 1971 3256 2050 Freund eine große programmatische Geste daraus gemacht
2015 2013 3265 2092 werde. Eine Persönlichkeit ist der Professor gerade nicht.
2029 2065 3261 2144 Aber offenbar sollte er das gar nicht sein, sondern schlecht¬
2013 2119 3259 2177 weg ein redlicher, gescheidter, wirkender Mann mittleren
2017 2168 3260 2265 Formats. Als solcher spielt ihn auch Herr Bernau, weich
2019 2216 3224 2269 in den Konturen, mit bescheidenen Mitteln inneren „Kern“
2012 2268 3260 2340 andeutend. Mit Kunst hat das Schnitzlersche Stück nichts zu
2017 2312 3264 2387 tun. Es ist eine sauber geflochtene, breite, fädenreiche De¬
2013 2369 3264 2434 batte, hineingewirkt Figuren und Bildchen aus dem politi¬
2014 2399 3245 2485 schen Wien von 1900. Die Szene Bernhardi=Priester, in der
2023 2456 3248 2532 das Stück sich vom Boden lösen und in kühlere, dunstlose
2013 2511 3249 2568 Regionen aufschweben will, erfüllt nicht ganz ihren Zweck.
2019 2560 3251 2629 Sie weht nur ein Düftchen besserer Schnitzlerscher Melan¬
2005 2591 3256 2680 holie heran. Gut dargestellt — Onno, Götz, Homma,
2020 2643 3260 2727 Edthofer, Fürth — hatte der Diskussionsabend, mit!
2018 2703 3255 2769 gesprengten Zensurfesseln leise klirrend, mächtige Publikums¬
2019 2745 3245 2824 wirkung. Die Zuhörer wurden der noblen Schnitzlerschen
2016 2794 3257 2874 Art, empfindliche Stellen zu berühren, ohne daß die Be¬
2012 2851 3204 2939 rührung tief ginge oder weh täte, dankbarst froh. A. p
2018 3098 2589 3200 T. SLEEROER:O 5
2057 3173 2848 3292 BEDIINER TAGBLAT
1892 3292 3104 3373 □ Schnitzlers „Professor Bernhardl“ in Wien. Felix
1838 3315 3078 3418 Halten telegraphiert uns aus Wien Arthur Schnitzlers Ko¬
1833 3364 3062 3435 mödie „Profissei Bernhardi“, die jahrelang in Wien ver¬
1826 3400 3062 3489 boten war erschien zum erstenmal auf dem Podium des Deut¬
1841 3454 3073 3528 schen Volkstheaters. Hier in Wien, wo die Zustände, die
1833 3493 3069 3562 Schnitzler zeichnet, in üppiger Blüte stehen, wirkte das Stück einfach
1834 3541 2828 3604 zundend. Die hohe Ueberlegenheit, in der da ein Dic
2822 3559 3145 3656 her mnst der. —
2763 3599 2800 3653 1
2092 3597 2753 3654 uNmm
1853 3636 3098 3697 politischen Lüge abrechnet, das reine Menschentum, zu dem sich das
1861 3650 3134 3739 Stuck über alle Tendenz hinweg erhebt, abten enen ungewöhnlich “
1846 3711 3081 3785 starken Eindruck. Schnitzler wurde stürmisch gerusen und beinbelt“
2002 3779 3082 3840 — „ kt „ 0l. 44za
