3344 4352
721 1270 1320 1386 „Professor Bernhardi.“
598 1360 1467 1449 Neueinstudierung im Deutschen Volkstheater.
345 1269 553 1481 4
616 1407 1490 1499 * Der samstägige Erfolg Artur Schnitzlers
587 1454 1482 1535 war eine eklatante Niederlage der Republik
588 1490 1490 1604 Österreich. Seine gegen' den Geist und die Insti¬
596 1551 1498 1636 tuti#n der Monarchie gerichtete Komödie trifft
577 1609 1509 1712 auch ins Schwarze der heutigen Atmosphäre, Es
292 1670 1514 1830 RO
1060 1789 1489 1863 DER TX□
311 1822 539 1874 Diensrag
307 1893 1529 1996 hat sich also nichts geändert. Schnitzlers Stück ist! Die dritte Insze
1306 1963 1529 2019 Das Mosl
371 1979 1227 2043 frisch geblieben, daß vieles darin geradezu
1226 1998 1518 2066 ter bringt im C
335 2015 1210 2096 umstürzlerisch anmutet, und das Publikum des
1234 2039 1526 2101 tag das musik¬
342 2071 1211 2140 dichtgefüllten Theaters ging nicht nur mit, sondern
1232 2084 1535 2136 nach Goldfaden,
1235 2122 1536 2178 persönlichen Lei
341 2114 1215 2183 unterstrich die treffendsten Stellen durch geradezu
1228 2150 1530 2213 zur Aufführur
329 2169 1219 2253 demonstrativen Zwischenapplaus. (Ein Wink für
1236 2198 1536 2262 Kostüme stamm¬
347 2208 1218 2282 Direktoren und Dichter, sich nicht vor revolutio¬
1240 2246 1547 2331 Uraufführung b
349 2278 934 2338 närer Aktualität zu fürchten.)
1253 2313 1516 2375 * Direktor
390 2332 1234 2383 Die Aufführung selbst war ausgezeichnet durch
1234 2361 1532 2419 Donnerstag ir
339 2371 1223 2445 Spielfreudigkeit und Lebenswahrheit. Die Gestal¬
1232 2395 1546 2451 bruck die Ur
348 2419 1230 2484 ten verfolgen einen in das Nichttheater. Wo bin
1244 2438 1546 2492 rers dreiaktig
1241 2478 1523 2540 bolschewik“
349 2468 1228 2547 ich Wilhelm Klitsch' Bernhardi wohl schon
1250 2501 1544 2574 auch am Rai¬
361 2516 1217 2591 begegnet? Oder Hommas Dr. Ebenwald? —
1249 2546 1544 2612 zur Erstaufführ
362 2558 1225 2629 Man muß sich gewaltsam aus diesem Ideen= und
1249 2594 1552 2656 im Verlag von
364 2612 1227 2675 Personenkreis losreißen, sich von der Fiktion be¬
1252 2635 1555 2719 Das Stadttheat
370 2660 1231 2731 freien, die angeschnittenen Fragen bei Gelegen¬
1277 2712 1329 2756 *
1325 2708 1563 2779 Das Sta
356 2711 1241 2783 heit weiterdiskutieren zu können. Das ist unbe¬
1251 2753 1464 2808 ab bis
365 2754 1234 2828 streitbares Verdienst des Dichters und seiner
1251 2754 1544 2852 Schwarz=R.
358 2817 584 2886 Darsteller.
1259 2829 1557 2899 ber stattfindet,
410 2842 1237 2932 Forests Spielleitung, im ersten Akt ein
1260 2888 1563 2964 Aus den Theat
283 2885 334 2962 3
362 2913 1246 2971 wenig farblos, sorgte für Bewegung, Tempo und
280 2946 364 3000 18
1299 2946 1548 3030 * Staats
375 2954 1257 3035 ständige Spannung. Er selbst als Dr. Löwenstein
296 2995 357 3046 in,
1261 2997 1532 3053 stellung „Die
374 3004 1249 3078 hielt sich vor Übertreibung nicht ganz fern.
1256 3024 1560 3091 der Walzer „An
369 3055 1244 3117 Kutschera, Schmöle, Lessen, Edt¬
1257 3078 1516 3128 den Damen
370 3104 1236 3174 hofer gaben ihren Figuren persönlichstes und
1264 3112 1550 3168 Raab, Fränzl K
306 3139 354 3185 er
1265 3158 1564 3215 rich und Herrn
372 3156 1251 3213 dadurch lebendiges Kolorit und Format. Böhms
1392 3198 1549 3255 Rena
384 3198 1263 3264 Hochroitspointner ausgezeichnet als Gesinnungs¬
290 3219 364 3290 er¬
1271 3230 1566 3298 Novität nach d
387 3247 1243 3310 scharlatan teutscher Observanz. Und ebenso be¬
1269 3272 1560 3331 Altschul—Franz
1133 3286 1240 3358 M.
389 3298 1020 3373 friedigend alle andern Darsteller.
1265 3314 1570 3370 Novität vorber
290 3331 371 3380 en
1268 3349 1565 3405 männlichen Har
1349 3396 1558 3456 Komödi
294 3396 724 3484 en, Die Opernwoche.
304 3444 1566 3521 Ao= * Die M#le##n. der Gonbtusel#n#n dos Ousen=Frung von An
1756 70 2984 129 mellen de e un  rege ere ehere r
1764 131 2989 177 und nicht bloß durch die filmistische Großaufnahme seines Voll¬
1762 181 2993 235 mondgesichtes, die die Regie am dunklen Nachthimmel erscheinen läßt.
1864 216 2985 265 Den Brutus spielt Herr Hartmann, dem immer die
1763 259 2991 308 Redlichen aller Welten und Zeiten anvertraut werden. Er hat
1766 314 2986 372 das, was man den Brustton nennt, und keiner redet ehrlicher
1758 367 2996 417 Ueberzeugung. Der Brutus Hartmanns hat auf dieser Linie auch
1778 409 2994 466 seine einprägsamsten Augenblicke. Was er nicht hat und wohin
1745 463 2989 515 ihn eine Führerhand leicht lenken könnte, ist die große Tragik;
1584 405 1737 542 Is“
1759 501 2997 565 denn Brutus ist nicht schlechtweg edel und ein ehrenwerter
1773 549 2995 608 Mann, sondern ein Fanatiker starrsten Republikanertums, der
1772 598 2995 653 um einer Idee willen sein Menschlichstes verleugnet und eine
1775 645 2995 704 furchtbare innere Tragödie erlebt, deren äußerer Abschluß ihm
1772 686 2987 748 nicht mehr zweifelhaft sein kann. Hartmann ist ausgezeichnet,
1761 747 2994 803 wo er nicht mehr zu geben braucht als sich selbst; das ist an sich
1776 786 2996 843 viel, aber noch nicht alles für Brutus, der nicht nur ein Helden¬
1777 843 2998 892 spieler, sondern auch ein Charakterspieler sein könnte. Dem Marc
1773 870 2999 936 Anton leiht Aslan nervöse Geschmeidigkeit und eine wache Intelligenz.
1772 932 3004 981 Manchmal noch zu nervös, noch zu geschmeidig, hat er namentlich in
1775 977 2995 1037 der Spielszene, wo er um die Freundschaft der Mörder Cäsars
1605 1002 1760 1053 Wer von
1777 1028 2997 1084 wirbt, ein paar glänzende Momente. Wenn er Verachtung und
1589 1045 1762 1088 ientschein
1592 1080 1759 1125 #et, kommt
1776 1072 2999 1127 Ekel bei der Berührung der blutigen Hände schlau verbirgt,
1584 1104 1742 1151 ewinnen.
1768 1124 2999 1172 kündigt sich schon sein gefährliches Doppelspiel an. Das rhetorische
1594 1135 1754 1185 Freisrätsel¬
1593 1174 1761 1220 # erfolgen.
1769 1171 3001 1231 Musterstück auf der Rostra, ein Meisterstück Kainzens, ist dafür
1592 1197 1750 1242 Oktober.
1583 1206 2996 1333 zu sehr durchdacht und zu sehr zerlegt, um so hinreißend
1763 1276 2994 1335 zu sein, wie es Brauch und Umstände erfordern. Wenn
1606 1326 2996 1376 Cäsar“ irgendwo, macht hier der Vortrag des Redners beson¬
1593 1357 2997 1417 rdramas deres Glück, sofern man die Anstrengung nicht merkt.
1601 1402 2994 1476 Weil sie Als Cassius bringt Herr Heine zwar nicht die Hagerkeit auf, aber
1618 1471 2996 1524 sie sich dafür ein Tempo im Wort, das glücklich bis zur Unverständlichkeit
1594 1510 2994 1565 un auchführt. Man weiß, was er will, aber nicht, was er sagt. Und die
1590 1557 1765 1615 's haben
1774 1554 2992 1608 übrigen? Figuren ohne Farbe, Theaterspieler ohne Antrieb,
1771 1602 3000 1669 Vertreter von Rollen, wenn nicht gar Zertreter. Aber es liegt
1585 1605 1762 1671 3 Cäsar“
1595 1649 2997 1726 ies vom nicht an ihnen allein; es liegt an dieser Art von Neueinstudierung,
1600 1699 1767 1774 in unter
1771 1700 3000 1769 die eine Angelegenheit von gestern, aber nicht mehr von heute ist.
1604 1750 1761 1813 nurmelt,
2365 1748 2957 1819 Leopold Jacobson.
1624 1779 1776 1863 „so ist
1637 1840 1782 1907 einen
1907 1842 2837 1932 Die Operettenbörse von Berlin.
1651 1892 1779 1951 einer
1860 1917 2913 1992 Emmerich Kalman spricht über die Wiener Operette.
1602 1940 1771 2001 gruppen
2032 1974 2738 2050 Privattelegramm des „Neuen Wiener Journals“.
1616 1991 1768 2052 abstürzt.
1635 2034 1776 2105 Fieben
2377 2022 2964 2101 Berlin, 10. September.
1643 2091 1778 2158 man
1867 2080 3007 2147 Der Theaterredakteur der „Berliner Nachtausgabe“ Erich
1642 2137 3005 2191 Miß- Krünes hatte ein Gespräch mit Emmerich Kalman über die
1665 2191 3006 2262 aber Wiener Operette. Krünes teilt darin in seinem Blatte folgendes
1637 2231 2998 2298 etwas mit: Da Hubert Marischka das Theater an der Wien einige
1655 2279 2998 2340 sagen Monate laug an Max Reinhardt verpachtet hat, der daraus eine
1682 2328 3004 2381 als Sprechbühne machen will, und da auch das Carl=Theater, das
1574 2353 3004 2435 lten: die Raimund= und das Bürgertheater anderen Zwecken dienstbar
1589 2431 3009 2492 Szene im wurden, ist die Wiener Operette in der Stadt, wo sie geboren
1598 2473 3000 2547 aus der wurde, so gut wie heimatlos geworden. (?) Trotzdem sei die
1572 2508 3001 2590 mpromiß Operette eine in der ganzen Welt immer noch gangbare Ware.
1570 2563 2874 2647 besondere Berlin, Paris, Mailand und New=York, Skandinavien
2870 2570 3000 2630 und
1585 2612 2862 2678 indlichen der Balkan spielen noch immer ihre Lieder
2886 2615 3012 2683 und
1584 2659 2036 2739 tbild bei Tanzschlager.
2539 2658 2671 2734 aber,
2726 2654 3017 2742 die diesen
2030 2665 2508 2740 Die „Börse“
1580 2704 3021 2787 Schluß Melodien die Fahrt in das Weltall ermöglicht, habe
1592 2744 1768 2816 daß ein
1767 2766 2999 2820 sich jetzt in Berlin etabliert und Unter den Linden einen vor¬
1586 2787 1763 2862 in neuer
1776 2819 3007 2875 nehmen Raum gefunden. Sie tage zwischen 2 und 4 Uhr nach¬
1613 2848 1763 2926 Cassius
1776 2863 3001 2920 mittags in der Halle des Hotels Bristol. In unauffälliger Form
1751 2905 3002 2971 werden an kleinen Tischen die Premieren der kommenden Saison
1572 2950 2997 3002 hawschen besprochen, die wichtigsten Verträge unterzeichnet und die inter¬
1578 3010 3008 3072 gefähr in essantesten Besetzungen ausgeklügelt. Regelmäßig trifft man hier
1579 3050 2997 3105 eare aus Benatzky, Robert Stolz, Lehar oder Ascher.
1572 3092 3008 3143 in Blick: Emmerich Kalman erzählt mit dem sicheren Phlegma des Erfolg¬
1568 3138 3009 3195 de passiv gewöhnten, daß die Wiener Operette noch nicht tot sei. Die
1585 3190 3010 3267 Gestirn, Verpachtung des Theaters an der Wien werde in Berlin schlecht
1579 3245 3002 3297 ven ihm verstanden. Sie bedeute nicht, daß die Wiener Operette im
1577 3295 3000 3348 die Kraft Sterben liege, aber der Markt habe sich nach
1592 3336 2994 3395 NichtBerlin verschoben, denn hier sei jetzt das Zentrum
1574 3381 3001 3434 mit einer aller deutschen Theaterinteressen. Von hier aus führe der Weg
1585 3436 1763 3497 schennah
1770 3437 2289 3509 in die weite Welt hinaus.
1574 3468 1781 3546 n eigenen
1861 3508 2998 3591 (Deutsches Volkstheater.) Artur Schnitzlers
1564 3527 1758 3595 ser schau¬
1562 3581 1749 3639 egen und
1762 3583 2990 3629 Aerztestück „Professor Bernhardi“, das lange im Archiv ge¬
1576 3620 2992 3679 sausdruck schlummert hatte, ist Samstag zu neuem Leben erwacht. Eine
1568 3665 2995 3721 chen hat.sorgsame Neueinstudierung unter der Spielleitung Karl Forests
1567 3724 2983 3780 en, daß ließ den satirischen Geist des immer noch aktuellen Dramas in
1576 3762 2994 3842 rutus die allen Farben schillern. Des Helden starre Redlichkeit überzeugt
1598 3812 2986 3874 Werner auch jetzt noch. Wie ein unerschütterlicher Fels ragt
1557 3868 2998 3934 uch nach= seine Gewissenstüchtigkeit auf, inmitten einer wildbewegten
1659 3928 2890 4031 Weie deren hanst un uicht —. Gr beschren e, uentrin
