3436 4256
1564 236 2027 317 box 31/6
208 238 1447 340 25. Professon Bernhandi
1395 1317 2280 1377 führen. Wie in den meisten seiner Stücke bleibt
2303 1324 3201 1375 ganzer Erfolg und Tragik zugleich es ist, Undank
2297 1361 2521 1424 zu ernten.
2710 1365 3171 1433 Alfred Maderno.
1394 1372 2278 1424 auch hier nur eine gewisse ironische Resignation.
442 1328 1366 1435 Aerzte polemisieren ...
1432 1408 2281 1469 Auch für seine Zeit konnte dieses Werk keine
448 1439 1356 1519 Schnitzler: „Professor Bernhardi.“
1379 1451 2280 1508 Entspannung aktueller Krisen bedeuten. Seine
1388 1493 2284 1544 Gestalten jedoch, politische und berufliche Streber
2319 1437 3200 1561 Aus den Berliner Konzertsälen.
487 1490 1342 1573 Theater in der Königgrätzer Straße.
1389 1519 2292 1576 mit wirkungsvoll abgestuften Temperamenten und
2448 1544 3070 1625 Strawinsky bei Klemperer.
495 1548 1368 1607 Sobald Schnitzler den Rahmen des erotisch
1391 1570 2278 1622 Repräsentanten typischer Weltanschauungen und
459 1599 1374 1649 pointierten Konversationsstückes sprengt, sobald
1381 1605 2292 1657 Lebensauffassungen, können in keiner Zeit und
2336 1597 3212 1668 Im vierten der von Otto Klemperer bei Kroll
1393 1634 2285 1692 unter keinem System an Lebensechtheit einbüßen.
463 1649 1370 1694 er seine Menschen, die er ja immer aufs sorg¬
2297 1638 3213 1705 dirigierten Sinfoniekonzerte wurde Igor Stra¬
1382 1666 2283 1722 Sie bieten in ihrer unübertrefflichen Charakteri¬
2304 1683 3219 1739 winsky lebhaft gefeiert. Er spielte zum ersten¬
451 1685 1368 1756 fältigste zeichnet, einer Tendenz unterordnet, die
1386 1718 2280 1765 sierung so dankbare Rollen, daß sie bei guter
2301 1714 3215 1776 mal den Solopart seines neuen Capriccios für
450 1726 1370 1780 nur mit konsequenten Naturen durchzufechten
1397 1758 2286 1816 Besetzung f# die rhetorischen Breiten des Stückes
2303 1760 3211 1801 Klavier und Orchester, spielte ihn elegant, mit
451 1772 1381 1821 wäre, sobald seine Ironie politisch und philo¬
1396 1791 1785 1858 vollauf entschödigen.
2309 1798 3221 1844 federndem Temperament, so daß das dreisätzige,
458 1817 1372 1860 sophisch sich bis zur Kritik von Weltanschauungen
2303 1837 3214 1875 scheinbar leicht hingeworfene, in Wirklichkeit aber
1433 1819 2283 1894 Die Aufführung unter der Regie Victor
459 1855 1377 1915 erhebt, verliert er als Klügler die Balänce des
2295 1873 3216 1925 ziemlich kniffliche Stück, unterhaltsam vorüber¬
1385 1883 2281 1939 Barnowskys verlief in jener echt österreichischen
460 1890 1372 1944 Geistes, und der dramatische Konflikt ballt sich ihm
2298 1906 3215 1957 zog. Nicht ganz so amüsant war seine voran¬
1386 1909 2289 1967 Atmosphäre, die auch in erregten Momenten
450 1933 1376 1991 aus der nächstbesten Situation, die er als Rou¬
2297 1953 3221 2000 gehende Ballett=Allegorie „Der Kuß der Fee“, die
1399 1956 2288 2005 immer noch eine gewisse Behaglichkeit aufkommen
1271 1985 1368 2026 un¬
2308 1988 3220 2039 Klemperer mit großer Hingabe den Hörern nahe¬
447 1979 1225 2042 tinier immer geschickt zu erfinden weiß
1392 1992 2281 2049 läßt; sie zeigte ferner ein Aerztekollegium, wie
2306 2023 2667 2076 zubringen suchte.
2697 2019 3220 2078 Ein ziemlich wässer zes,
452 2016 1364 2091 bekümmert darum, was aus dem Konflikt selbst
1391 2031 2275 2088 man es sich differenzierter nicht denken könnte.
2311 2056 3223 2114 schwach gewürztes Gericht mit einigen Brocken
452 2067 602 2132 wird.
1384 2070 2292 2125 Jede Maske, jede Geste bildete den Ausdruck
2299 2094 3217 2149 Tschaikowsky darin. Dem Gedächtnis dieses
1394 2107 2283 2161 einer, wie auch immer gearteten, durch und durch
487 2106 1371 2183 In einem Wiener nichtstaatlichen Krankenhaus
2308 2136 3217 2187 Meisters hat Strawinski das Ballett ge¬
1381 2147 2284 2195 betonten Persönlichkeit. Da war Felix Bres¬
461 2153 1366 2220 fordert der katholische Priester Zutritt zu einer
2302 2166 3210 2215 widmet. Es sei keine Bearbeitung Tschai¬
1393 2189 2282 2241 sarts Dr. Cyprian eine liebevol Erinnerung
2293 2202 3214 2258 kowskys, wie es in der (recht dürftigen) Pro¬
459 2204 1372 2270 Sterbenden, den ihm der dirigierende Arzt jedoch
1401 2220 2288 2272 an den vergeßlichen Professor der „Fliegenden
2300 2248 3214 2303 grammbucherläuterung heißt, sondern ein „Ex¬
461 2249 1383 2313 verweigert, weil er der Kranken, die sich des
1396 2258 2280 2312 Blätter“: Georg Schnell's Frauenarzt Dr. Fi¬
2309 2286 2535 2335 periment“.
2541 2277 3216 2335 Nun, Experimente gelingen ja
457 2297 1367 2352 Ernstes ihres Zustandes nicht bewußt ist, die
1377 2293 2285 2363 litz, gepflegt, selbstgefällig, Emotionen nur aus
2303 2317 3210 2379 manchmal daneben und werden, wie hier, zur
1393 2334 2282 2390 rein persönlichen Interessen fähig. Emil Ma¬
461 2328 1373 2384 Qual der Todesfurcht ersparen zu müssen glaubt.
2301 2357 3217 2408 Geduldsprobe. Ob die Zuhörer wohl so freund¬
1389 2382 2280 2426 melok, Heinz Salfner, Erwin Kalser und
458 2379 1372 2429 Der Kenner österreichischer Verhältnisse der
2300 2397 3215 2446 lich Beifall gespendet hätten, wenn ihnen das
1404 2413 2291 2472 Harry Hardt — temperamentvolle Verfechter
462 2423 1368 2468 Vorkriegszeit kann sich verschiedener Fälle er¬
2303 2433 3213 2485 Stück unter einem anderen Autornamen ge¬
1397 2463 2286 2501 der von ihnen vertretenen Anschauungen. Ganz
452 2457 1365 2511 innern, in denen es zwischen Kirche und Arzt
2789 2469 3211 2532 Die G=Moll=Sinfonie
2717 2480 2795 2520 —
2308 2470 2728 2520 boten worden wäre?
1392 2492 2283 2547 schlicht, vielleicht etwas zu bewußt einfach Fritz
458 2509 1370 2560 zu ähnlichen Konflikten gekommen war, die ihre
2306 2513 2926 2573 von Mozart beschloß den Abend.
1389 2525 2281 2573 Kortners Professor Bernhardi. Ohne Sieger¬
460 2553 1372 2599 Ursache in der Regel in politischen Gegensätzen
1402 2556 2284 2618 pose im Bewußtsein ethischer Ueberlegenheit, aber
457 2592 1374 2644 hatten und zumeist auf die gemischtsprachigen
1398 2597 2287 2656 doch zu sehr darauf bedacht, auch in der un¬
2342 2594 3220 2652 Ludwig Heß hat ein Ensemble von zwanzig
464 2631 1380 2687 Grenzländer beschränkt blieben. Schnitzler über¬
1404 2640 2282 2691 umgänglichen Resignation die Würde und Größe
2307 2637 3221 2686 Gesangssolisten zusammengestellt, um mit ihnen
454 2669 1368 2729 trägt gewinnen (Einzel-) Fall in den Bereich kon¬
1398 2680 2282 2733 der Persönlichkeit zu wahren. Paul Ottos
2310 2681 3215 2725 allerhand Rares aufzuführen. Der erste Abend,
1396 2719 2283 2779 Minister Flint war das ergötzliche Bild aal¬
458 2723 1370 2773 fessioneller Gegensätze. Die eigentlichen ethischen
2306 2719 3211 2758 der vor einem großen Zuhörerkreis in der Sing¬
1403 2760 2280 2809 glatten, nach außen hin untadeligen Strebertums,
2313 2755 3211 2808 akademie stattfand, brachte deutsche, russische und
469 2762 1367 2812 Beweggründe des Arztes werden von politischen
1404 2800 2286 2851 Paul Hörbigers Hofrat die Verkörperung
2308 2801 3215 2846 italienische Volkslieder und volkstümliche Ge¬
458 2809 1373 2861 und persönlichen Feinden umgedeutet zu grund¬
1404 2834 2287 2881 einer Lebensweisheit, die trotz Vermeidung der
2315 2836 3210 2883 sänge ohne Begleitung. Es braucht kaum aus¬
471 2842 1379 2899 sätzlicher Gegnerschaft gegen die christliche Reli¬
2304 2865 3219 2918 drücklich versichert zu werden, daß der ausge¬
1402 2872 2287 2917 letzten Konsequenzen auch ans Ziel gelanat, näm¬
465 2874 1394 2943 gion. Eine Gerichtsverhandlung kinter der Szene
2308 2914 3218 2961 zeichnete Musiker (und gewandte Dirigent!) Lud¬
1398 2908 2285 2959 lich an die Grenze des gesellschaftlich Möglichen,
460 2932 1369 2998 führt zur Verurteilung des Arztes wegen Reli¬
1399 2943 2290 3000 die auch vor problematischen Naturen nicht zurück¬
2306 2937 3213 3003 wig Heß alles auf das sauberste studiert hatte.
465 2973 1382 3016 gionsstörung. Schnitzler verläßt den Boden des
2309 2972 3216 3032 Daß Solostimmen, je mehr Eigenprägung sie be¬
1394 2986 2281 3036 weicht. Ernst Stahl=Nachbaur gab den
457 3010 1381 3066 Theaters, um in ausgesponnenen, wenn auch dra¬
2318 3024 3214 3071 sitzen, in kleinen Gruppierungen nicht recht ver¬
1401 3019 2290 3072 Priester, der den Menschen hin.er Berufspflicht
463 3059 1382 3106 matisch belebten parlamentarischen Debatten die
2302 3050 3219 3119 schmelzen, ist eine alte Erfahrung, die sich wieder
1403 3061 2290 3115 und Standesvorrecht verbirgt, Rudolf Platte
2296 3093 3211 3135 bestätigte. Einen runden, angenehmen Klang gab
468 3097 1372 3146 Sache einer höheren Menschlichkeit zu verfechten.
1452 3094 2288 3158 um noch einen Namen aus der Fülle durch¬
2302 3133 3210 3187 indessen (mancherlei Mißgeschick in der Intonation
1397 3141 2293 3192 weg verdienter Mitwirkender zu nennen — den
461 3144 1380 3206 Trotzdem gelingt es ihm nicht, den Konflikt bis
1368 3163 3233 3239 typischen österreichischen Gschaftelhuber, dessen nicht gerechnet) das ganze Ensemble. Eine Reihe
466 3186 1374 3255 zu einer wirklich überzeugenden Lösung durchzu¬
2102 3353 2222 3425 4
2535 3362 2903 3463 —0
465 3429 579 3510 70
580 3419 1005 3517 DrEt
1078 3319 1919 3529 -CLelecen
