3392 4384
1646 183 2085 278 box 31/4
285 195 1482 281 25 ProfesserBernhandi
1583 592 1783 663 wietter
2597 633 2731 715 D.
1245 650 2192 795 Allgemeine Zeitung =
1653 779 2579 856 hardi und Unterrichtsminister und Bern¬
741 774 1656 855 auflodernden Redlichkeit da. So er es,
1672 855 2592 898 hardi—Priester lösen sich die Probleme vom
744 843 1659 899 nehmt alles nur in allem: ein Mann, kein
2677 824 2749 907 4
1672 893 2581 954 rein Stofflichen und erheben sich in die Welt
753 896 1647 952 „Heldenspieler“, ausspricht: sind Wort und
1672 935 2572 996 des Allgemein=Menschlichen und Ewig¬
744 942 1648 1007 Mann in der Tat eins und geläutert schlägt
1664 988 2579 1061 Gültigen. Die schlagend scharfe Diktion des
737 998 1643 1055 das zweifelvollste Herz. Licht= und schlicht¬
1674 1052 2577 1110 abstrakt=geistreichen Dialoges ist von einer
744 1045 1645 1107 umflossen steht dieser römische Gregers
1666 1079 2591 1154 kaum spürbaren leichten Ironie umweht
743 1093 1651 1155 Werle da, ein Pathetiker ohne Pathos,
1682 1118 2587 1211 und führt über die tiefsten, heiklichsten
753 1140 1395 1205 schnurgeraden Knabenherzens.
1675 1186 2461 1261 Probleme hinweg, ohne zu verletzen.
815 1194 1650 1265 Erlebnis durch den Schauspieler (der
1753 1245 2576 1309 Die gelungenste Figur des Abends
737 1240 1645 1304 den Dichter bestätigt?): Brutus wird zur
1680 1295 2394 1359 stellte der sarkastisch=nonchalante
2416 1295 2588 1357 Hofrat
746 1295 1648 1347 tragischen Gestalt des Dramas, zum lyrisch
1676 1340 2577 1396 Herrn Edthofers. Wilhelm Klitsch spielte
752 1342 1645 1417 umschimmerten Opferer und Opfer. Auch
1674 1390 2583 1458 den Bernhardi, einfach, stark, gerade, mit
744 1393 1651 1462 dies: Der „edelste Römer“ mit und aus
1668 1444 2584 1506 eindringlicher Gescheitheit und maßvoller
743 1442 1643 1499 der Selbstverständlichkeit eines Wesens,
1669 1491 2582 1542 Zurückhaltung. Auch die übrigen Darsteller
750 1507 1647 1561 nicht einer noch so stupenden Fähigkeit, ist
1731 1542 2580 1604 Homma, Skraup, Schmölle, Brandt,
753 1539 1653 1605 mehr als Theater, wenn nicht Theater der
1672 1583 2585 1653 Forest, Meixner und in der einzigen
750 1596 906 1654 Seele.
1682 1628 2718 1713 Frauenrolle Frau Markus — boten aus= sichtl
813 1643 1655 1709 Seine Portia ist jetzt die junge Elisa¬
2585 1686 2707 1742 ein
1668 1687 2578 1750 gezeichnete Leistungen. Das Publikum
746 1691 1647 1741 beth Kallina. Mit schönem, vollem Fall der
1670 1734 2726 1809 bereitete dem Werk wieder eine begeistertej theat¬
744 1738 1651 1800 Worte, die Geste noch immer ein wenig
1674 1785 1921 1854 Aufnahme.
749 1793 1087 1862 fahrig führend.
813 1833 1654 1900 Umflort und schattenschmal spricht
2536 1830 2731 1941 Har
747 1888 1656 1939 Aslan die hohen und reinen Worte zu
750 1937 1667 2001 Brutus' Gedächtnis. Klar und klug zeichnet
754 1987 1663 2039 er die verborgen glitzernde, weiche Tücke
750 2040 1663 2094 des Marc Anton, mit behutsam blitzenden
746 2085 1662 2159 Strichen den lächelnd scharfsichtigen
755 2138 950 2201 Viveur.
826 2167 1662 2247 So türmt er auch die Forumrede auf:
745 2231 1626 2286 Aus der geschmeidigen Berechnung des Zu¬
750 2281 1659 2344 falls, schwankend, tastend, horchend, wit¬
755 2333 1662 2388 ternd und schließlich mit Katzengriff und
756 2390 1662 2439 Tatzenschlag zufahrend. Es ist eine Art
739 2430 1670 2506 furioso maestoso, gesteigert und gepeitscht
745 2485 1672 2545 von einer beinahe schmerzlichen Menschen¬
750 2535 1415 2597 verschwendung und =verachtung.
814 2581 1663 2639 Wie schön, wie schmeichlerisch, wie voll
755 2631 1662 2698 schwermütiger Heimtücke sind oft Schritt
757 2666 1660 2738 und Schwung, List und Lächeln dieses ge¬
754 2725 1618 2808 borenen Darstellers gefährlicher Grazie!
838 2781 1040 2841 Schade!
837 2816 1663 2882 Schade, daß dieser edle Brutus und
753 2867 1666 2932 dieser funkelnde Marc Anton nicht von
754 2934 1673 2986 einem Regisseur, der selbst Gewicht und
746 2979 1662 3031 Gesicht hat, über derart strahlende Ansätze
750 3023 1663 3085 zur höchsten und letzten Gestaltung mitge¬
752 3077 1665 3132 rissen werden, daß dies Gequirle aufgeregt
754 3121 1657 3182 unstudierter Massen= und deklamatorisch
745 3167 1667 3238 klappernder Einzelszenen auch durch den
752 3198 1674 3275 ehrsamsten Reprisen=Fleiß nicht getilgt, die
759 3264 1663 3326 Wiedergabe dieses enthüllend erhabenen
755 3313 1668 3380 Seelendra, nas nicht aus Gleichmas und
752 3373 1667 3425 Gleichgültigkeit gerissen werden konnte, daß
749 3418 1667 3482 Gleichmaß, nicht im besten Sinn, und
1672 3394 1790 3480 seir
750 3473 1657 3525 Gleichgültigkeit sichtlich über diesem ganzen
1672 3474 1779 3533 15.
745 3518 1783 3595 Abend schwebten. (Und warum? Außer,weil Bei
761 3563 1658 3619 man füglich von Herrn Heine nicht zugleich
1675 3568 1780 3638 kon
759 3611 1663 3678 die, übrigens nach wie vor markante Dar¬
1677 3623 1784 3681 vol
755 3666 1654 3728 stellung des Cassius und die Riesenarbeit
1681 3668 1774 3738 „I
760 3700 1665 3769 einer Gesamtleitung dieser Art fordern
1669 3714 1779 3787 „N
764 3758 881 3821 darf.)
824 3800 1658 3870 Und daß also, offenbar, dieser Regisseur
1670 3813 1793 3880 Mi
764 3860 1658 3928 von Gewicht und Gesicht noch immer fehlt.
1681 3873 1786 3931 spie
1095 3910 1624 3980 Ludwig Ullmann
1682 3969 1742 4020 to
892 4012 1561 4114 Professor Bernhardi
861 4111 1586 4173 Reprise im Deutschen Volkstheater
