3344 4352
234 156 415 240 25
673 171 784 223 5 S C
426 163 1434 262 Bernhardi
571 931 805 1006 1IFEB. 19 1
868 985 1001 1071 TU
695 1100 1178 1214 Stadttheater.
490 1202 1419 1287 Professor Bernhardi. Auf zahlreiche
439 1273 1428 1327 Anfragen aus dem Publikum, ob die Aufführung
451 1318 1436 1378 des Schnitzlerschen Werkes auch für die Jugend
443 1380 1430 1425 und namentlich für Mädchen geeignet ist, wird
448 1416 1431 1483 mitgeteilt, daß das seinerzeitige Aufführungs¬
450 1467 1422 1519 verbot nicht etwa aus gegen die Ethik verstoßen¬
447 1511 1442 1571 den Gründen erfolgte, sondern nur, weil dem
447 1565 1431 1623 Stücke von der Zensur eine andere Tendenz
446 1623 1423 1680 zugeschoben wurde, welche Schnitzler aber nie
447 1675 1427 1726 und niemals verfolgte. Arthur Schnitzler
442 1721 1439 1780 hat mit diesem köstlichen Schattenspiel nur die
444 1760 1428 1825 Zustände öffentlicher Anstalten im „guten Alt¬
459 1804 1422 1863 Oesterreich“ beleuchten wollen. Professor Bern¬
457 1859 1424 1920 hardi ist die Tragikomödie des anständigen
455 1911 1431 1961 Mannes, und wird ihm ein stramm organisiertes,
448 1958 1432 2011 „Hochwitz=Pointertum“, gegenübergestellt, eine
459 2007 1437 2074 fein zusammenhaltende Gesellschaft von Brüderln
450 2054 1443 2116 mit akademischen Graden. Die Gemeinheit in
457 2102 1431 2161 allen Formen, die schlichte Gemeinheit, die be¬
450 2158 1438 2221 gabte Gemeinheit, die nackte, uninteressante, nur
454 2203 1434 2271 an sich selbst vergnügte, die unfähige und die
457 2249 1433 2319 prachtvoll geistig maskierte treten Bernhardi
453 2300 1442 2364 gegenüber und veranstalten das Kesseltreiben, von
459 2352 1439 2409 dem ein Kandidat gemütvoll meint, es werde
457 2407 1437 2462 dem Direktor das Genick brechen. Das Stück
468 2451 1456 2504 entspringt aus einer Spitalsepisode, einer Situ¬
461 2511 1431 2556 ation in der Bernhardi nur einfach das tut, was
463 2557 1433 2609 inneres Gefühl und bestes Wissen erheischen.
461 2596 1436 2651 Und darum ist der Brennpunkt des Stückes
457 2645 1446 2702 nicht die Polarität des einen oder anderen
463 2688 1441 2757 Glaubens, die Anlaß des Konfliktes bilden soll,
458 2756 1443 2811 sondern die Polarität des anständigen Mannes
461 2795 1446 2857 und der vielfältigen Gemeinheit, die sich gegen
452 2843 1440 2898 ihn verbindet. Schnitzler ist im Bernhardi ein
463 2888 1445 2962 strengerer und betrübterer Moralist als bisher.
1610 148 2032 235 box 31/3
1908 404 2149 494 AFERIS
2415 399 2872 513 tzer Zeitung
2186 561 3078 674 „Professor Bernhardi.“ Komödie in 5 Akten
2107 608 3083 717 von Arthur Schnitzler Die Direktion hat uns zu ihrem
2645 647 3094 726 ###heiten nicht gerade ver¬
2125 699 2413 769 zihenen Schibee
2123 691 3088 807 wöhnt. Der große Erfolg der Schnitzlerschen Komödie
2126 726 3093 842 wird hoffentlich darin eine Wandlung schaffen. Professor
2122 764 3095 881 Bernhardi hat einem Pfarrer den Eintritt zu einer Kran¬
2126 808 3103 922 ken verwehrt, da diese knapp vor ihrem unausbleiblichen
2126 844 3112 953 Ende in dem Zustand der Euphorie, jenem glücklichen
2129 894 3110 998 Zustand völliger Ahnungslosigkeit und großer Hoff ungs¬
2134 924 3109 1049 freudigkeit sich befindet und er in menschlicher Weise der
2145 961 3126 1074 armen Kranken diesen letzten Gläckstrauin nicht stören
2141 1013 3118 1115 will. Die Kranke erschrickt, als sie ohne Wssen des Pro¬
2148 1035 3123 1149 fessors von der Schwester Ludmilla „schonend“ auf den
2157 1080 3124 1190 Besuch des Seelsorgers vorbereitet wird und stirbt, ohne
2157 1120 3125 1233 die Tröstungen der heiligen Religion empfangen zu haben.
2160 1169 3124 1268 Die Sache wird von politischen Parteien freudig aufge¬
2165 1209 3120 1316 griffen, aufgebauscht und geht — siehe Wahrmundaffäce —
2170 1250 3148 1369 den im alten Oesterreih beliebien Weg: Inlecpel###
2660 1291 3144 1347 ##hritihen Ministers vor
2279 1328 3153 1392 #igen Partei und Verurteilung des Professors
2183 1374 3158 1432 auf Grund falscher Zeugenaussagen. Wird ihm auch die
2182 1411 3163 1472 Genuginung, daß der Pfarrer selbsi die Rechtlichkeit seines
2188 1454 3160 1512 Handelns anerkennt, daß sich die Zeugenaussage der Kran¬
2172 1501 3162 1550 kenschwester als falsch herausstellt, Prof. Bernhardi ver¬
2182 1526 3155 1593 zichtet auf eine Erneuerung des Prozesses versichtet auf
2182 1561 3161 1632 die Abrechnung mit dem Minister und findet, angeekelt
2179 1617 3157 1664 von den sozialen und politischen Verhältnissen, Trost in
2174 1655 3162 1720 seinem edlen Berufe, der leidenden Menschheit ein Retter
2177 1695 3163 1759 und Helfer zu sein. Professor Bernhardi ist kein Reformaior,
2180 1742 3165 1788 keine Kampfnatur wie Ludwigs Erbförster oder Kleists
2181 1768 3169 1825 Michael Kohlhaas, sondern er hat aus rein menschlichem
2179 1816 3169 1863 Gefühl gehaudelt und ist gern bereit, soweit es sich um
2187 1861 3164 1912 seiner Ehre verträgt, die unliebsame Geschichte aus dem
2178 1889 3162 1946 Wege zu schassen. Er will kein Märtycer sein und weißt
2184 1920 3171 1993 jede Verhindung mit einer Partei, die seinen „Fall“ für
2190 1956 3166 2034 ihre Zwecke ausnützen will, ab. Er ist der Mann, der
2178 2010 3171 2083 der Stimm= der Menschlichkeit folgt, wie der Pfareer
2186 2048 3162 2101 Reder der der Kirche. Und so kann von einem einsettigen
2191 2078 3184 2143 Tendenzstück nicht die Rede sein, denn auch der Gegenpartei
2168 2119 3177 2207 Twirdein dem Pfarrer, der kein Eiterer sondern ein demü¬
2202 2166 3167 2222 ger Sohn der Kirche ist, volles Recht. Der Kampf, den
2201 2206 3166 2269 Schnitzler führt, gilt nicht dem Glauben, sondern jenen
2197 2230 3176 2302 Dunkelmännern, die nach der Volksgunst haschen und ihre
2203 2286 3176 2350 Süppchen an dem entfachten Feuer kochen, jenen Dunkel¬
2196 2324 3167 2385 männern, dank denen, Alt=Oesterreich die Ehre hatten, in
2200 2360 3160 2434 der religiösen Freiheit mit Spanien zusammen an letzter
2203 2405 3154 2470 Stelle unter den Kulturstaaten Eurspas zu stehen. Der
2195 2449 3163 2501 Kampf gilt ferner jenen Kriechern und Neidern, die Partei
2194 2481 3167 2543 und Eigennutz vor Ehre und Menschlichkeit, vor Recht
2199 2529 3166 2586 und Wissenschaft stellen und über deren Gemeinheit der
2206 2561 3162 2632 schlichte, menschliche Professor himmelhoch emvorragt.
2202 2601 3165 2671 Herr Direktor Weninger als Spielletter hatte sich
2204 2634 3165 2706 alle Mühe gegeben, dem Werke eine gute Auffüh ung zu
2214 2680 3172 2750 sichern. Als Träger der Hauptrolle hat er das Einfache,
2199 2723 3167 2775 Schlichte im Wesen Bernhardis betont, der auch dann
2210 2779 3161 2834 die Ruhe bewahrt, wenn alle andern sich hinreißen lassen,
2212 2793 3176 2867 und nur selten in heiligen Zorn gerät. Auch die feine
2206 2836 3168 2907 Ironie, mit der er den Mizister Flint und so manchen
2207 2879 3173 2955 seiner „strebsamen“ Kollegen behandelt, kim zu ausge¬
2212 2914 3182 2990 zeichneter Wirkun, so daß diese Rolle sich würdig an die
2220 2952 3175 3022 früheren Prachtleistungen anschließt. Der Pfarrer des
2207 2996 3185 3064 Herrn Reinhold konnte sich mit dieser Darstellung
2210 3034 3174 3105 nicht messen. Besonders das Mienenspiel hätte ausdrucks¬
2209 3077 3174 3136 voller sein können. Herr Zechner hatte sich mit dem
2209 3116 3181 3190 Unterrichtsminister Dr. Flint recht viel Mühe gegeben,
2219 3158 3181 3224 ohne die nötige Wärme aufbringen zu können Auch die
2224 3211 3182 3262 „Divlomatenmaske“ war ihm nicht sonderlich gelungen.
2220 3235 3179 3300 Von den Professorengestalten find besonders hervorzuheben
2214 3272 3188 3342 der neidige, um Stellungen feilschende Dr. Ebenwald
2212 3315 3182 3380 (Herr Wipplinger), der wickere zu Bernhardi haltende
2213 3355 3181 3418 Dr. Cyprian (Herr Braun), der alte Achtundvier iger von
2222 3395 3181 3454 echtem Schrot und Korn Dr. Pflugfelder Herr Renner),
2215 3439 3185 3493 der Eiserer Dr. Löwenstein (Herr Henke), der abtrännige
2216 3469 3185 3531 Dr Schaumann (Herr v. Janko, der schillernde Dr. Adler
2223 3507 3178 3579 (Hrr Asper) und der recht erbärmliche Kanditat der Me¬
2218 3560 3186 3610 diz n (Herr Lenhart). Herr Hückler hatte bie undank¬
2216 3586 3185 3649 bare Rolle des Hofrats Winiler übernommen und brachte
2223 3627 3191 3693 namentlich die Schlußperiode zu ausgezeichneter Wirkung.
2224 3665 3191 3733 Die andern Darsteller traten nur wnis hervor, zeigten
2222 3712 3180 3782 aber mit wenigen Ausnahmen (Herr Waraschitz ein recht
2226 3746 3190 3825 gutes Zusammenspiel. Das bis auf das letzte Plätzchen
2226 3786 3195 3860 gefüllte Haus spendete namentlich im 3 Akte recht stür¬
2220 3841 3180 3896 mischen Beifall. Die Aufführung, die durch keinen Mß¬
2228 3861 3188 3933 ton gestört wurde, bildete ein kleines Ereignis Einige
2949 3897 3202 3982 Dr. A. H.
2220 3908 2890 3987 Wiederholungen sind dem Stücke sicher.
