3392 4256
377 314 444 378 —
772 154 1496 299 Sport und Salon, Wien
1312 287 1477 359 —A ADN.
755 297 839 398 —1—
1379 316 2152 431 =0 SPORT & SALON a¬
711 424 1537 548 Münchner Theatenbnief.
1806 445 3165 553 ein Teil der Arzte trennt sich von ihrem Chel, eine Fürstin
1789 510 3160 589 iegt das Protektorat nieder, in der Kammer wird der Minister
506 503 1812 619 Aie Werke Arthur Schnitzlers beherrschen diesen
1799 545 3157 653 interpelliert und. obwohl persönlicher Freund Bernhardis.
429 572 1802 667 Minter dus Reperteit Tust aller Grenen ünehner Bühmnen.
1803 604 3156 721 benntragt er selbst die gerichtliche Entersnehung gegen
452 625 1807 698 Nach dem absoluten Erfolg seiner „Komödie der Worte“
1791 655 2539 736 dliesen wegen Religionsstörurg.
436 676 1788 747 im Königlichen Residenztheater und nach dem „Ein¬
1859 705 3155 788 Bernhardi, von einem getauften Correligionär bei der
446 709 1788 812 samen Weg“ in den Kammerspielen bot uns du¬
1808 752 3153 853 Verhandlung vertreten und Ian verteidigt, wird trotz der
443 762 1798 864 Münchner Schauspielhaus die Neuinszenierung von
1800 794 3148 887 entlastenden Aussage des Priesters zu zwei Monaten Ge¬
443 820 1796 909 Schnitzlers „Professor Bernhardi“ Der Autor nennt
1794 853 3153 962 färgnis verurteilt. Und soedel ist die Seele dieses Priesters.
440 864 1799 966 sein Stück eine Komödie, aber im Grund genommen handelt
1791 898 3146 1004 daß er nuch der Erteilsfällung selber zu Bernhardi kommt.
441 923 1790 1015 es sich um ein sehr ernstes Werk. Die Lektüre des Pro¬
1801 948 3147 1040 „Sie haben nach Ihrer menschlichen Überzeugung gehandelt,
436 970 1795 1057 gramms allein schon könnte oberflächliche Geister nach¬
1788 1006 3148 1110 es drängt mich. Ihnen zu sagen. daß ich Sie verstehe, daß
436 1021 1795 1108 denklich stimmen. In fünf Akten 21 Männerrollen, nur
1792 1045 3144 1140 Sie vielleicht recht hatten. Mein Gewissen veranlaßt mich
429 1063 1791 1167 eine einzige Frauengestalt, und das ist die blasse Episoden¬
1786 1112 3138 1213 zu diesem Schritte; ein Abgrund liegt zwischen Ihnen und
430 1109 1315 1189 rolle einer kleinen Krankenschwester.
1787 1137 3150 1236 mir, lassen Sie mich Ihnen aber, über diesen Abgrund hinweg,
508 1164 1784 1257 Arthur Schnitzler führt uns in ein Privat-Sanatorium
1782 1208 3138 1303 die Hand reichen!“ Die hohe, milde christliche Güte, die
432 1223 1783 1305 ein, welehes unter dem Kuratorium einiger mächtiger Stadt¬
1784 1246 3148 1342 hier in der Gestalt des Geistlichen zum Ausdruck kommt,
425 1250 1784 1351 größen stcht und der leidenden Menschheit im vollsten
1783 1304 3135 1402 bildet einen schroften Gegensatz zu der kalten, sich über¬
433 1310 1789 1385 Sinne geweiht ist. d. h. der ärmeren Klasse der Bevölkerung.
1781 1342 3130 1433 hebenden Weise des Gelehrten. der. durchdrungen von
428 1359 1780 1456 Das Stück, welches in Wien spielt und uns mit allen mög¬
1781 1389 3146 1490 seiner eigenen Machtvollkommenheit, nicht mit Gefühl und
425 1394 3133 1542 lichen Spezialgestalten der Arztewelt bekannt macht, ist mit dem Glauben an den hohen Flug unserer Seele nach
414 1450 873 1521 äußerst gut und
420 1501 869 1581 sicher aufgebaut;
2686 1518 3137 1594 dem Tode handelt.
417 1550 550 1615 die
524 1545 870 1624 Charaktere
2761 1566 3133 1637 Diese Szene
426 1581 866 1675 sind bis in die
2689 1603 3138 1691 zwischen den bei¬
422 1648 862 1724 kleinsten Rollen
2685 1665 3127 1739 den Männern ge¬
415 1691 864 1768 mit Meisterhand
2686 1717 3135 1780 hört zu den wirk¬
408 1745 864 1816 gezeichnet, die Ge¬
2687 1767 3123 1846 vollsten des Stük¬
417 1801 856 1868 stalt Bernhardis
2671 1814 3127 1887 kes, welches, von
412 1840 861 1920 ist ganzaus einem
2678 1858 3121 1931 den Künstlern des
407 1888 860 1963 Guß. DasInteresse
2695 1915 3114 1978 Schauspiclhauses
414 1948 853 2013 erlahmt nicht eine
2664 1959 3133 2036 hervorragend gut
414 1989 857 2066 Minute und stei¬
2678 2012 3118 2086 gespielt, zur voll¬
406 2036 859 2129 gert sich von Akt
2671 2058 3124 2149 Sten Geltung ge¬
409 2088 839 2170 zu Akt. Der An¬
2674 2109 2859 2174 langte.
398 2143 851 2216 tischitismus bil¬
2722 2139 3185 2241 Nymphen-Bu.—
404 2200 850 2259 det die Würze des
411 2246 847 2319 Gerichtes und läßt
404 2288 853 2356 uns manchmal
849 2324 1153 2407 nenen e e
403 2330 843 2411 durch die launigen
394 2387 851 2460 Einfälle des Autors
395 2436 841 2510 den Ernst der
397 2480 833 2558 Situationen ver¬
393 2533 833 2624 gessen. Die scharfe
422 2588 818 2656 Beobachtungs-
396 2639 842 2706 gabe des Dichters
378 2683 834 2754 rivalisiert nur mit
1521 2701 1981 2788 Arthur Schnitzler.
388 2728 835 2813 der Melodie der
1579 2767 1925 2853 Text nebenstehend.
383 2775 832 2849 tiefen Herzens¬
383 2829 1756 2933 töne, welehe er im vierten Akt anstimmt, und dieser Akt
379 2891 1487 2968 resumiert eigentlich das Problem des Stückes:
464 2933 1749 3037 Kann ein Arzt dem Priester den Zutritt zum Betteeiner
378 2967 1743 3091 Sterbenden versagen, kann er die Ahnungstose Minüber¬
376 3023 1742 3129 schlummern lassen. ohne die Hilfe der Religion — eine
382 3076 1737 3176 Christin, eine Sünderin, eine Sterbende, kann er sie den
374 3124 1739 3238 letzten Fraum, den einzigen, den schönsten vielleicht ihrs
373 3173 1729 3282 Lebene. trämnen inssen, ohne daß die weihe-volle Hand des
369 3219 1740 3318 Priesters sie erweckt hätte, bis sie entschlaft für immer?!
371 3272 1731 3394 Das ist die peinlich-qualvolle Frage, welche der Autor uns
374 3326 720 3398 zu lösen gibt.
431 3384 1731 3488 Bernhardi ist ein Jude und ein Freimaurer und der
357 3427 1729 3528 jahrhundertalte Atavismus seiner Rase verschließt ihm
366 3482 1738 3572 unsere religiöse Erkenntnis. Bernhardi hat nur eine Re¬
368 3519 1738 3620 ligion, die der erfüllten Pflicht; er glaubt als Meusch und
366 3576 1720 3668 als Arzt richtig zu handeln, wenn er ein armes, gekniektes
365 3620 1720 3723 Menschenkind dahingehen läßt. in der Atmosphäre jene¬
355 3669 1719 3774 Halbtraume, der das arme Mädehen glauben macht, sesei
360 3714 1739 3824 genesen. Und statt des Todesengels weilt ein Engel irdischer
362 3773 1714 3874 Liebe an ihrem Schmerzenslager diese Vision hätte da¬
358 3813 1314 3909 Erscheinen des Priesters ihr genommen.
451 3873 1721 3978 So weist also der Arzt den Priester ab. Dieses Faktung
355 3920 1701 4031 gelangt rasch in die Offentlichkeit und ruft einen immensen
357 3974 1698 4065 Skandal hervor. Das Kuratorium der Anstalt demissioniert
