3392 4256
1851 104 2526 188 e
2531 125 3181 204 ee
682 145 1057 215 sammelt worden.
1850 165 3042 249 Ausnahme der Urtextausgaben fehlt Es ist gerade von dieser
3034 193 3191 261 zur n
1855 219 3041 289 Sonate anläßlich des Flesch=Schnabelschen Sonatenabends die
749 221 1863 300 Motette in der Thomeskirche: Sonnabend, 11. Jan., nachm.
1866 261 3028 336 Rede gewesen, wo auf sie hingewiesen wurde. Dieses eigen¬
3035 254 3183 333 Mot
687 271 1854 340 ½2 Uhr Otto Barblau: op. 23, Toccata für Orgel (Manuskript)
1862 309 3036 379 artige und bedeutende Werk des 17jährigen Mozart hat auch
677 320 1863 394 J. H. Schein: Verbum caro factum est. G. F. Richter Adoramus
3031 316 3185 390 Aufna
750 357 1197 407 Ca-l Thiel: „dorabo.
1864 350 3037 423 in diesem Konzert seine heutige öffentliche Feuerprobe bestanden,
747 393 1761 453 Offentliche Probe: Freitag, 10 Jan., abends ¼ 7 Uhr.
1846 383 3035 473 und zwar glänzend. Es ist ein ganz anderer Mozart, den
3031 388 3181 482 Essigs
755 445 1854 501 Kirchenmusik in der N kolailirde: Sonntag, 12 Jan, vorm.
1857 442 3037 504 man da hört, als der allgemeinbekannte, und nichts war ver¬
665 470 1864 551 ½10 Uhr. I. Brahms: „Wie lieblich sind deine Wohnungen“ aus
1856 482 3027 558 dienstlicher als ihr eine etwas spätere Sonate (Udur Nr. 306)
3036 478 3180 550 das 9
663 513 1203 590 dem „Deutschen Requiem“.
1854 523 3034 598 folgen zu lassen. Der stilistische Unterschied ist außerordent
3028 530 3193 605 mit z
755 536 1863 608 Katholische Kirche St. Trinitatis: Sonntag früh 6 und
1860 573 3043 637 lich, von Rokoko enthält die in Mailand geschriebene und der
678 595 1861 654 7Uhr heil Messe, ½ 9 Uhr Predigt, Asperges, Hochamt, vorm 10 Uhr
1856 614 3027 688 kurzen „komantischen“ Periode angehörende frühere Sonate
3036 615 3171 687 (Dich
673 634 1856 684 Schulgottesdienst mit Predigt, 11 Uhr heil. Messe nachm 3 Uhr
1860 655 3040 728 fast gar nichts, eine Herbigkeit spielt aus ihr bei aller Liebens¬
665 679 1853 729 Taufen, abends 6 Uhr Andacht. Wochentags früh ½7, 7 und
1863 707 3031 773 würdigkeit, die einen ganz seltenen Zauber ausübt, drei
659 712 1854 770 8 Uhr heil. Messen. Sonnabend abends von 6 bis 8 Uhr Beichte.
3021 701 3169 783 „Go
1860 743 3034 811 längere Mollsätze nacheinander! Tritt dann plötzlich das Dur
746 762 1851 808 Katholische Kirche St. Laurentius (L.=Reudnitz, Wilhelmstr. 20)
661 795 1853 849 Sonntag früh 7 Uhr heil. Messe, 9 Uhr Predigt und Hochamt
1864 789 3029 864 im Menuett hervor mit der unsagbar schönen und vornehmen
3020 785 3177 867 „Pa
673 828 1123 894 nachm. 3 Uhr Andacht.
1853 832 3039 902 Melodie, so kann's einem kalt und warm zugleich herunter¬
750 845 1854 919 Katholische Marienkirche L.=Plagwitz=Lindenau (Karl Heinestr.):
1851 876 3028 943 laufen. An einer derartigen Vorführung sieht man auch, wie
3032 869 3175 947 Richa
659 913 1857 975 Sonntag früh ½7 Uhr Beichte, 7 Uhr heil. Messe, 9 Uhr Hochamt
1850 917 3027 994 sehr das intime Verständnis Mozarts noch im Argen liegt;
3029 936 3179 1011 deutse
671 953 1850 1013 und Predigt, vorm. 11 Uhr heil. Messe, nachm. 4 Uhr Taufen,
1852 964 3032 1039 denn wie ist's möglich, fragt man sich, daß derartige
665 966 1105 1054 abends 6 Uhr Andacht.
1849 1005 3173 1076 Werke nicht nur völlig unbekannt sind, sondern von Andr
746 1002 1845 1071 Katholischer Gottesdienst in der Kapelle L.=Gohlis (Jäger¬
1845 1056 3175 1138 Kennern Mozarts wie Köchel und Jahn in jeder Beziehung rechte
668 1041 1854 1113 platz): Sonntag vorm ½8 Uhr Beichte, 9 Uhr Predigt und heu
659 1104 1112 1162 Messe 10 Uhr Taufen.
1846 1092 3036 1179 verkannt werden konnten. Mit welch seltenem Stilgefühl
743 1120 1848 1201 Israelitische Religionsgemeinde zu Leipzig. Sabbatgottes diens
1845 1142 3031 1210 traten aber auch die beiden Künstler an den Vortrag dieser
3014 1135 3168 1221 gesa
654 1185 1603 1241 Freitag abend 4½ Uhr. Sonnabend vorm. 9 Uhr.
1848 1186 3033 1260 wie der anderen Sonaten. Man kann den Unterschied zwischen
1841 1227 3024 1302 Mozart und Beethoven kaum klarer zum Ausdruck bringen
3012 1219 3167 1313 die :
1836 1260 3032 1347 als wie es besonders von der Pianistin Frl. Eisele geschah,
813 1278 1703 1391 Kunst und Wissenschaft.
1840 1311 3013 1381 die ihren Partner, den trefflichen Primgeiger des Seveik¬
3023 1308 3152 1386 ward
1841 1357 3024 1432 Quartetts, zudem an technischer Delikatesse nicht unbedeutend
3009 1373 3164 1446 bekar
1845 1404 3021 1473 überragte. Sein tonlich Bestes gab Hr. Lhotsky erst beim
1070 1389 1423 1481 Altes Theater.
1847 1446 3034 1520 Vortrage von Griegs prächtiger, ursprünglicher, wenn auch
648 1454 1843 1526 Z. 1. M.: „Professor Bernhardi“. Komödie in 5 Akten von
1850 1492 3026 1567 etwas ungleicher Sonate, wobei man sich allerdings vor
1040 1507 1461 1566 Arthur Schnitzler.
3007 1528 3140 1595 „Zar
1848 1536 3026 1610 Augen zu halten hat, daß der Feurichsaal mit seiner ver¬
740 1530 1836 1612 Leipzig, 8. Jan. Auf alle Fälle ist dieses neueste Werk
3009 1577 3153 1650 bastia
1838 1578 3006 1651 gröbernden Akustik ein Feind feinsinnigen Violinspiels, wie
655 1578 1847 1654 des stets mit bedachtsamer Umsicht schaffenden Wiener Poeten,
3010 1623 3150 1672 Enga
1849 1621 3010 1697 es Mozart verlangt, ist; jede schärfere Reibung wird dem
646 1637 1844 1702 dem die Maske eines boshaft-liebenswürdig lächelnden Satyrs
3011 1654 3150 1711 Balle
1843 1669 3011 1741 Hörer in der Potenz übermittelt. Frl. Eisele wird man
653 1682 1833 1744 so trefflich zu Gesicht steht, ein in fruchtbaren Stunden er¬
3018 1697 3152 1754 morg
1843 1710 3033 1785 unseren besten Kammermusikspielerinnen gerade auch klassischer
651 1730 1834 1790 sonnenes, mit liebevollem Raffinement bis ins kleinste Detail
3013 1729 3156 1794 abend
1839 1757 3018 1823 Tonwerke zurechen müssen, nicht zum wenigsten deshalb, weil
650 1781 1833 1833 ausgemaltes Theaterstück, dessen Geschehnisse, von einem figuren.
3009 1779 3156 1829 „Pete
1847 1801 3017 1871 sie mit einem ganz prächtig gesunden Instinkt das einem
3023 1814 3157 1888 ermäf
651 1812 1834 1876 reichen Apparat getragen, den Zuschauer bis zum vierten Akt
1830 1844 3004 1917 Werke Eigentümliche herausfühlt und es mit einer heute
3009 1856 3138 1907 wird
650 1860 3015 1948 nicht nur zu interessieren, sondern auch zur Teilnahme zu recht selten werdenden Einfachheit zum Vortrag bringt. Und
3020 1893 3154 1948 Sonn
646 1897 3018 2009 zwingen vermögen. Bis dahin kommt uns Schnitzler ganz Stilgefühl ist's vor allem, was uns nottut, ohne dieses steht
3010 1922 3148 1989 Wien“
648 1948 1831 2013 ernsthaft, so ernsthaft, daß man fast zu glauben geneigt ist,
3000 1970 3154 2025 „Coris
1833 1983 3007 2059 man heute besonders Mozart mehr oder weniger verloren
651 1990 1831 2052 er meine es diesmal wirklich ehrlich, er enthülle ein Stückchen
2999 2017 3156 2065 Theat
1833 2017 2060 2096 gegenüber.
2814 2034 2983 2109 A. H.
644 2038 1833 2099 Tragik seines eigenen Lebenskampfes, und erst wenn auch über
2998 2042 3162 2104 theate
640 2083 1838 2150 diesem Aufzuge, der eine gefährlich langatmige Gegenüberstellung
2999 2091 3162 2142 hardts
2073 2085 2777 2164 Liederabend von Anton Bürger.
649 2112 1844 2176 zweier sich unverträglich befehdender Weltanschauungen, daneben
2999 2131 3172 2181 tümlic
1890 2142 3160 2208 Leipzig, 9. Jan. Der Königl Kammersänger Hr. Anton Mittwi
649 2170 3155 2271 aber auch einen unmöglichen Verteidiger und einen Zeitungs: Bürger bot seinen Hörern einen der duftigsten Liedersträuße Szene.
641 2217 3153 2296 reporter, der förmlich nach Witzblatt=Atmosphäre schmeckt, ber in ganzer Fülle: „Die schöne Müllerin“ von Franz Schubert. Kamm
643 2254 3011 2351 schert, der Vorhang zusammengerauscht ist, rückt die Situation] Einzelne herausgerissene Blumen empfängt man ja häufig,
2995 2292 3161 2340 theater
634 2287 1829 2361 in echt Schnitzlerische Beleuchtung: an der Stelle des Märtyrers,
3005 2321 3144 2382 Kasse:
1822 2315 2995 2391 im Konzertsaal wie im Familienkreise; den ganzen Strauß
634 2341 1820 2404 der um seiner Humanität willen Stellung und Freiheit hat
2999 2361 3137 2414 dieses
1829 2367 3003 2436 seltener. Für den Sänger ist der ungekürzte Vortrag dieser
634 2389 1826 2459 verlieren müssen, erscheint ein lachender, Welt und Menschen,
3007 2395 3153 2462 Städli
1832 2414 3005 2478 zwanzig Nummern gewiß keine undankbare, aber auch keine
3004 2447 3161 2495 Klimas
642 2432 2998 2523 Politik und Religion mit der Lauge ätzenden Spottes über leichte Aufgabe. Indem er sich nicht string als Konzertgeber,
3005 2482 3156 2539 Entlas
636 2480 2995 2569 gießender Philosoph, der sich darüber freut, daß wir seinen sondern als der lebendig individuelle Mittelpunkt des Ganzen
2995 2516 3149 2572 noch v
637 2521 3000 2573 künstlich aufgebauten Konflikt mit dem Vertreter der Kirche fühlen muß, von dem die verschiedenartigsten Empfindungen
2996 2551 3153 2617 gütlich
638 2566 1831 2628 und seinen Kampf gegen eine plumpe Intrigenwirtschaft so
1828 2596 2995 2656 ausströmen, muß er in seiner Art ein Poet sein. Ist er dies
3001 2606 3154 2669 sagen:
641 2603 1827 2673 furchtbar tragisch genommen haben. Die Satyren=Herrlichkeit
1821 2633 3003 2690 nicht, so wird er auch mit dem kleinen Roman des Müller¬
638 2651 1827 2711 des Schlußaktes verwischt rasch und gründlich das ernste
2989 2654 3153 2746 sellsch
1825 2675 2990 2741 burschen nichts anfangen können. Hr. Bürger, der über einen
638 2692 1830 2758 tendenziöse Zeitbild, das mit scheinbar so unbedingter,
2990 2720 3153 2777 Leitun
1812 2731 2992 2785 umfangreichen, wohllautenden Tenor=Bariton verfügt, gestern
630 2739 1825 2803 aus dem Innersten strömender Überzeugungstreue intim
2997 2761 3147 2824 bei C.
1821 2769 3001 2826 aber nicht sonderlich bei Stimme zu sein schien, hat dise
638 2784 768 2830 und
752 2784 1813 2854 gewissenhaft vor uns aufgerollt worden war.
1825 2805 2999 2878 Aufgabe so begriffen und durchgeführt, wie es nur ein Sänger
637 2824 1826 2895 Als höchst unterhaltsames Kulissenstück hat „Professor
1817 2848 3000 2919 von Bildung vermag. Sein Vortrag hob frohgemut und un¬
630 2871 1819 2949 Bernhardi“ unter den Bühnenwerken neueren Datums
1811 2891 2997 2970 befangen an, wuchs empor mit dem erblühten Glück, schilderte
630 2903 1829 2985 wohl keine ernsthafte Konkurrenz zu fürchten, zumal da es
1808 2943 3001 3012 — allerdings nicht mit der hinreißenden und packenden Er¬
630 2960 2964 3008 seinem Schöpfer auch nicht an Mut fehlt, mit halb regung Wüllners, sondern mehr sänftiglich und ergeben —
628 3001 1818 3077 energischem, halb witzigem Finger an manche Wunde des
1809 3027 2979 3094 die Quellen der Efersucht und erstarb mit des Bächleins
2990 2988 3124 3102 der
631 3042 1814 3116 modernen Wiener Geistes= und Gesellschaftslebens zu rühren.
1812 3072 2982 3141 Geflüster. So glaubte man ihm, was er sang, und das be¬
2979 3086 3151 3153 Torg
634 3094 1819 3150 Betrachtet man es aber als zeitgeschichtliches Drama, wird das
1809 3114 2976 3196 deutet kein geringes Lob. Am Flügel saß als zuverlässiger
2987 3124 3136 3198 orden
619 3135 1808 3201 Urteil wesentlich anders, d.h ungünstiger lauten müssen. Der Kern
1818 3161 2957 3229 und mitfühlendender Begleiter Hr. Eduard Behm. E. M.
3034 3178 3135 3238 Si
622 3173 1817 3246 der Handlung ist ziemlich einfach: Professor Bernhardi hat
628 3224 1829 3276 in seiner Eigenschaft als Krankenhausdirektor einem Priester,
2972 3215 3154 3282 der ko¬
2170 3219 2635 3306 Hochschulnachrichten.
2982 3273 3144 3329 abgeor
617 3267 1828 3335 der einem sterbenden Halbweltkind das Sakrament spenden
1891 3290 2996 3357 Zufolge Verordnung des Königl Ministeriums des Kultus
2981 3309 3155 3368 Bei di
623 3311 1809 3379 will, den Weg zum Krankenbett versperrt, um dem Mädchen
1814 3311 3153 3424 und öffentlichen Unterrichts wird Prof. Dr. med. Riecke von Bauck¬
622 3370 1811 3421 ein leichtes Ende zu sichern. Der Professor ist gleich ein m
1817 3382 2988 3452 der medizinischen Fakultät der Universität Leipzig am 11.,
2985 3393 3154 3468 dem 9
620 3402 1809 3467 großen Teil seiner Amtskollegen Jude. Seine Handlung wird
1807 3424 2980 3491 18. und 25. Januar von 6—7 Uhr nachmittags an die
617 3449 1812 3505 ihm von den arischen Konkurrenten als religionsfeindliches
1808 3470 2982 3539 männlichen Studierenden aller Fakultäten öffentliche Vor¬
622 3488 2984 3577 Verbrechen ausgelegt. Er wird gezwungen, vons inem Posten lesungen über das Thema: „Die Gefahren der Geschlechts.
2981 3481 3118 3575 Ein
615 3547 2983 3630 zurückzutreten, und in dem Prozeß, der ihm aus politischen krankheiten und die Bedeutung des Geschlechtslebens für die
3042 3550 3134 3616 K
612 3570 1814 3642 Gründen gemacht wird, lautet das Urteil auf zwei Monate
1808 3598 2245 3670 Gesundheit“ abhalten.
2967 3597 3149 3664 arktisch
614 3624 1813 3687 Gefängnis. Der katholishe Priester, der mit jesuitischer Wort¬
2977 3652 3154 3715 Nördli
611 3657 1813 3729 kunst jede Schuld an dem ganzen Konflikt in Abrede zu stellen
2173 3648 2607 3737 Zeitschriften.
2969 3696 3123 3751 treter
621 3705 1813 3776 sucht, reicht dem Verurteilien die Hand zur Versöhnung.
1880 3723 3135 3799 Pelhagen und Klasings Monatshefte. Das mit einem länger
618 3764 3145 3843 Bernhardi verbüßt die Strafe und kehrt als weltverachtender vaterländischen Gedichte „Neujahr 1913“ von Frida Schanz bergen
914 3820 1435 4029 L#
