3392 4320
1024 103 1102 173 B
300 99 1512 214 25. ProfesseEnhardi
1162 1359 1426 1426 —
615 1392 1654 1515 Ausschnitt aus: PESTEP UIOVD
616 1484 777 1554 vom:
602 1601 1603 1724 “ Schuitzler—Peeiellor Bernhardi“
717 1680 1563 1782 (Tlegramm des „Pester Lloyd“.)
1227 1759 1694 1845 Berlin, 28. November.
616 1779 1725 1897 Im Kleinen Theater spielte man heute zum ersten
533 1831 1706 1921 Male die neue Komödie von Arthur Schnitzler „Pro¬
531 1879 1702 1965 fessor Bernhardi“, deren Aufführung in Wien be¬
534 1924 1715 2017 kanntlich von der Zensur verhindert wurde. Der spezifisch
534 1966 1704 2064 österreichische Konflikt, der den Grund hiezu bot, verliert im
534 2018 1711 2101 protestantischen Berlin allerdings viel von seiner Wichtigkeit
522 2065 1701 2159 und seiner Wirkung. Er besteht darin, daß Professor Bern¬
531 2103 1713 2204 hardi, der Direktor eines großen Krankenhauses, dem Priester,
522 2141 1696 2237 der einer Sterbenden die letzte Oelung spenden will, den Zu¬
519 2185 1696 2298 kritt zum Krankenbelt verwehrt, und zwar im Namen der
523 2232 1698 2337 Menschlichkeit, da erst der Anblick des Geistlichen die Kranke
522 2276 1696 2389 über ihren Zustand aufklären würde. Nun ist Bernhardi aber
513 2306 1688 2422 Jude und das Stück spielt zur Zeit des christlichsozialen Re¬
519 2359 1694 2481 imes in Wien. Der Fall wird politisch ausgebeutet und
516 2417 1359 2484 Pernhardi wegen Religionsstörung verurteilt.
583 2457 1697 2543 Doch abgesehen von dieser Tendenz, interessiert das Stück
500 2466 1692 2611 sowohl durch Geist und Feinheit des Dialogs, durch meisterliche
493 2541 1685 2652 Szenenführung und am meisten durch die prachtvoll echte
492 2587 1679 2677 Charakterisierung des Wiener Aerztemilieus, die überall erkennen
483 2634 1691 2738 läßt, daß Schnitzler nicht nur Arzt ist, sondern sich auch als Arzt
504 2674 1684 2782 fühlt. Auch an ungemein witzigen Worten und Situationen, die
490 2721 1679 2829 das österreichische Beamtentum, seine lässige Gemütlichkeit auch
491 2772 1680 2854 in tiefernsten Dingen treffen, fehlt es nicht und sie wurden
486 2808 1684 2918 vollauf verstanden und herzlich belacht, wie denn dey Aben)
491 2857 1685 2952 überhaupt zu einem lebhaften Erfolg wurde. Der Dichter erschien
481 2894 905 2969 über ein Dutzendmal.
1465 2940 1634 3014 E. 0
1669 120 2061 207 box 30/
2015 683 3159 851 Ausehnit aus: Kahiner Pansenig Aoghriesten
2211 881 2834 981 Theater und Musik.
2276 971 2732 1044 (Siche auch 2. Beilage.)
2307 1016 2694 1101 Kleines Cheater.
1998 1083 3085 1157 Zum ersten Male:„Professor Bernhardi“
1915 1132 3098 1218 Komödie in fünf( Akten von Arthur Schnitzler. Regie:
1913 1175 2426 1238 Victor Barrowski.
1998 1215 3092 1274 Das war nicht der alte Schnitzler. Nicht der Scler,
1919 1271 3095 1328 der mit lässiger Grazie über die Zierwege des Lebens tändelt,
1915 1314 3093 1365 der von süßen Mädeln, vom Lachen und Liebeln singt. Das
1915 1361 3092 1419 war der Fünfzigjährige, der den Blick auf große Probleme
1904 1409 3091 1453 richtet, der aus der schmetterlingsfrohen Mädchenwelt in die
1907 1454 3085 1510 ernsten Reiche der männlichen Kämpfe tritt. Ein alternder
1906 1495 2793 1562 Schnitzler. Ein philosophischer Schnitzler.
2799 1499 3080 1560 Und ein ge¬
1915 1529 3096 1593 schwätziger Schnitzler. Von der hohen Warte stieg
1903 1581 3087 1632 der Dichter nieder auf die Zinnen der Partei. Er wurde
1902 1632 3082 1698 Wortführer einer Idee, wurde Politiker. Mit kühner Hand
1904 1673 3082 1716 griff er hinein in jenes Wiener Leben, in dem die Klerikalen,
1909 1711 3090 1756 die Liberalen und die Deutschnationalen ihre Ziele geräusch¬
1903 1756 3086 1799 voll verfechten. Die Pestbeulen des Parteihaders suchte er zu
1901 1795 3088 1864 heilen. Er hat ja einmal Medizin studiert. Und darum zog
1904 1847 3088 1901 er die Gegensätze in die Krankenstube. Ein Heer von Pro¬
1898 1884 3080 1954 fessoren und Assistenten läßt er aufmarschieren und in fünf
1901 1935 3081 1998 reichbemessenen Akten wirre Fäden der Hinterlist, der
1904 1977 3082 2024 Streberei, der Eigensucht und der Verleumdung ziehen. Fünf
1895 2024 3073 2072 Akte lang wird debattiert und konferiert und nicht ein einziges
1898 2073 3074 2121 Wiener Mädel sorgt für Abwechslung. Fünfzehn Männer und
1895 2107 3073 2169 kein Mädchen! Man denke! Krankenhaus und Gotteshaus
1887 2143 3073 2218 werden gegenübergestellt. Professor Bernhardi, der Direktor
1885 2191 3072 2252 des Krankenhauses, wehrt dem Geistlichen den Zutritt zu einer
1894 2245 3070 2296 sterbenden Kranken. Die Sterbende weiß nicht, daß ihr der
1896 2292 3080 2342 Tod so nahe ist. Sie ist heiter und guter Dinge und voll
1898 2339 3081 2394 froher Lebenszuversicht. Der Arzt mag ihr den schönen Wahn
1880 2387 3082 2440 der letzten Stunde nicht rauben. Er will nicht zugeben, daß
1897 2420 3078 2466 der Priester mit den Sterbesakramenten der Aermsten die rauhe
1892 2469 3073 2514 Wahrheit vor Augen führt. Er hindert den Gottesdiener, die
1902 2512 3073 2572 Schwelle zu übertreten. Daraus ergeben sich die Konflikte des
1893 2551 3071 2608 Stuckes. Weil der Direktor jüdisch ist, wird die Angelegen¬
1895 2592 3073 2651 heit zu einer großen politischen Affäre aufgebauscht.
1884 2641 3064 2696 Die Klerikalen interpellieren im Parlament. Der Minister,
1890 2689 3074 2734 ein Jugend= und Duzfreund des Professors Bernhardi, bricht
1895 2721 3070 2784 sein Freundeswort und tritt auf die Seite der Gegner. Der
1894 2774 3071 2838 Professor muß sein Doktoramt niederlegen und auf zwei
1891 2812 3075 2854 Monate ins Gefängnis wandern. Im vierten Akt reicht der
1892 2842 3084 2945 katholische Geistliche dem jüdischen Arzt die Versöhnungs¬
1892 2896 3079 2947 hand und im fünften Akt widerruft die Kronzeugin ihre Aus¬
1889 2941 3079 3000 sage. Der Verurteilte wird zum Märtyrer seines Glaubens
1881 2999 3073 3044 und seiner Ueberzeugung gestempelt. Er ist die Unschuld, er
1891 3030 2152 3089 ist der Held!
1922 3081 3076 3122 Man merkte die Absicht und man war verstimmt. Man suchte
1895 3122 3072 3172 vergebens den witzigen Philosophen, der so leicht über die
1884 3161 3077 3230 Dinge hinwegzugleuen weiß. Aus der schweren und breit¬
1884 3212 3071 3259 ausgesponnenen. Fulle der Gedanken und Probleme schimmerte
1890 3254 3067 3323 der Witz nur dürftig heraus. Es war ein alternder Schnitzler.
1884 3301 3061 3362 Wir mochten ihn lieber wieder bei den füßen Mädchen sehen.
1968 3342 3062 3406 Wenn die Längen des Stückes erträglich gemacht und der
1888 3372 3065 3447 Dichter laut vor die Rampe gerufen wurde, so hat er das
1873 3418 3072 3486 hauptsächlich Herrn Direktor Barnowski und seiner tüchtigen
1878 3477 3068 3516 Künstlerschar zu danken. Eine Direktoriumssitzung, wie sieh
1880 3507 3067 3573 im dritten Akt gespielt wurde, wird man köstlicher auf keiners
1881 3557 3065 3619 andern Bühne wiedergeben lönnen. Die hauptsächlichsten
1882 3596 3056 3674 Träger des Erfolges waren die Herren Decarli, Klein¬
1849 3625 3046 3727 Rohden, Herzfeld, Abel und Adalbert. J. L.
