3344 4320
630 162 831 236 fess
243 170 1461 276 25 PrBernhandi
828 1239 1266 1362 Dis Zult, Wien
581 1269 874 1366 Saltt aus:
467 1388 996 1478 vom: 19 1 1912
588 1439 1503 1520 Schnitzlers „Professor Bernhardi“ in Mün¬
508 1519 1488 1567 chen freigrgeben. Wie die Direktion des Mün¬
515 1555 1493 1608 chener Schauspielhauses Artur Schnitzler
507 1606 1494 1655 mitteilt, wurde seine Komödie „Professor
510 1645 1502 1710 Bernhardi“ in den letzten Tagen von der
545 1788 1514 1836 Münchener Zensur behördlich ohne irgend¬
535 1813 1532 1889 welche Bemerkung und Einschränkung freige¬
542 1840 1595 1937 geben. Die Proben haben bereits begonnen...
550 1910 1528 1975 Dr. Schnitzler wird sich zur Aufführung in den
551 1953 1324 2027 nächsten Tagen nach München begeben.
487 2268 1466 2363 Ausschnitt aus: Fremdenblatt, Wien
682 2326 974 2418 Z1.MK1913
503 2364 641 2429 vom:
554 2412 765 2456 A
434 2458 1757 2531 ∆ Wie die Direktion des Münchner Schauspielhauses Arturf
1688 2517 1759 2574 r
327 2521 1670 2580 Schuitzler mitgeteilt hat, wurde seine Komödie „Professo
328 2559 1739 2634 Bernhardi“ in den letzten Tagen von der Münchner Zensurbehörde
319 2600 1733 2685 Lohne irgendwelche Bemerkung und Einschränkung“ freigegeben. Die
324 2639 1738 2712 Proben haben nun bereits begonnen und wird sich Dr. Artur Schnitzler
1687 2698 1746 2759 —
330 2687 1593 2780 in den nächsten Tagen zur Aufführung nach München begehen.
1596 171 2057 270 box 30/3
2041 284 2404 372 asschhmt aus:
2023 398 2151 450 om:
2320 361 2987 474 „ —Neue Fieie Piesse, Wien
2067 502 3105 601 Artur Schuitzlers „Professor Bernhardi“.
2120 580 3075 651 Erstaufführung am Munchner Schauspielhaus.
2305 626 2901 684 (Telegramm der „Neuen Freien Presse“.)
2650 650 3176 720 Die Direktoren des
2092 652 2654 723 München, 8. Februar.
2018 686 3181 747 Münchner Schauspielhauses waren einst vor
2000 745 3177 810 seinem mißtrauischen und ungläubigen Publikum die Apostel
2007 788 3179 844 Ibsens und Gerhart Hauptmanns, das Münchner Schau¬
2016 829 3175 887 spielhaus die erste Kultusstätte der neuen Kunst. Damals
2010 880 3173 921 stand das Theater, gleichwertig der Bühne Brahms, im
2017 921 3167 983 Reiche mit an höchster Stelle. Dann gab man für einige
2021 958 3165 1018 Jahre den ernsten Dienst auf. Man weihte das Haus der
2008 1000 3175 1049 heiteren Muse. Schnitzlers „Anatol“=Zytlus zum Beispiel
2014 1045 3177 1079 wurde hier an die hundert Mal gegeben. Einige neue
2012 1088 3187 1136 Engagements der letzten Wochen lassen darauf schließen, daß
2014 1130 3172 1178 die Direktion wieder zu dem ursprünglichen Ton zurück¬
2015 1171 3175 1216 kehren will, und die erste Premiere des neuergänzten
2013 1207 3186 1260 Ensembles ist gleich eine Tat: Artur Schnitzlers
1995 1249 2643 1313 „Professor Bernhardi“.
2075 1288 3182 1362 Die bayerische Zensur steht bekanntlich im Zeichen des
2004 1340 3172 1394 Krebses, die Zensurbehörde übt in München ihr Amt
1998 1378 3169 1442 rücksichtsloser und launenhafter denn je. Niemals hätte hier
2013 1426 3171 1491 Schnitzlers „Professor Bernhardi“ aufgeführt werden dürfen,
2005 1461 3177 1526 wenn die Freigabe des Stückes in Berlin nicht voraus¬
2010 1504 3164 1561 gegangen wäre. Doch strenger als die Berliner zu sein —
2004 1551 3167 1594 diesen Vorwurf läßt sich die Münchner Behörde nicht gerne
1999 1599 3155 1656 machen. Schweren Herzens, seufzend, ließ man die Auf¬
1994 1647 3152 1692 führung zu. Mit um so größerem Interesse sah das
2004 1678 3164 1728 Bublikum einem Stück entgegen, das so viele auch hier
2016 1718 3151 1782 b aktuelle Fragen stellt und beantwortet. Wie im „Schleier
1980 1743 3164 1836 der Beatrice", im „Grünen Kakadu“ läßt Schnitzler auch im
1991 1822 3159 1867 „Professor Bernhardi“ durch ein großes Schicksal, das er
1998 1858 3155 1900 vor die Türe stellt, die Bühnenhandlung vom ersten Augen¬
2001 1891 3156 1947 blick an mit Spannung wie mit Elektronen sättigen. Das
2004 1931 3165 1991 Publikum der Premiere folgte den Bühnenvorgängen denn
2005 1969 2900 2039 auch von Anbeginn mit atemloser Teilnahme.
2072 2027 3160 2073 Die Typen des Aerztestandes marschierten auf, der un¬
2008 2062 3168 2118 glückliche Landdoktor, der ehrgeizige Assistent, die Dozenten,
2007 2103 3161 2156 die Koryphäen der Medizin. Man kennt sie auch hier alle,
2001 2145 3173 2188 wenn ihre gegenseitigen Beziehungen. hierzulande vielleicht
2009 2184 3155 2244 auch weniger von politischen Gegensätzen beeinflußt, ihre
2006 2229 3160 2273 Wege andere sind — die Ziele sind dieselben. Jene gewisse
2007 2259 3156 2331 Sorte, die keine Gelegenheit vorübergehen läßt, sich in den
2007 2313 3156 2369 Schutz der herrschenden Mächte zu begeben, ist auch hier
1999 2346 3160 2407 bekannt, und Schnitzlers Sätze finden verständnisvolle
2010 2398 3162 2449 Ohren. Die furchtsamin, die kühnen, die alten und jungen
2009 2443 3085 2502 Gelehrten Schnitzlers, die Streber, die Maulhelden,
2004 2486 3084 2541 „Steute, die die Gemeinheit lieben, ohne Vorteil aus ihr
2000 2515 3169 2585 ziehen, aus reiner Liebe zur Gemeinheit“ — alle diese Ge¬
2005 2572 3167 2625 stalten Schnitzlers, ihre geheimsten Triebe, ihre gröbsten
1997 2609 3149 2662 Griffe packten die Zuschauermenge mit außerordentlicher Ge¬
1997 2651 3158 2714 walt. Selbst wo in den letzten Akten wefentliche Teile der
2000 2687 3149 2747 Handlung außerhalb der Bühne spielen und den Zuschauern
2002 2734 3154 2779 nur durch Mittelpersonen bekannt werden — auch da hielt
1999 2773 3146 2821 die Aufmerksamkeit des Publikums ungeschwächt an, um
1992 2820 3150 2880 dann in den großen Szenen zwischen Bernhardi und dem
2001 2864 3143 2920 Minister, Bernhardi und dem Pfarrer sich zur Erregung zu
1997 2901 3154 2959 steigern. Wie Schnitzler hier Weltanschauungen auf¬
1990 2948 3151 3002 einanderplatzen läßt, de“ macht ihm unter den lebenden
1997 2990 3148 3036 Autoren Deutschlands keiner nuch. Und über aller Bunt¬
2000 3024 3151 3083 heit des Gemäldes liegt ein spinnwebfeiner Schleier über¬
1993 3067 2352 3143 legenster Ironie.
2060 3467 2331 3537 Nr. 17409
2685 3499 3049 3565 Wien, Sonntag
2106 3557 3193 3662 Die Aufführung (unter der Regie Direktor Stoll¬
2011 3616 3185 3695 bergs) blieb dem Dichter hie und da einiges schuldig. Die
2017 3640 3185 3740 Komödie enthält nur eine einzige kleine Frauenrolle. Das
2019 3688 3187 3773 Schauspielhaus hatte also nicht Gelegenheit, seine besten
2019 3728 3174 3810 Kräfte, eben Frauen, zu zeigen. Die Herren Jessen in
2016 3773 3181 3869 der Titelrolle, dann Eßlair, Randolf und besonders
2017 3817 3172 3905 Heller gaben ihr Bestes. Der Beifall war nach allen
2021 3841 3174 3933 Akten einmütig und stark. Schnitzler mußte sich vom
2010 3907 3173 3998 zweiten Akt an immer wieder zeigen, am Schluß wohl an
2006 3940 3160 4031 die zwanzig Mal. Das Publikum bereitete ihm Ovationen,
2003 3980 3083 4057 wie man sie gerade in diesem Hause nicht oft erlebt hat.
3167 4020 3247 4081 2
