3344 4352
1801 -25 1932 32 W
2146 -44 3264 51 Prie Birtottssy, 110sse 0j Wif#ting Cättses,
2121 39 3273 117 does it Again: Basil, Blum, und Ballet
784 71 869 149 1
2181 106 3272 200 —An Historical Film without George
2403 176 3004 259 Arliss in the Lead!
1255 218 1498 296 —
2128 256 3268 324 author I suspect to be on the side of the doctor, particularly
2131 295 3262 362 when the whole town is sent into a pother by bis action, and anti¬
2141 336 3272 396 Semitism inevitably puts its ugly finger in the pie, although not
2135 375 3260 435 to any great extent. Also, Schnitzler is obvionsly an anti¬
2136 408 2360 463 Clericalist.
2184 442 2680 499 I make no apolouv for #
2690 440 3268 516 dealng at length with a play at
2133 487 2667 530 an outlring theatre, a 0
2131 491 2776 580 which may never come 10 cch.
1495 481 1567 604 5
2139 552 2731 600 tral London, and would pro¬
2128 581 2701 637 bably lose money if it did. It
2122 630 2697 678 has more merit in it both as a
2130 664 2698 711 play and as an inducement for
2130 698 2703 753 some good hard thinking than
2136 736 2700 789 the whole of, theatrically speak¬
2134 776 2699 832 ing, Shaftesbury Avenue and
2128 813 2595 869 the Strand put together.
2182 841 2704 898 The acting is flawiess.
1587 854 1760 928 W
2134 873 2712 936 Mr. Abraham Sofaer plays the
2131 925 2699 974 Jew doctor with all the dignity
1577 919 1633 964 2
2132 966 2703 1011 and subtlety of the best types
2136 1002 2707 1051 of his race; since the retirement
2131 1038 2697 1086 of Henry Ainley the British
375 1064 2097 1109 BRIGHT FARE AT THE ST. MARTIN’S: Two episodes in the new comedy, Heroes Don't Care. Lest—
2133 1063 2698 1123 stage has surely known no finer
469 1108 2101 1138 Sir Edward Pakenham (Felix Aylmer; centre) and his attractive wife Polly (Carol Goodner) are preparing
2124 1106 2703 1160 voice than this. The part of
456 1131 2106 1172 to retire for the night—their last together before he leaves on a Polar expedition—when a memben
2121 1141 2698 1192 the priest is less showy, but
524 1164 2101 1190 the party (Frederick Piper) brings a telegram saying some of the stores have been mislaid.
465 1170 2111 1245 Righ-Connie Crawford (Coral Brown).the aviatrix who has set her heart on accompanyingthe expedition
2132 1179 2696 1236 Mr. Bernard Merefield was
2132 1219 2709 1273 equally striking. Mr. Alan
2139 1256 2706 1316 Wheatley and Mr. Ronald
1916 1280 2634 1343 Adam were other important elements
1922 1331 2436 1388 in a team which had no tail.
1601 1625 1670 1693 9
833 2317 946 2400 0
362 2352 493 2435 8
844 2436 1889 2499 OH DEAR. WHAT CAN THE MATTER BED“ Sir Edward Paken¬
904 2480 1899 2512 ham being patched up after his ’plane had come to grief,
386 2462 810 2521 * DO not expect again
447 2512 811 2560 to see a religious
892 2509 1895 2575 icon Setme Tone Cee at ine St. Mastine rheatre
378 2542 810 2596 and political discussion
375 2583 810 2634 treated with such diplo¬
1012 2600 1657 2667 of the so-called serions plavs out cf
379 2607 988 2669 macy and at such a high level of
1014 2659 1644 2702 athousand produced nowadays deal¬
369 2659 997 2710 interest as it is in Professor Bern¬
368 2691 1000 2744 hardt, produced last week at that
1004 2697 1655 2740 ing with love in its varions forms
369 2727 1001 2785 home of winning causes, the
1015 2736 1649 2780 (usually the adulterous form), murder,
375 2763 991 2818 Embassy Theatre. The author is
997 2775 1655 2812 gangsters, or some solvable or un¬
372 2810 985 2856 Schnitzler, whose sparkling Anatol
996 2808 1650 2858 solvable but invariably dull mys¬
361 2846 987 2886 playlets many will remember, and
1000 2850 1650 2893 tery,it is good to find a new
366 2881 998 2928 the translation is by Messrs. Louis
1003 2886 1650 2932 channel explored and explored so
359 2911 845 2964 Boreil and Ronald Adam.
1008 2921 1650 2958 well. The discussion arising from
420 2949 982 3008 Now the contest between scien¬
1009 2955 1659 3006 the initial incident is brilliantly con¬
367 2992 985 3026 tiße rationalism and religions
1000 2989 1650 3038 trived and written, is spiced with
999 3028 1657 3073 ironic wit, and never approaches
370 3027 985 3070 fanaticism is almost as old as
1009 3058 1648 3118 boredom, which is leagues and a
368 3055 984 3113 Adam, and certainly much older
1012 3100 1385 3153 thensand miles away.
369 3098 984 3136 than Mr. Ronald Adam. Anti¬
379 3129 991 3180 Semitism and pro-Semitism are of
1065 3130 1659 3178 That incident is short and
369 3175 991 3223 more recent growth—emphasis on
1008 3175 1656 3220 compact. Bernhardi is a Viennese
367 3205 991 3257 the gulf between them, that is to
1010 3206 1644 3248 doctor and a Jew. His patient is a
368 3247 987 3289 say—and that is something most of
999 3246 1659 3298 Roman Catholic, who is dying, but
1007 3285 1650 3326 does not know that she is dying.
377 3283 988 3328 us deplore. Such delicate ground
1002 3322 1645 3367 A priest is summoned to give her
370 3312 988 3369 is trodden by the author with a
1003 3357 1659 3395 absolution. Bernhardi refuses to let
381 3356 989 3401 sense of proportion and also a
378 3390 978 3434 sense of humour (which possibly
997 3394 1657 3444 him see her. The reason for his
370 3431 962 3473 amounts to much the same thing).
1013 3434 1645 3480 refusal is not religious nor is it
425 3474 981 3510 Herethe battle is not beiween
1003 3468 1650 3510 scientific, though he stands through¬
373 3497 987 3552 Jew and Christian as such so much
1003 3504 1654 3542 out as primarily a scientist; it is
365 3541 997 3586 as between a common-sense scientist
997 3541 1653 3591 simply that he would be lacking in
378 3582 993 3624 who happens to be a Jew and a
997 3576 1653 3625 humanity if be allowed the presence
1003 3610 1648 3653 of the priest to change the woman
380 3620 996 3660 mystic who happens to be a
996 3649 1654 3706 from a state of serene happiness and
373 3649 993 3708 Christian. Both characters are
1005 3691 1640 3740 hope to one of hysterical terror at
375 3683 784 3736 drawn sympathetically.
1010 3722 1415 3766 the approach of death.
438 3717 990 3772 From this preamble it may be
1067 3761 1653 3815 That is all. Much may be said
373 3769 974 3814 suspected that Professor Bern¬
1003 3802 1653 3847 for the point of view of both the
376 3795 997 3842 hardt is strong meat. It is not
374 3831 985 3880 meat for habes or nit-wits, for
1012 3837 1646 3878 doctor and the priest, and much is
432 3868 981 3913 lich we may be truly thankful.
1015 3872 1660 3913 said in this original and, I think,
1007 3903 1648 3967 extremely valuable drama. The
562 3909 992 3964 hundred-andenine nine
390 3904 542 3960 Withning
