3436 4256
687 146 769 209 S
1571 139 2038 242 box 31/6
205 131 1441 260 25. Professor Bernhandi
563 1486 807 1585 2
1005 1791 1128 1889 9
1315 1804 2607 1898 Tatratl
2861 1796 2955 1892 5
2984 1826 3075 1901 —
862 1918 3172 2046 Organ der Vereinigung für das liberale Judentum e. V.
185 2074 3208 2160 Besantwer kl. Pedotteue: Brune Moyda. Die „Jüdisch-überale Zeitung“ erscheint jeden Mittwoch. Bezgspreis durch die
2967 2138 3303 2191 mmer 0.25. Bei fr
202 2138 1243 2183 We Vereinigung für das iberale Judenkum übernimmt nur
1258 2153 2774 2222 Redaktion und Geschäftsstelle: Berlin SW 11, Hallesche Skr. 1
2792 2148 3307 2247 Für die Mitglieder der Ver
191 2172 1251 2236 für diejenigen Aufsätze, die ausdrücklich als in ihrem Namen
2991 2216 3309 2273 im Mütgliedsbei
228 2207 2773 2295 oberin ihrem Anstrage ver aßt gekennzeichnetsind, die Ver¬ Fornruf: Bergmann 3356, 3359 Nachbruck sämtlicher Original-Betträge
2775 2222 3320 2297 Anzeigenpreise: Die 12
220 2248 2015 2327 e#wortung. Alle anderer, Artie“l. Aeußerungen und Vor- Postscheckonto: Berlin RW 7, 137069
1999 2270 2765 2344 nur mit vorheriger Genehmigung der
2773 2274 3307 2341 Anzeigenkarif durch die
218 2286 2006 2380 schlüge erscheinen unter der Verantwortung der Redaktion. (Vereinigung für das liberale Judentum)
2185 2309 2589 2389 Redaktion gestattet.
2769 2333 3322 2403 nahme bei der Geschäftsftell
169 2358 460 2533 Nr.15
1583 2455 2385 2542 Berlin, 26. März 1930
2627 2659 3318 2756 Sphäre, nicht bloß ins Gottesh
2635 2722 3322 2796 freilich, so gern wahren möchte:
2630 2759 3299 2830 sie erweckt Stimmungen, aber
818 2755 1941 2867 Keiigion und Aulf
2630 2815 3321 2888 erzeugt Schwärmer, Phantasten, u
2633 2846 3313 2938 soll ja auch nur um ihrer selb
877 2857 1941 2939 Von Rabbiner Dr. Gottschalk, Frankfurt a. M.
2641 2894 2917 2975 nichts mehr.
257 2914 1414 2990 Ein Kunstfreund und ein Kunstbanause, so berichtete
1490 2920 2632 3016 Aber weshalb ist dieser Weg gegangen worden? Eine
2713 2928 3322 3014 Hören wir Jatob Wassern
177 2961 1409 3048 vor kurzem das Berliner Logenblatt, wandern zur Zeit
1401 2970 2621 3052 Antwort haben wir gegeben. Aber sie bedarf einer Er¬
2624 2986 3311 3050 „Man spricht immer davon, daß
176 3024 1403 3085 der untergehenden Sonne durch den feierlich stillen Wald.
1413 3041 2619 3101 gänzung, und diese liegt in den Worten: durch Kunst zur
2619 3035 3329 3110 habe, keine Nützlichkeitsziele vers#
182 3058 1406 3132 „Ist das nicht alles wunderbar schön?“ fragt der eine.
1401 3089 2622 3155 Religion. Ja diese Menschen alle, die Meister, die Schüler,
2626 3091 3317 3153 anderen höheren Sinn muß doch
183 3105 1414 3173 Darauf der andere lachend: „Ja, sie sind Möbelhändler
2627 3125 3329 3191 bewirkt werden, wenn es nicht d
1398 3121 2630 3192 die Anhänger und Verehrer, bei Griechen, bei Christen, bei
169 3147 1400 3220 und berechnen schon den Wert dieser Fichten für ihr Ge¬
1411 3158 2620 3231 Juden, sie müssen es wohl erlebt und empfunden haben,
2623 3161 3321 3237 verfällen soll. Gewiß muß es um
175 3198 1406 3266 schäft.“ „Armer, armer Mensch,“ dachte der andere und er¬
1407 3201 2627 3268 daß ihnen die Kunst tausenofach zurückgibt, was sie ihr
2629 3209 3301 3285 gebracht werden. Aber es darf 1
171 3247 1402 3305 innerte sich der Erzählung, die sich an den Namen des
1400 3257 2628 3329 geben, ihre Seele, ihre Religiosität, ihren Gott, ihren Jubel,
2618 3263 3279 3329 nicht um seiner selbst willen ex
169 3285 1405 3357 Chirurgen Bergmann knüpft: wenn dieser am Tage eine
1406 3302 2619 3373 ihr Seufzen, ihr Sehnen und Hinausstreben aus Zeit zur
2615 3309 3317 3385 dürfen, daß hier von einem K
177 3337 1408 3397 schwere Operation vorgenommen hatte, so stellte er sich
1399 3346 2615 3411 Ewigkeit, ihr Verlangen nach Reinheit, Schönheit, Wahrheit,
2617 3345 3286 3418 das Entscheidende gesagt wurde.
185 3380 1413 3458 abends vor ein Gemälde Korinths in seinem Zimmer und
1399 3394 2616 3465 Güte; müssen gefühlt und es erlebt haben, wie ihnen aus
2616 3395 3326 3483 religiöse Wirkung zuschreiben, wen
181 3425 1151 3497 entspannte sich durch eingehende Betrachtung.
1394 3438 2622 3505 der Kunst ungeheure, immer neue Kraft zuströmte zum
2613 3446 3311 3510 bei uns verlangen, Raum vor
260 3460 1398 3530 Kunstfreund und Kunstbanause für welchen Typ ent¬
1407 3479 2620 3549 Wollen, Wirken, Vollbringen. „Uebe die Kunst nicht nur,
2608 3488 3328 3558 deren Weg zu Gott, zur Religiosit
177 3494 1401 3574 scheidet sich das Judentum? Die Antwort dürfte schon in der
1394 3518 2618 3597 dringe in ihr Inneres,“ ruft Beethoven. „Durch sie allein
2614 3530 3331 3596 allem über die Kunst führt, Rau
182 3561 1406 3634 Charakteristik liegen, die der Erbauer des ersten jüdischen
1404 3571 2617 3643 kommst du zur Gottheit,“ „ich kann die Liebe nicht anders
2618 3575 3301 3642 tigung ihrer Art, Pflege ihrer
175 3605 1399 3662 Tempels erfährt: „es erfüllte ihn göttlicher Geist“. Durch
1403 3621 2612 3673 erfassen als durch das Reich oer Musik,“ Richard Wagner,
2604 3616 3295 3680 durch jüdisch=künstlerische Mittel
170 3645 1413 3726 Religion zur Kunst, durch Kunst zur Religion wird uns
1389 3660 2621 3727 und „durch schöne Kunst wird die Natur bemeistert, wenn
2610 3662 3326 3741 dann auch durch religiös=künstler
167 3701 899 3768 durch jenen Hinweis nahegelegt.
1396 3703 2624 3788 stets der Mensch sich ernst um sie bemüht, die er vom Himmel
2612 3706 3313 3777 wir das tun, dann freilich nur
265 3729 840 3802 Durch Religion zur Kunst.
1408 3752 2181 3817 durste mit sich raffen,“ Michelangelo.
2613 3755 3329 3834 diesen gewaltigen Antrieb zur Et
265 3773 1408 3845 Die Wunder Asiens, die Wunder Aegyptens, die Herr¬
2612 3801 3307 3865 Religion der Worte, der Gesetze
1486 3808 2618 3868 Ist es nicht beinah selbstverständlich daher, daß die
174 3823 1391 3896 lichkeiten der Griechen und die Leistungen der Juden bewei¬
2614 3845 3316 3911 Man muß hier bedenken, daß zu
1397 3836 2610 3909 großen Meister nicht selten das Schicksal der Großen im
177 3875 1390 3931 sen es gleichermaßen. Das neue Interesse am jüdischen Mu¬
2602 3878 3327 3958 gehört, das der Unkünstlerische ga
1397 3897 2614 3949 Reich der Religion erfuhren? Nicht nur, daß sie ihnen in
172 3912 1090 3991 seum, neue literarische Veröffentlichungen
1168 3922 1396 3985 Galliner,
2621 3940 3326 4000 also gar nicht berechtigt ist, die
1400 3941 2606 4021 der Berufung, Auserwählung,ade nahe stehen, auch im
168 3968 1392 4036 Schwarz, Cohn=Wiener können jeden Unkundigen auf¬
2608 3973 3314 4037 lerischen anzuzweiseln. Das heißt
2134 3986 2612 4053 in der Enttäuschung,
1393 3983 2624 4101 Leiden und Entbehren, im 2.— 4##,, Schaffenmüssen und
166 4001 1398 4062 klären. Kann doch vor kurzem aus England die Nachricht
2617 4021 3326 4084 sie nur in Klänge einhüllen, nu
1394 4023 1965 4087 im Stolz auf ihr Schatt
166 4050 1394 4131 von der großartigen Schenkung eines Mr. Salomon an
1382 4064 1808 4129 Nichtanderskönnen,
2177 4068 3267 4123 #, ihr Werk iure jedes Buch und seine Lehren
910 4084 980 4135 142
