3344 4352
1587 66 3277 191 Wenene Arsehtunge ine Aeinchenstehele en i  entsheien Srherherse
1573 136 3272 237 Ausdrucks, auch nicht die letzte künstlerische Abklärung einzige in der Gesellschaft, der The
1568 207 2591 277 er Form. Die szenische Darstellung, von frischer,
2599 208 3287 286 laßt. Daß Alfred Abel die bedeut
1557 257 2592 324 juspringlicher Jugendlichkeit bestimmt, steht noch
2601 261 3284 336 lität unter den Gästen ist, hat sei
1568 297 2595 370 diesseits flüchtiger Theaterschablone. Herr Martinelli
2596 308 3283 375 tilsten Sprechkunst bewältigter Pfa#
1564 340 2583 421 and in dem ausverkauften Hause lebhaften Beifall;
2602 355 3290 432 feiner Künstler der Konversation un
1563 396 2577 471 die hübsch gesungene Romanze des dritten Aktes
2593 400 3289 480 auch Max Landa und in der R
1554 445 2581 524 vurde sogar zur Wiederholung begehrt. — Reife,
2593 460 3289 540 charakterisirten Aerztetypen nahm
1559 497 2581 569 vollblühende Künstlerschaft offenbarte die Tosca von
2596 503 3285 579 Herzfeld und John Gottow
1560 539 2574 610 Frau Langaard, die Erinnerung an eine solche
2591 555 3274 621 götzlig n Reporterfigur des Herrn
1559 584 2586 671 vermittelte der Scarpia des Herrn Takäts. Die
2596 609 3268 671 würdie n Platz ein. Die überaus
1545 628 2571 719 lünstlerische Regenerirung des Orchesters erwarten
2590 652 3288 730 nahme des Stückes in der Darstellu
1543 688 2578 769 vir von Herrn Tango. Er wird mit einer technischen
2594 698 3281 779 dem dr tten Akte einen Aufstieg in
1556 726 1910 797 zeginnen müssen.
2578 746 3290 823 rung, uls Arthur Schnitzler in
2432 762 2537 815 —y.
1665 789 3288 857 * (Gastspiel des Berliner Kleinen Thea= steller etschien und vom Publikum
1549 812 2574 917 ters.) Am ersten Abend ihres Gastspiels hat die
2592 847 3297 922 herzlicher Hervorrufe gefeiert wurde.
1547 884 2576 959 Berliner Bühne, die unser neuester Gast ist, ein
2750 899 3287 976 Im kön. Opernhause
1549 929 2563 1007 verfolgtes Stück ans Land gesetzt, wo es die Wohl¬
2579 929 3289 1010 Donnerstag, eine Reprise von Verdi's
1544 981 2566 1068 hat des freien Geleites genießen kann. Das große,
2579 985 3288 1074 Die Hauptpartien werden von Erzsi S
2584 1033 2774 1092 Szekel
2910 1041 3283 1122 und Franz Sz
1540 1024 2775 1121 sast ungestüme Interesse, das unser Publikum für Die Vorf
3088 1087 3292 1178 —.8
1542 1081 2565 1152 Arthur Schnitzler's „Professor Bernhardi“ bekun¬
2566 1119 2788 1183 der Oper
1542 1135 2575 1214 dete, ist ein Zeichen, daß es mit dem Schicksal dieses
1533 1184 2555 1255 Werkes im Klaren war. Es ist ein Stück, das seinen
2571 1214 2751 1278 nerstag,
1539 1236 2568 1302 guten Ruf der moralpolizeilichen Leumundsnote ver¬
2569 1257 2719 1323 „Mum
1532 1282 2695 1366 dankt. Man erwartete es wie einen sympathischen der #
1528 1326 2558 1404 Emigranten, der Freilandsboden unter den Füßen fühlt
2560 1347 2657 1415 Di
1528 1375 2650 1479 und dem neuen Asyl zuschreitet, durch eine Gasse, in der i
1535 1418 2587 1533 Neugierde und Theilnahme Spalier stehen. Es ist keine
2609 1455 2811 1548 318
1526 1478 2837 1580 Gestalt, die mit Absicht auf Eindruck hinarbeitet ger
1523 1517 2780 1631 gamit, daß sie feierlichen Schmerz in wehwonniger rollen wo¬
1531 1574 2741 1673 Haltung einherträgt, ja, wenn man genau hinsieht, [Gazsi,
1524 1623 2762 1720 scheucht man mit dem vorwitzigen Blick sogar den Tapol
1523 1674 2562 1750 Geist der Schalkheit aus seinem Versteck auf. Denn
1514 1726 2548 1792 mit klugem, spottlustigem Augenzwinkern werden
2558 1708 2768 1796 Donnersts
1519 1761 2553 1841 Dinge, aufs Korn genommen, die sich dem Witz des
2562 1782 2770 1858 sein Gasts.
1520 1820 2550 1893 Dichters direkt zum Spiel anbieten. Doch wir wollen
2555 1823 2776 1901 liebe“ fort
2563 1871 2765 1940 Alfred An
1518 1865 2540 1940 vorerst den Professor Bernhardi und seinen Fall in
2560 1915 2769 1991 Klein=K
1509 1918 2546 1998 der Erinnerung des Lesers auffrischen. Er ist Heil¬
2547 1957 2756 2031 debutiren.
1509 1970 2547 2047 anstaltsdirektor und Jude dazu. Eine seiner Kranken
1502 2027 2539 2102 ist sterbenskrank, dem Ende nahe. Der katholische
2555 2043 2775 2113 das Gesat
1509 2067 2534 2155 Geistliche will ihr den letzten Trost der Religion
2548 2095 2755 2154 Theate.
1514 2114 2533 2195 spenden, aber der Professor verhindert diesen Vorsatz,
2555 2137 2765 2204 an der S
1515 2164 2536 2249 denn die Kranke weiß von ihrer hoffnungslosen Lage
2547 2185 2780 2254 Gastvorsté
1507 2213 2531 2285 nichts und würde es durch die geistliche Funktion
2551 2227 2740 2305 Sitze in g
1503 2258 2527 2341 erfahren und die Kenntniß der Wahrheit über ihren
2539 2269 2761 2331 Donnerstc
2536 2321 2755 2383 närs
1505 2325 2538 2395 Zustand würde sie tödten. Der Professor vertritt
2533 2357 2748 2423 Sonntag
1509 2360 2533 2433 also dem Priester den Weg zur Sterbenden. Aber
2543 2410 2744 2467 und Hanf
1510 2410 2535 2486 was der Priester zu unterlassen genöthigt ist, be¬
2534 2451 2755 2516 Nachmitta
1508 2448 2530 2535 sorgt die Krankenschwester in ihrem christlichen Ge¬
2532 2494 2744 2573 in der Til
1513 2508 2532 2592 fühl und die Kranke stirbt an den Folgen der fürch¬
1500 2559 2750 2644 terlichen Aufregung, die die schreckliche Wahrheit in stellung d.
1499 2605 2749 2695 ihr erzeugt. Das ist der dramatisch geschürzte Anfang des Unter
1502 2660 2740 2743 des Stückes, das sich dann in der Hetze gegen Pro=v. Nära
1492 2720 2526 2782 fessor Bernhardi, die mit dessen Verurtheilung endet,
2538 2711 2746 2792 zahlreiches
1495 2748 2529 2840 den rein polemischen Boden betritt in der Gegen¬
1495 2804 2528 2886 überstellung der klerikalen und liberalen Anschauung
1497 2859 2526 2939 auf speziell Wiener Untergrunde. Ein Kampfstück ist
2562 2885 2776 2972 Mat
1492 2900 2523 2993 die Komödie Schnitzler's nicht, und das Aufeinander¬
2533 2942 2738 3016 nyitva 9—
2843 2941 3003 3034 P
1492 2944 2521 3029 prallen der Gegensätzlichkeiten ist für den Dichter
2532 3003 2747 3058 (Kutnevsz
1484 2998 2515 3084 keine so wichtige Sache wie die Aussprachen, die
2527 3046 2740 3100 öeszes m
1480 3043 2525 3131 er genau wahrnehmbar in ausgleichsfreundlichem
2581 3082 2730 3136 gumt
1485 3089 2520 3192 Sinne führt. Pikant wird die Sache freilich durch
2555 3107 2744 3187 Woi
1482 3150 2527 3247 lecke Wahrheiten, die mit gleicher Vertheilung für
1487 3204 2525 3277 beide Theile angebracht werden und so die taktische
1478 3261 2519 3334 Balance gewährleisten. Die Polemik wird unter vol¬
1487 3292 2520 3398 lem Verzicht auf die dramatische Forderung mit
1476 3347 2520 3441 fürstlicher Verschwendung von Zeit und Witz be¬
2596 3349 2739 3449 Dil
1474 3399 2520 3481 trieben, es wird gleichsam mit Behagen an den dra¬
1487 3438 2519 3516 matischen Stromschnellen vorübergesegelt, um im stillen
2616 3468 2738 3536 W
1478 3484 2506 3574 Wasser des Milieuhumors und der Argumenten¬
2507 3524 2725 3598 gramm
1481 3534 2505 3625 produktion fahren zu können. Die Aufführung durch
2512 3574 2711 3650 plötzli
1475 3580 2492 3680 das Ensemble des Berliner Kleinen Theaters ist eine
2515 3629 2709 3703 Finanzre
1468 3625 2499 3723 vorzügliche. Die Künstler des Direktors Bar¬
2507 3686 2711 3758 Landesan
1465 3685 2499 3770 nowsky sind im Begriffe, in das Lessing=Theater
1475 3739 2502 3821 einzuziehen, und ihr Ensemble zeigt die nöthige
2504 3736 2716 3813 Weiterfü
1482 3778 2721 3883 Spurweite, um auf den Geleisen Brahm's fahren zu Landesar
1466 3849 2704 3923 können. Die Regie weist auf eine Führung hin, und das
1461 3877 2683 3983 die mit den Absichten des Schnitzler'schen Werkes imdadurch
2836 4082 2958 4175 —
2664 4087 2780 4164 Gae
