3344 4352
262 170 1567 280 25. Professer Bernhandi
704 416 1130 494 EXTRACP rne..
693 455 1467 691 Shau Mtaise
1019 809 1292 910 AUG 1938
637 907 1345 968 PROFESSOR BERNHARDI (Phocnix).
509 936 1588 1007 Plaz in ihree acts. by Artbur Schnitaler. Action of tbe play
472 995 1454 1045 in Vienna. Four ehanger of scene. 20 Men, 1 woman.
438 1033 1589 1094 One can best describe this play by stating that had Galsworthy
388 1085 1596 1132 been educated at Heidelberg instend of at an English Public School,
391 1107 1584 1178 he would have written just such a play. That is to say, it deals
399 1153 1595 1219 with urgent conflicts of loyalties and ideals, but instead of appealing
388 1186 1592 1249 tothe audience's latent humanitarianism, it presents its theme in a
388 1225 1585 1293 fury of dialectic, which is as precisely marshalled as a scholarly
390 1259 1581 1308 debate among professors. It docs not therefore follow that this is
391 1299 1583 1348 an arid essay in argument and counter-argument. Far from it. This
390 1339 1582 1403 is a play for the adult intelligence, for the theatre-goer who is not
381 1377 1573 1426 afraid to bring his brains with him when he takes an evening out.
387 1408 1216 1458 It is, morcover, dramatic, exciting and moving.
421 1444 1573 1519 The theme is once more that of the Jew in conflict with the com¬
383 1484 1588 1536 munity. (Of all topics in these days the most topical.) Professor
384 1526 1579 1574 Bernhardi, director of a Viennese hospital, refuses to allow a Catholic
380 1563 1573 1623 priest to administer the last rites to a dying patient, for the very
384 1597 1581 1665 good reason that the patient is happy, and entirely unaware that
381 1646 1572 1704 she is dying. From the consequences of what is to him a logical
379 1683 1576 1728 and humanitarian action, the drama of the play is most ingeniously
376 1723 1581 1766 developed. Hatred of the Jew, personal ambition, conflicts of belict,
378 1759 1583 1812 political necessity —all these developments the author has skil¬
382 1789 1571 1852 fully presented in what rapidly becomes a cunse refehre. and results
383 1825 1577 1895 in à prison sentence for the Professor. The author makes no special
369 1867 1218 1909 pleading for one attitude rather than another.
418 1907 1577 1968 A play for amateurs to act? It is hardly likely, since there is
380 1944 1578 2005 the tiniest part for one woman only, and the play is the concern
379 1983 1576 2042 of twenty men. (This results, incidentally, in a refreshing rongh¬
369 2005 1577 2061 ne# in the play’s vigour. Oue playgoer at least welomed this free¬
380 2053 1568 2116 dom from petticcat influence!) But all playgoers should see this
384 2096 1571 2156 vitally dispassionate play. Abraham Sofaer is Professor Bernhardi
379 2135 1578 2175 as the author must have scen him. Ronald Adam pontificates as
374 2162 1572 2212 a politician, with an air which is wickedly that of all Ministers who
382 2202 1568 2264 unseal their lips to their private secretaries only; and the large cast
375 2236 1569 2286 is competent fronk start to finish. Producers who feel that they still
368 2288 1568 2339 have a little to learn might see Heinrich Schnitzler’s production if
372 2314 1569 2361 only for the way he has handled a board-room meeting. From this
374 2352 1564 2391 scene (as throughout) he has created twice as much drama as even
365 2377 777 2442 the author put into it.
1361 2395 1522 2445 W.R.B.
881 2568 1026 2636 RACT
1083 2668 1249 2788 1
846 2647 990 2797 1
488 3091 1664 3154 Professor Bernhardi by Arthur Schnitzler has beei
433 3134 1686 3182 wansferred from the Embassy, Swiss Cottage, to the Phenixt.
428 3171 1668 3249 Theatre, Charing Cross Road. This is onc of the most serions
424 3222 1672 3268 plays the clever playwright Schnitzler wrote. Most of bis
421 3267 1666 3321 plays have a light ironic tang, but this is a serious handling
433 3321 1678 3373 of a problem of behaviour. A clever Jewish physician, impelled
420 3359 1668 3414 by his conscience as a medical man prevents a priest from
422 3405 1677 3461 going to the bedside of a dring girl. The play develops on
423 3441 1672 3501 the conflict between the claims of expediency and the impulse
425 3493 1661 3543 of the professor to act upon the truth as he secs it. The play
428 3528 1673 3583 is particularly topical now because of the Anti-Jewish mania
419 3578 1666 3620 that is afllicting a considerable part ofthe European population;
425 3622 1676 3679 but really the play revolves round a deeper problem than anti¬
419 3671 1675 3710 semitism and its consequences. This issue becomes simply the
418 3708 1673 3760 vehicle for a dramatic presentation of the age-long problem
420 3753 1600 3798 of the nature of truth and our obligations of loyalty to it.
460 3805 1666 3854 Mr. Abraham Sofaer plays Professor Bernhardi. T have a very'
426 3850 1679 3898 high admiration for Mr. Sofaer’s powers as an actor, and bis
416 3896 1672 3942 easy capacity for conveying nobility is well suited to this play.
426 3941 1672 3998 But the cast as a wholc is of particularly fine quality; one has
423 3983 1663 4031 a feeling of inevitability with regard to the casting that says
419 4021 1205 4084 much for the presentation of the play.
1617 181 2065 265 box 31/5
2426 243 2898 343 EXTRAOT FROM
2376 362 2968 454 THEATRE WORLD,
2183 431 3146 531 Dorset Buildings, Salisbury Square, E.C.4
2485 503 2896 599 SEAUG 1956
2194 567 2369 641 Date
2439 682 2650 754 PHGNIX
2972 692 3179 758 Juli) 14#h
2582 739 3038 808 # PROFESSOR
2993 801 3041 841 9
2578 794 3007 871 BERNHARDI
2440 859 3184 918 A Play in Three Acts. By Arthur
2474 913 3179 955 Schmtzler. English version by Louis
2471 944 3183 1002 Borell and Ronald Adam. Produced by
2470 973 2855 1025 Heinrich Schnitzler.
2445 1001 3189 1053 Cast includes: Abraham Sofaer, Ronald
2471 1056 3178 1096 Adam, Bernard Merefield, Earle Grey, John
2474 1092 3183 1143 Garside, Charles Maunsell, Alan Wheatley,
2461 1119 3187 1176 Noel Howlett, Leonard Sachs, Arthur
2469 1161 3129 1197 Seaton, Don Gemmell, Anne Cotton.
2477 1191 3190 1258 r needed a bold man to transfer
2499 1238 3179 1299 Schnitzleplav from Swiss
2495 1280 3180 1336 Cottage to the West End, but
2430 1331 3193 1381 Ronald Adam, who has done such
2439 1381 3184 1431 fine work at the Embassy Theatre,
2436 1423 3186 1481 has always had the courage of his
2438 1476 3178 1530 convictions. It is upto serious play¬
2420 1524 3188 1582 geers to ensure that the venture dees
2430 1561 2871 1622 not go unsupported.
2474 1599 3181 1658 The secker after light entertain¬
2418 1643 3186 1706 ment may find this play rather heavy
2432 1699 3192 1758 going. As an essay in dialectics it is
2427 1746 3172 1791 a meritorious piece of writing, con¬
2426 1801 3172 1855 taining some fine passages of drama¬
2434 1836 2692 1894 tic conflict.
2475 1863 3190 1931 Vienna, too often the theatrical
2438 1934 3179 1980 scene of spurious gaiety and amorous
2432 1983 3187 2027 dalliance, is here the background of
2430 2021 3175 2077 political intrigue and racial ani¬
2424 2063 3189 2119 mosity. Bernhardi, director of the
2433 2109 3190 2162 Elizabeth Institute, refuses to allow
2429 2152 3192 2214 a priest to administer extreme
2439 2203 3189 2259 unction to a woman patient who is
2429 2244 3179 2306 ignorant of approaching death. His
2436 2290 3189 2354 attitude, if ill-advised, is prompted
2434 2346 3186 2393 by humanitarian motives, but the
2426 2386 3179 2438 incident, distorted by rumour and
2433 2430 3183 2487 exaggerated by those with personal
2439 2482 3189 2529 and political axes to grind, leads to
2432 2521 3182 2578 a question in Parliament and ulti¬
2439 2565 3185 2617 mately to Bernhardi’s trial and
2429 2616 3182 2665 imprisonment. Treating the matter
2436 2655 3178 2721 with dignity and contempt, and
2431 2711 3184 2762 refusing to submit to the laws of
2433 2755 3191 2813 expedience, he is made the scapegoat
2442 2796 2754 2858 of his enemies.
2477 2838 3192 2889 The scene between Bernhardi and
2437 2889 3186 2945 the politician who promises his
2443 2933 3188 2986 support and then goes back on his
2441 2975 3193 3023 word is brilliantly written, and acted
2445 3022 3191 3079 with subtle irony by Abraham
2440 3065 3188 3122 Sofaer and Ronald Adam. Equally
2425 3115 3183 3172 good, if somewhat protracted, is the
2438 3160 3193 3211 scene whiere the priest calls on
2439 3203 3188 3258 Bernhardi after the trial at which he
2430 3251 3190 3316 has given evidence. The committee
2436 3297 3186 3355 meeting atthe Institute, where
2424 3354 3190 3397 Bernhardi’s resignation is demanded,
2428 3391 3183 3441 gives rise to a dramatic clash of
2463 3472 3223 3558 character between the professor’s
2470 3529 2995 3584 partisans and opponents.
2517 3570 3216 3619 Abraham Sofaer dominates the
2472 3615 3215 3676 play with his suave, forceful study of
2466 3661 3216 3724 Bernhardi. Ronald Adam’s poli¬
2464 3701 3212 3770 tician is a masterpiece of ironical
2464 3764 3211 3813 observation. Bernard Merefield as
2470 3798 3209 3849 Father Reder; Earle Grey as Bern¬
2462 3848 3211 3905 hardi’s implacable foc, Ebenwald,
2455 3886 3220 3954 and Alan Wheatley as the bland
2459 3929 3210 3990 Conncillor Winkler give outstanding
2461 3977 2773 4038 performances.
2951 3980 3159 4048 D. C. F.
