3344 4320
1409 129 1554 186 —
1651 186 2093 274 box 30/3
288 173 1548 284 25. Professor Bernhand i
560 920 1304 1029 Ausschnitt auss. Dio Wage.
1301 951 1480 1033 Wien
903 992 1229 1090 30 N0N 1612
576 1015 727 1071 vom:
483 1148 608 1207 1106
468 1240 1596 1339 Arthur Scnfglers rasesion Bernhardi“
480 1304 1873 1395 Erstvorlesung durch den Schauspieler Ferdinand Onno im Festsaal des
592 1357 1565 1433 Ingenieur= und Architektenvereines am 28. November.
578 1416 1873 1507 Man kennt die Vorgeschichte dieser Vorlesung. Das Deutsche
459 1475 1862 1551 Volkstheater hatte das Drama zur Aufführung erworben, die
464 1512 1859 1604 Zensurbehörde nach Anhörung des Zensurbeirates die Aufführung
450 1569 1849 1653 verboten und das Ministerium als Brufungsinstanz das
448 1616 1847 1696 Verbot bestätigt. Da man also —vorläufig — auf eine Bühnen¬
455 1657 1853 1750 darstellung verzichten muß, entstand in einem hellen Kopse der
448 1711 1855 1803 Gedanke, das Werk durch eine öffentliche Vorlesung weiteren
457 1759 1850 1843 Kreisen bekannt zu machen. Nun, Österreich ist darob nicht
455 1818 1862 1898 zugrunde gegangen, der Staat und die Kirche bestehen ruhig
456 1863 1863 1953 weiter und sie wären wohl auch durch eine Theateraufführung
448 1918 1389 1971 nicht in ihrem Bestande erschüttert worden.
574 1951 1804 2031 Das Unternehmen brachte — dies sei vorweg festgestellt —
452 1993 1848 2079 einen vollen Erfolg. Herr Onno entledigte sich seiner Aufgabe in
451 2052 1846 2126 meisterlicher Weise: seine reiche Charakterisierungskunst, der edle
447 2101 1848 2178 Ton seines Organes, das Feuer einer echten Begeisterung, das
444 2144 1842 2212 aus seinen Augen leuchtete, bereiteten den mächtig ergriffenen Zu¬
447 2196 1840 2288 hörern das Fest einer künstlerischen Darbietung, die den szenischen
450 2239 1829 2341 Apparat der Bühne fast unschwer vermissen ließ, und Beifalls¬
434 2292 1840 2388 stürme durchbrausten den dichtgefüllten Saal, wie wir sie „in
432 2350 1842 2422 diesem Winter unseres Mißvergnügens“ an den eigentlich der
432 2397 1833 2474 dramatischen Kunst geweihten Stätten noch nicht zu hören bekamen.
551 2450 1844 2538 Die Dichtung selbst scheint uns eine der wirkungsvollsten,
432 2487 1829 2587 die Schnitzler je gelang. Es sind Worte darin von markigem
433 2546 1833 2633 Klange, von einer gewitterhaften Wucht des Ausdruckes, von
438 2602 1820 2675 einer leidenschaftlich=schmerzlichen Bewegung, die man bisher in
432 2632 1826 2731 keinem Bühnenwerk des Dichters vernommen und die nur wie
431 2706 1832 2780 aus einer vulkanischen Entladung jahre=, jahrzehntelang unter¬
429 2744 1829 2831 drückter innerer Empörung erklärt werden können. Aber es fehlen
421 2779 1814 2867 auch die an Schnitzler mehr gewohnten ironischen Lichter nicht,
424 2848 1830 2929 die wie rasche Blitze über den Horizont hinzucken, und es fehlt
418 2904 1829 2974 vor allem auch nicht die tiefe, herzliche Rührung, in die das
415 2950 1838 3029 Pathos leidenschaftlicher Spannung sich löst, wie in einen segnenden
428 2979 768 3052 Gewitterregen.
549 3040 1832 3125 So kann man mur immer wieder bedauern, daß allzu große
416 3085 1816 3171 Angstlichkeit diesem bedeutenden Kunstwerk die ihm gebührende
416 3141 1815 3212 Wirkung von der Bühne herab — vorläufig — versagt hat. Aber
416 3182 1806 3262 unsere dramatische Produktion ist an ähnlichen Gaben nicht so
412 3246 1826 3316 reich, daß man auf die Dauer, ja auch nur auf längere Zeit
410 3291 1823 3363 dieses von lebendigstem Leben erfüllte Werk im Theater wird
413 3329 1810 3412 missen wollen, wird missen können. Ein längeres Verbot wird
409 3377 1811 3435 seine Wirkung nur steigern, und man kann der Zensurbehörde
409 3427 1824 3518 keinen besseren Rat geben, als sich den berechtigten Forderungen
413 3468 1286 3563 der Zeit nicht eigensinnig zu entziehen.
1645 3499 1698 3562 B
2482 851 2919 949 uuslienangabe chne Grwan).
2136 925 3044 1009 Ausschnitt aus: NEICHSPOST, WIEN
2365 994 2641 1095 N 11 1912
2143 1036 2305 1121 vom:
2295 1065 2361 1134 Gee
2863 1066 3148 1171 anelen
2124 1128 3162 1313 Cheater, Kunst, Musik.
2133 1281 3213 1364 — Professor Bernkardi“. Die Aufführung dieses
3087 1355 3218 1405 vom
2050 1355 3019 1424 leuen Schausvieles von Artur Schnißler.
2058 1400 3216 1457 Buratheater zurückgewiesen, vom Deutschen Voltskheater
2056 1436 3217 1510 jedoch angenommen wurde, wurde bekanntlich von der
2055 1488 3213 1548 Zensur verboten. Am Donnerstag las nun der Schau¬
2059 1543 3215 1600 spieler Ferdinand Onno große Teile dieses Dramas im
2059 1569 3217 1638 Festsaale des Ingenieur= und Architektenvereines vor und
2061 1606 3210 1684 erntete für seine wahrhaft großartige Rezitationskunst
2423 1649 3217 1716 Auf das Stuck, das schon so viel vop¬
2380 1674 2431 1713 —
2070 1669 2375 1733 reichen Beifall.
2070 1690 3214 1775 sich reden gemacht hat, werden wir morgen eingeh#nld
2057 1757 2357 1834 zurückkommen
2051 2257 2419 2345 isschnitt aus:
2462 2234 3024 2343 Osterreich. Volkszeitlung, Wita
2237 2331 2438 2401 11. 197
2061 2368 2571 2438 Mm. Sernenung
2162 2407 3095 2467 — Ferdinand Onno vom Deutschen Volkstheaterlask
2101 2465 3092 2518 vorgestern abends im Saale des Ingenieur= und
2092 2500 3089 2573 Architektenvereins die jüngste dramatische Schöpsung
2096 2549 3092 2610 Artur Schnitzlers, die fünfaktige Komödick
2098 2589 3096 2645 „Profekfor Vernhärdi“, deren Aufführung im
2092 2632 3096 2708 Deutschen Volkstheater durch die Zensur verboten worden
2090 2682 3078 2729 war. Das Grundthema des Stückes ist ein Gewissens¬
2097 2726 3086 2779 problem, bei dem ein Mann der medizinischen Wissen¬
2100 2755 3096 2825 schaft, Professor Bernhardi, und der Pfarrer Franz
2101 2811 3097 2881 Reder einander gegenüberstehen. Bernhardi ist Direktor
2096 2851 3094 2918 des Elisabethinums, in dem ein junges Mädchen im
2089 2896 3097 2949 Sterben liegt. Dieses Mädchen befindet sich noch bei
2091 2937 3087 2986 vollem Bewußtsein und glaubt an ihre Rettung, und
2093 2975 3093 3031 Bernhardi verweigert dem Pfarrer den Eintritt zur
2084 3022 3092 3079 Sterbenden. Bernhardi ist ein lächelnder Philosoph. Die
2094 3067 3110 3146 Figuren des Stückes sind durchweg trefflich charakterisiert,
2090 3113 3090 3174 der Dialog geistreich. Das Publikum dankte dem Vor¬
2893 3156 3095 3212 An dem
2088 3165 2792 3209 tragenden durch stürmischen Beifall.
2098 3198 3097 3261 gleichen Abend sand im Berliner Kleinen Theater
2090 3242 3095 3314 die Uraufführung von Schnitzlers Komödie mit überaus
2087 3285 2508 3365 lebhaftem Erfolg statt.
