3436 4352
801 198 942 253 S S
1069 186 1157 256 B
1703 191 2148 281 box 30/2
348 188 1651 283 25 BfThhaEdi
1412 727 1978 819 (Quellenangabe ohne Oewähr.)
1111 789 2091 902 Ausschnitt aus: Nachmittagsausgabe
1385 853 1908 951 jak 19# Wien
1116 912 1274 961 vom:
1164 1003 2263 1086 Ueber das Aufführungsverbot, von
1071 1061 2260 1134 dem Schnitzlers „Professor Bernhard“
1073 1116 2265 1165 fnun auch in Preßburg ereilt wurde, schreibt der kenntnis¬
1082 1173 2274 1217 freichste und geistvollste Kritiker, über den die Wiener
1090 1211 2270 1273 liberale Tagespresse zu verfügen hat, Dr. Robert
1077 1261 2265 1329 [Hirschfeld, im Feuilleton des „Neuen Wiener
1076 1292 1487 1374 Tagblatt" u. a.#
1168 1337 2267 1429 Es gibt auch eine inn ere Zensur, die dem Ge¬
1072 1374 2266 1451 müte die Teilnahme an einem Werke verbietet. Diese innere
1085 1444 2254 1499 Zensur ist stärker als die gewaltsame äußere, weil sie aus dem
1076 1483 2265 1524 sästhetischen Urteil fließt, das keinen Einspruch gestattet. Mein
1077 1524 2255 1563 (Geschmacksurteil ließe sich in einem Sonder¬
1074 1549 2252 1599 jzuge nicht entführen; es steht auf dem heimischen
1069 1597 2261 1645 Boden so fest wie auf jedem andern und erstrebt kein
1072 1642 2246 1691 [Asyl im Lande der Magyaren. Von sittlichen
1074 1679 2238 1733 Werten zunächst ganz abgesehen, gilt mir in der inneren An¬
1070 1715 2248 1757 schauung die Komödie „Professor Bernhardi“ als Verstoß
1072 1755 1454 1801 gegen den
1491 1758 1903 1812 künstlerischen
1945 1756 2254 1812 Geschmack.
1078 1784 2096 1838 Wir sind vor ein Problem gestellt, das
2141 1799 2247 1847 dem
1068 1824 2249 1877 Gläubigen nichts weniger denn als Problem erscheint
1065 1868 2253 1914 und als sakramentaler Bestandteil der Religion vor der
1059 1893 2237 1960 weiteren komödienhaften Erörterung, wie sie
1077 1949 2248 2000 (dem Autor des „Professor Bernhardi“ beliebte, vor dem
1062 1983 2241 2049 Kulissenzauber, vor der Verpöbelung durch un¬
1071 2023 1210 2070 treif
1215 2029 2246 2076 eGaleriebesucher behütet werden müßte.
1067 2057 2236 2121 Man mag ungläubig sein und freien Sinnes nach Toleranz
1064 2101 2240 2155 rufen — die wahrhaft tolerante Menschlichkeit bewährt sich
1076 2125 2246 2200 doch vor allem darin, daß ins Gehege einer Religionsgemein¬
1058 2175 1845 2220 schaft nicht irgendwie eingebrochen wird
1884 2186 2242 2235 am wenigsten auf
1068 2217 2240 2278 dem Theater, das keine gesetzgebende Stelle und nicht der Ort
1070 2249 1598 2298 für Religionsverbesserer ist.
1162 2293 2244 2374 Hirschfeld faßt seine Kritik in den Schlußsatz
1060 2339 2237 2415 zusammen: „Es ist schade, daß das Werk mit seinem
1066 2403 2243 2467 engen Horizont nirgends einen großen Ausblick
1060 2444 2254 2507 bietet.“ — Aber was Geschmack und Fachmännerurteil!
1057 2488 2213 2558 Der Fichtegassenintelligenz gefällt das Polizeiwidrige!
1376 2845 1857 2928 Tauchchangabe omlie Gewahr.)
1431 2906 2214 2997 erliner Börsen Courier, Berlis
1058 2913 1480 3002 Ausschnitt alfs!
1575 2971 1999 3068 Abendansgate
1068 3037 1232 3089 vom:
1152 3167 2117 3252 Schnitzlers Professor Borchardt“ wurde
1076 3210 2118 3307 fun auch in Ungärn, und zwar in Preßburg,
1108 3262 2130 3349 derboten, wo es von Wiener Theaterkräften aufge¬
1089 3293 2144 3389 führt werden sollte. Man hält dieses Verbot für
1083 3344 2178 3433 einen Akt Courtoisic gegenüber den österreichischen
1077 3361 1314 3454 Behörden.
