3436 4320
331 127 1532 240 25. Brofessa Bernha
433 627 1152 721 Berliner 1 (Quellgnangwesehne, Gewäß
1156 653 1298 737 erlin
401 697 822 774 Ausschnitt lus
790 717 1086 796 „Maingabe
849 770 994 835 19•2
397 807 562 855 vom:
649 921 1317 1006 Kunst und Wissenschaft.
598 983 1431 1049 Die Komödie „Professor Bernhardi“ von
482 1009 1431 1083 Nchur Schnitzler, die gestern im Kleinen
471 1060 1438 1124 heat####—manssührung kam, besteht aus fünf
489 1119 1429 1181 sehr langen Akten. Diese fügen sich weniger
494 1161 1440 1203 zu einem geschlossenen Stück zusammen, stellen sich
491 1197 1443 1246 vielmehr als der Niederschlag aller möglichen Er¬
507 1232 1438 1279 fahrungen und Beobachtungen dar, die der Verfasser
503 1280 1436 1326 in seinen Eigenschaften als Arzt und Jude in der
491 1315 1192 1356 Kaiserstadt an der Donau gemacht hat.
541 1351 1420 1418 Der Einzelfall ist der: Professor Bernhardi,
490 1400 1427 1449 mosaischen Bekenntnisses, Leiter eines Krankenhauses,
494 1428 1431 1480 verwehrt einem Geistlichen den Zutritt zum Kranken¬
502 1472 1432 1523 bett eines dem Tode unrettbar verfallenen Mädchens,
490 1520 1435 1574 weil dieses sich im Zustande größter Genesungs¬
496 1555 1436 1593 gewißheit befindet und der Anblick des Pfarrers ihr
489 1594 1443 1630 das Verzweiselte ihrer Situation zum Bewußtsein bringen
498 1633 1435 1681 müßte. Kollegiale Mißgunst und politisch=religiöse Leiden¬
497 1676 1430 1719 schaften stiften nun ein Kesseltreiben gegen den Professor
484 1708 1441 1750 an, führen eine Interpellation im Parlamente und
486 1750 1437 1803 als Frucht der parlamentarischen Aussprache ein Ver¬
493 1787 1433 1841 fahren gegen den Professor herbei, das mit seiner
492 1821 1434 1881 Verurteilung zu zwei Monaten Gefängnis endet
499 1871 1427 1929 und auch die Aberkennung des ärztlichen Diploms
495 1909 1428 1964 zur Folge hat. Der letzte Akt entläßt uns
493 1945 584 1989 mit
588 1942 1433 1993 der Aussicht auf weitere Verfolgung der
485 1980 1423 2046 Angelegenheit durch sämtliche Instanzen, und dafür,
481 2013 1418 2069 daß uns der Verfasser nicht auch diese noch mit¬
487 2060 1413 2118 erleben läßt, muß man ihm immerhin dankbar sein,
490 2108 1431 2160 so sehr man ihm auch während der redseligen fünf
479 2145 1040 2201 Akte manchmal grollen mochte.
537 2185 1426 2236 Schnitzler ist hier viel weniger der geistreiche
481 2224 1423 2282 Planderer, als welchen man ihn besonders schätzt.
487 2273 1419 2331 So nahe ihm das Milien in jeder Hinsicht
490 2301 1430 2363 steht, er redet doch mehr darüber, als daß er in
488 2346 1425 2399 ihm lebt. Es braucht nur irgend eine Frage
488 2393 1424 2437 angeschnitten zu werden, und gewiß findet sich irgend
478 2436 1427 2488 eine der vorhandenen Personen, die darüber einen
490 2463 1418 2517 wohl stilisierten, mit allen überlieferten Schlag¬
484 2494 1425 2555 worten durchsetzten Leitartikel vom Stapel läßt.
489 2545 1427 2599 Das ist freilich in den Ohren vieler Zu¬
479 2576 1422 2640 hörer die schönste Musik, wie gestern die starke
472 2621 1420 2670 Interessiertheit des Publikums bekundete, aber mit
478 2665 1423 2715 =Kunst haben solche Anschanungsäußerungen ver¬
475 2706 1421 2738 zweifelt wenig zu tun. Daß Schnitzler freilich auch die
468 2730 1421 2795 Bühnentechnik wie nur ein Sudermann beherrscht, be¬
478 2782 1414 2834 weisen der dritte Akt, der in der Wiedergabe
470 2810 1409 2860 einer Professoren=Konferenz mit überraschenden
472 2850 1409 2902 Effekten wahrhaftig nicht sparsam umgeht, und
471 2891 1143 2944 die Szeue, da der Professor
1149 2901 1411 2959 nach seiner
477 2930 1407 2986 Verurteilung mit dem Geistlichen nochmals zu¬
471 2980 1418 3035 sammengeführt wird. Gegenüber solchen virtnosen
465 3012 1404 3057 Raffinements wirkt dann aber wieder die tech¬
470 3056 1401 3106 nische Hilflosigkeit um so greller, die sich zum
470 3091 1411 3149 Beispiel in den zahlreichen referierenden Be¬
462 3142 1398 3175 richten, in den vielen Diskussionen über vorher¬
462 3176 1408 3219 gegangene Ereignisse und in dem nervösen Auf= und
458 3219 1395 3265 Abtreten der vielen Personen dokumentiert. Aber,
457 3260 1403 3308 wie gesagt, die verschiedenen Leitartikel weckten starkes
463 3291 1404 3353 Echo, und Schnitzler konnte sich schon vom dritten
459 3323 1090 3375 Akte an oft auf der Bühne zeigen.
493 3371 1405 3423 An diesem Erfolge hatte aber auch die Dar¬
463 3408 1143 3458 stellung ganz hervorragend Anteil.
1164 3416 1402 3470 Die große
462 3456 1396 3506 Zahl der Mitwirkenden zwingt schlechterdings zu
458 3485 1404 3546 einem Kollektivlob. Mit Bruno Decarli, dem
449 3515 1400 3589 Darsteller der Titelrolle, einem neuen Gewinn aus
453 3567 1388 3623 Leipzig, bildeten die Herren Klein=Rohden, Herzfeld,
450 3602 1401 3664 Salfner Abel, Landa, Adalbert, Gottowt u. a. ein
451 3650 1383 3704 Ensemble, auf das Direktor Barnowsky stolz sein
456 3677 1388 3742 kann, wie auch auf seine Regieführung, deren flottes
450 3725 1285 3774 Tempo über viele Längen glücklich hinweghalf.
493 3769 1392 3824 Von einer kleinen Nebenrolle abgesehen, tritt keine
459 3797 1389 3863 Frau in dem Stück auf, und von Liebe und Erotif
445 3848 1364 3919 finden sich in ihm keine Spur. Und das will ei
449 3878 1395 3956 Schlic ssein! Ich verstehe die Welt nicht meht
1711 147 2132 228 box 30/1
1719 1326 2151 1413 Ausschmilt aus:
2173 1349 2837 1476 „Msisee Zeitung, Steitin
1975 1389 2268 1476 59 11. 1914
1716 1442 1866 1503 vom:
2160 1535 2236 1590 #ö
1799 1512 2716 1622 Eine Arzt-Ko ie von Schnitler.
1773 1613 2863 1662 Aus Berlin wird uns geschrieben: In dem neuen Werke
1658 1652 2853 1691 Arthur Schnitzlers, der fünfaktigen Komödie „Professor
1659 1683 2860 1740 Bernhardi“, die am Kleinen Theater ihre Urauffüh¬
1664 1737 2863 1779 rung erlebte, klingen zwei Grundmotive seines Schaffens zusam¬
1677 1773 2859 1814 men, die schon oft in ihrer tieferlebten Melodie die heimliche Fuge
1666 1808 2852 1856 seiner Werke gebildet haben: Seelenlage und Seelenkonflikt des
1668 1853 2858 1899 Arztes und der konfessionelle Zwiespalt unsever Zeit, wie er in der
1666 1885 2856 1940 Judenfrage zum Ausdruck kommt. Der Held ist Arzt und ist
1666 1928 2856 1971 Jude, und daß in einem dramatischen Augenblick seine Welt¬
1670 1972 2853 2018 anschauung mit aufwallender Heftigkeit in den Kreis seiner beruf¬
1663 2004 2863 2041 lichen Pflichten eingreift, das bietet den tragikomischen, eine Zeit
1665 2039 2858 2083 lang sogar sehr tragisch botonten Konflikt des Dramas. Der be¬
1665 2081 2861 2127 rühmte Internist Professor Bernhardi verweigert einem Priester
1662 2115 2858 2161 den Zutritt zu dem Sterbelager eines jungen Mädchens, das in
1665 2159 2861 2196 seiner Klinik in der letzten Todesverzückung, ihres Schicksals un¬
1689 2198 2868 2244 bewußt. den Geliebten erwartet und das der den Trost der Reli¬
1681 2226 1746 2262 1
1667 2242 2860 2302 gios bringende Geistliche aus der letzten irdischen Seligkeit in die
1662 2276 2863 2323 bittere Todesgewißheit hinüberführen würde. Diese Handlung,
1663 2317 2857 2358 die der für das leivliche Wohl seiner Kranken sorgende Arzt für
1661 2351 2860 2385 berechtigt hält, die aber kein Verständnis für den tieferen Sinn
1671 2392 2866 2440 der katholischen Religion beweist, bringt dem Professor eine Fülle
1664 2434 2847 2489 von Unannehmlichkeiten; er wird von seinem Amte suspendiert,
1665 2471 2849 2522 eines Religionsvergehens angeklagt und zwei Monate ins Gefäng¬
1664 2510 2866 2551 nis gesperrt. Und schließlich muß er sich von einem weltklugen
1664 2552 2867 2587 Hofrat sagen lassen, daß er, der Arzt ist mit Leib und Seele und¬
1668 2589 2858 2627 die politisch=religiösen Wirrungen qualvoll empfindet, übereilt ge¬
1669 2632 2856 2677 handelt habe, daß ihm das Zeug zum Bekenner, zum Reformator
1668 2664 2867 2705 und Märtyrer fehle und daß es richtiger sei, nicht unüberlegt
1664 2704 2868 2771 einen Schritt zu tun, dessen letzte Konsequenzen man dann nicht
1665 2744 2867 2791 ziehen wolle. Der Grundfehler des Dramas, das in vielen
1644 2830 2836 2911 Szenen die reife Kunst der Charaktergestaltung und in feinen Be¬
1649 2865 2831 2941 nerkungen des Dialogs die abgeklärte Weltweisheit des Dichters
1642 2907 2828 2987 verrät, scheint mir darin zu liegen, daß Schnitzler seinem Helden
1637 2943 2835 3032 gegenüber eine zwiespältige Stellung einnimmt. In den ersten
1639 2985 2835 3057 drei Akten stellt er uns in ihm ein Idealbild eines echten Mannes
1637 3025 2831 3108 und großen Gelehrten vor, während in den beiden Schlußakten die
1638 3063 2835 3148 ernsten und mannhaften Töne ins Ironische, Skeptische, Ko¬
1632 3099 2813 3188 mödienhafte angedeutet werden. Und so fällt auch der künstle¬
1626 3132 2823 3226 rische Stil auseinander: zuerst wuchtige Schlager, eine spannende
1618 3166 2812 3264 „Dramatik, die bei dem Wiener Meister sogar bisweilen grell und
1622 3215 2823 3305 habsichtlich anmutet, und dann ein spielerisch leichtes Ausklingen
1615 3252 2603 3326 In eleganter Causerie. Die ungewohnte Theatralik
2604 3289 2815 3344 in ihrer
1608 3288 2815 3385 Mischung mit dialektischer Grazie fand ein begeistertes Publikum,
1618 3320 2432 3398 das dem Werk einen starken Erfolg bereitete
2574 3359 2787 3426 Dr. P. L.
