3344 4352
669 179 748 244 6
1573 183 2077 275 box 30/3
239 212 1596 285 25. Prossor Bernhand
1330 1079 3336 1131 Aeigen und elganzensein Wunder, daß der Glällde an die öfftziellen Friedensversiche= #nis, daß er nicht
512 1107 3322 1166 hat Rußland jetzt im Raume des Wi ner Armeebezirkes be¬ rungen immer mehr dahin schwindet? Es ist der beste Prüfstein seines Zustandes
2152 1170 2350 1231 Be
516 1209 1754 1276 und dem Auditorium hergestellt und riß nicht mehr ab. bis der
1755 1212 3333 1274 Hintergrund des zeitgenössischen Oesterreich gemalt wird und daß Kollege und Freun
514 1259 1753 1313 letzte Ton der mit unermüdeter Stimme ausgeführten Ansprache
1747 1249 2972 1309 dieser. Hintergrund bei der Erfüllung des dramatischen Schicksals
2957 1256 3339 1322 ängstlicher und sch
516 1291 1755 1351 an Walther verklungen war. Das Eigne und Bezwingende des
1747 1299 2972 1358 mitsprechen wird. Auch darüber werden wir alsbald aufgeklärt,
2962 1291 3330 1366 oder aus Prinzipig
521 1325 1753 1394 Benderischen Sachs liegt in der bis ins Kleinste durchdachten und
1756 1338 2970 1392 daß alle erdenklichen Konfliktsmöglichkeiten in dem Tharakter des
2965 1332 3326 1406 chen allzu „gerade
510 1361 1755 1430 alle Mittel der reichen musikalischen Schattierungskunst benützen¬
1748 1378 2959 1427 Professors Bernhardi gegeben sind, der, ein ebenso wertvoller
2963 1371 3335 1434 können, fallen. D
521 1413 1753 1476 den Ausführung, die Wort und Ton bis in ihre innerste Bedeutung
1744 1410 2973 1472 Mensch als hervorragender Gelehrter, von einiger Weldfremdheit
2959 1415 3327 1471 daß Bernhardi die
519 1450 1754 1514 hinein versteht und in jedem Augenblicke sinngemäß färbt und be¬
1753 1450 2971 1509 ist, ganz und gar kein Diplomat, feind allen Kompromissen und
2962 1448 3330 1524 Abteilung niederl
520 1490 1755 1550 tont. Aus den übrigen Meistern, die Gillmann als Pogner,
1805 1486 2971 1540 darin ein entsernter Verwandter von Ludwigs Erbförster —
2956 1494 3320 1557 gionsstörung und
518 1522 1750 1583 Geis als Beckmesser unter sich hatten, sei mit besonderer Aner¬
1757 1530 2964 1584 ein eigensinniger Rechtsfanatiker, der nur ein Rechtsempfinden
2957 1528 3322 1602 strengt; er endetn
513 1565 1748 1625 kennung der diskreten und naturwahren Durstellung der Kothner
1752 1569 2970 1627 aus seinem eigenen Gefühl heraus, nicht aus Konvention und
2958 1569 3333 1640 monatlichen Ges
510 1604 1755 1663 Schreiners genannt, der erneutes Schütteln des Kopfes ob der
1747 1601 2965 1681 Rücksichtnahme kennt, und der über den so gearteten eigenen Cha¬
3187 1606 3313 1664 der
2961 1620 3183 1665 genschwur
1746 1629 2219 1702 rakter straucheln wird.
516 1642 1755 1707 Verwunderlichkeit, daß man diesen Künstler wirklich leichten Her¬
2957 1652 3187 1707 triganten
3186 1646 3322 1712 Hoch
517 1683 1756 1746 zens ziehen lasse, veranlaßte. Kuhns lieber David erfreute wie
2958 1683 3333 1749 erschüttert, ist von
1813 1683 2968 1743 Unter diesen Umständen kann der anstoßende dramatische Kon¬
522 1718 1754 1777 immer, und Frau Kuhns Evchen erwarb sich durch den reinen
2971 1718 3325 1787 gebrochen. Er ve
1755 1717 2967 1797 flikt kommen woher nur immer, er wird andere nach sich ziehen;
515 1754 1750 1816 und geschmackvollen Gesang herzliche Zustimmung, obgleich man
2971 1766 3325 1821 spruches. Er will
1744 1774 2969 1821 und in der Tat hat es sich Schnitzler nicht entgehen lassen, die
512 1792 1754 1853 nicht verkennen konnte, daß sie von Haus aus nicht recht ins Ge¬
2958 1804 3326 1866 Prozeß ist er plötzli
1751 1811 2958 1861 ganze Skala von Konflikten, denen ein Charakter wie der Bern¬
509 1831 1745 1893 wand dieser Rolle paßt. Frl. Höfers Magdalena zählt zu den
2957 1841 3308 1901 Persönlichkeit ger
1747 1845 2968 1905 hardis ausgesetzt ist, vor uns aufzubauen. Das Zeichen zum Be¬
514 1882 1739 1936 angenehmeren Ammen die Evchen Pogner auf der deutschen Bühne
2959 1884 3327 1940 atheistischen Verein
1749 1885 2970 1930 ginn gibt also ein Zusammenstoß Bernhardis, mit dem hochwür¬
509 1904 1369 1974 in solcher Fülle der Verschiedenheit besitzt.
2960 1913 3207 1978 gebetene Jou
1746 1919 2967 1976 digen Herrn Franz Reder, Pfarrer der Kirche zum hl. Florian, im
587 1956 1753 2012 Unreinheit der Holzbläser und Ueberwiegen des Blechs be¬
1751 1962 2958 2015 Elisabethinum. Pfarrer Reder ist von der eigenmächtigen Kran¬
2956 1960 3196 2025 leger herand
511 1986 1753 2046 einträchtigten zuweilen das sonst des Schwunges nicht entratende
3040 1999 3200 2051 Sind Am
1741 1996 2976 2045 kenschwester Ludmilla ohne Wissen Bernhardis zu einer Patien¬
511 2023 1756 2093 Spiel des Orchesters. Es verlautet, daß eine Generalsäuberung
1747 2039 2962 2093 tin gerufen worden, zu einem jungen, leichtfertigen Mädel, das
2964 2017 3212 2102 Volksbeljebth
517 2064 1745 2126 und Aufbesserung der Wagnerischen Werke im Laufe des Jahres
1737 2069 2965 2127 ein Verbrechen wider das keimende Leben begangen hat und an
2971 2081 3231 2130 manches ande
513 2105 1748 2164 erfolgen solle; so werden denn auch wohl die „Meistersinger“ des
1746 2114 2964 2167 den Folgen rettungslos darniederliegt. Dieses Mädel hat keine
2956 2112 3324 2170 innere Genugtuun
525 2143 1739 2203 Segens dieser Arbeit teilhaftig werden. Diese Ankündigung hört
1753 2154 2968 2212 Ahnung, daß ihr Leben nur noch nach Stunden zählt, und Pro¬
2956 2150 3328 2217 Geistlichen, den er
520 2183 1752 2247 man ebenso gern, wie den Plan, im Herbste einen Verdi=Zyklus
1751 2190 2965 2247 fessor Bernhardi in dessen Behandlung sie steht, will ihr den letz¬
2967 2184 3290 2250 in Bernhardis
513 2213 1745 2292 zum Gedächtnisse des hundertsten Geburtstages des großen italie¬
1752 2224 2969 2283 ten schönen Wahn, der sie umgibt, diese Stunden der Euphorie,
2958 2220 3316 2286 Reder als einen
524 2252 1752 2316 nischen Meisters — denn auch Verdi ist gleich Wagner im Jahre
1743 2258 2968 2324 nicht zerstören. Und so verweigerte er auch dem Priester den
2959 2267 3330 2323 Charaktet, den nich
516 2299 1748 2360 1813 geboren = hier zu geben, eine Absicht, die sich mit dem vor
1751 2302 2965 2358 Zutritt zur Schwerkranken, um sie nicht ohne Not zu erschrecken.
2961 2301 3325 2366 Bernhardi drängte
522 2340 1750 2416 kurzem an dieser Stelle kundgegebenen Wunsche aufs glücklichste
1751 2335 3316 2400 Ja, er hält ihn sogar mit seinen Händen zurück, schiebt ihn von sein Durchdrungen
518 2365 732 2449 trifft.
1742 2385 2963 2431 der Türe weg, als er seinem Verbot zum Trotz sich Zutritt zur
2956 2392 3324 2448 katholischen Kirche
1750 2420 2972 2488 Patientin verschaffen will: und über dem Wortwechsel von Arzt
2960 2417 3311 2484 kenden von seinen
1745 2461 2959 2534 und Priester stirbt das arme Mädel, es fährt dahin „in seinen
944 2448 1354 2524 Professor Bernhardi
2959 2460 3303 2518 Treu steht die kl#
1739 2488 2552 2562 Sünden“, wie Bernhardis Gegner sagen.
2952 2504 3313 2559 bildete Freundess
650 2503 1646 2578 Komödie in fünf Akten von Artur Schnitzler
1809 2527 2968 2603 Dieser Konflikt löst allsogleich andere aus, er ist Wasser auf
2963 2548 3303 2600 wieder enen We
592 2552 1681 2625 (Erstaufführung im Münchner Schauspielhaus
2960 2584 3324 2632 schwacher wankend
1737 2563 2961 2636 die Mühlen von Bernhardis, des Juden, Widersachern, die seinem
979 2596 1329 2665 am 8. Februar)
2952 2610 3327 2684 weanerischer Liebe
1736 2621 2971 2670 Charakter entsprechend sehr zahlreiche sein müssen. Mit Aus¬
583 2635 1749 2705 Wir sind im Elisabethinum, einer von Professor Bernhardi,
2951 2659 3167 2724 böse sein.
1747 2659 2958 2716 nahme einiger ehrenfester Freunde, die indessen Bernhardi so sehr
510 2680 1749 2736 Spezialist für innere Krankheiten, gegründeten und geleiteten Wie¬
1743 2698 2967 2740 ähnlich sind, daß ihnen eine wirksame Beeinflussung der öffent¬
3015 2685 3318 2747 Aber trotz all
516 2724 1741 2774 ner Privaiklinik. Wir bekommen allerlei Mediziner= und Pro¬
1739 2732 2953 2783 lichen Meinung unmöglich ist, scheint sich alle Welt gegen Bern¬
2955 2722 3309 2796 Einspruch gegen sei
515 2757 1740 2819 fessorentypen zu Gesicht, und erkennen alsbald, daß es hier zwei
1742 2765 2977 2834 hardi verschworen zu haben, angefangen vom hohen Parlament
2954 2776 3316 2843 angebotenen Straf
514 2790 1746 2861 Parteien gibt: die eine gruppiert sich um den Direktor Professor
1742 2808 3314 2868 bis herab zum kleinen Streber Dr. Hochroitzpointner und der brauch. Sein Tro
506 2831 1745 2891 Bernhardi, der ein Jude ist, die andere um den Vizedirektor Dr.
1741 2833 2973 2911 Krankenschwester Ludmilla. Die klerikale Partei bringt im
2952 2852 3310 2913 der Freiheit wiede
511 2866 1642 2929 Ebenwald, der sehr nach der klerikalen Seite inkliniert. G
1736 2883 3318 2939 Reichsrat eine Interpellation wegen des Vorfalles ein, die ihre ihn sind, und aller
509 2915 3315 2994 uns sofort klar, daß das Drama auf den politisch=konfessionellen Spitze gegen Bernhardi richtet. Der Unterrichtsminister, früher in die Welt. Sei
470 2998 1356 3147 Auu-GON Al
832 3134 1205 3264 10/21z
2832 4092 3124 4176 R
1707 4098 1881 4171 ——
