3392 4224
538 45 1736 92 sich auf einem Zusammenstoßt des ärztlichen und des priesckichen Iflicht¬
533 85 1758 132 gefühls auf. In dem von Professor Bernhardi begründeten und ge¬
536 114 1774 169 leiteten Krankenhaus Elisabethinum liegt ein junges Mädchen an Sepsis
532 144 1776 208 nieder. Der baldige Tod ist gewiß, aber die Kranke fühlt sich sehr
529 196 1770 239 wohl und spinnt bei ungetrübtem Bewußtsein freundliche Zukunfts¬
534 233 1764 280 träume. Ein von der Krankenschwester heimlich herbeigeholter Priester
530 279 1770 325 begehrt Einlaß zu der Sterbenden. Bernhardi verwehrt dem Geistlichen
536 315 1762 359 den Zugang, damit sein unverhofftes Erscheinen die Sterbende nicht
530 350 1766 403 aus ihrer heitern Zuversicht schrecke und ihr letztes Stündchen mit Todes¬
526 385 1764 433 angst und Gewissensqualen erfülle. Das Mädchen stirbt während des
530 430 1761 468 in höflichen Formen sich haltenden Wortwechsels. Das Problem ist
531 469 1757 507 klar formuliert: auf der einen Seite steht der Arzt, der in seiner Obhut an¬
530 518 1765 558 vertrauten Kranken heilen und, wenn eine Heilung nicht mehr möglich
528 542 1765 591 ist, ihnen das Sterben leicht machen soll, auf der andern der Priester,
530 587 1758 625 der die Schrecken kurzer Minuten nicht beachten darf, wenn es sich um
520 631 1762 675 das ewige Heil handelt. Subjektiv haben beide recht; wer objektiv
530 663 1762 701 Recht hat, ist ungefähr so leicht und so schwer zu entscheiden, wie die
519 704 1764 746 Frage nach dem Dasein Gottes. Schnitzler kommt denn auch nicht zu
518 740 1760 776 einer unzweideutigen Entscheidung; er schildert vielmehr die sozialen
521 778 1758 817 Folgen, die sich an den Vorfall knüpfen. Leisetreter, die allem, was nach
524 815 1760 869 Mißachtung der Religion aussieht, mit Rücksicht auf hochgeborene
522 861 1755 899 Gönner ängstlich aus dem Wege gehen, gewissenlose Streber, die unter
523 895 1754 934 dem Deckmantel christlicher Überzeugungstreue den Juden Bernhardi
520 935 1759 976 aus seiner Stellung verdrängen möchten, schließen sich gegen den ver¬
517 964 1758 1025 dienstvollen Direktor des Elisabethinums zusammen. Der jesuitisch
513 1019 1758 1064 ränkevolle Professor Ebenwald, der von Bernhardi vergebens die An¬
528 1049 1751 1105 stellung eines wisse schaftlich fragwürdigen Schützlings am Elisabethinum
518 1093 1759 1150 zu erpressen gesucht hat, veranlaßt seinen Vetter, einen klerikalen Ab¬
520 1131 1743 1180 geordneten, im Parlament eine Interpellation einzubringen. Der
514 1164 1748 1206 Unterrichtsminister, ebenfalls ein Mediziner und überdies Bernhardis
510 1226 1758 1296 politisch taktischen Gründen, da er auf dem Weg nach hohen Zielen nicht
507 1285 1751 1320 über eine solche Lappalie stolpern will, eine gerichtliche Untersuchung zu.
507 1328 1752 1371 In einer stürmischen Sitzung des Professorenkollegiums legt Bernhardi,
514 1364 1747 1404 angeekelt durch die unehrlichen Angriffe der Gegner, seine Stellung als
517 1402 1753 1436 Direktor einstweilen nieder . Das Gericht verurteilt Bernhardi nament¬
515 1437 1746 1487 lich auf die den tatsächlichen Vorgang entstellende Aussage der klerikalen
511 1480 1743 1518 Krankenschwester und eines nichtsnutzigen, nur auf seinen eigenen Vor¬
502 1519 1752 1569 teil bedachten Kandidaten der Medizin hin wegen Religionsstörung zu
497 1562 1743 1612 zwei Monaten Gefängnis. Der übermäßig vorsichtige Anwalt Bern¬
500 1597 1748 1644 hardis, ein getaufter und seitdem prahlerisch christlicher Jude, und seine
511 1635 1744 1682 Freunde raten ihm, die Nichtigkeitsbeschwerde einzubringen. Bern¬
504 1663 1746 1701 hardi weigert sich, es liegt ihm nichts daran, den Streit grundsätzlich
507 1698 1748 1760 durchzufechten und das ganze System zu treffen; die Aussicht auf eine
513 1739 1743 1790 Martyrerkrone und eine politische Ausschlachtung des Falles sind ihm,
499 1785 1747 1835 dem Manne der Wissenschaft, nur widerwärtig. Der Priester hat vor
497 1824 1735 1858 Gericht sich schonend über Bernhardi ausgesprochen; nachdem das Ur¬
502 1866 1732 1913 teil gefällt, sucht er ihn auf, um ihm — ein Ehrenmann dem andern —
504 1902 1741 1955 zu versichern, daß er den ungünstigen Ausgang des Prozesses nicht ge¬
501 1938 1742 1976 wollt habe, da Bernhardi in dem speziellen Falle in seiner Eigenschaft
494 1975 1737 2030 als Arzt vollkommen korrekt gehandelt habe. In der interessanten,
495 2022 1727 2069 manchmal nur etwas undurchsichtigen Unterredung tritt die Überlegen¬
502 2046 1732 2110 heit des dialektisch geschulten, über das Schicksal des einzelnen hinweg
491 2087 1724 2150 mit entschlossener Folgerichtigkeit die Sache der Kirche verfolgenden
491 2134 1727 2171 Priesters hervor; zum Schlusse reichen sich die beiden Gegner über den
493 2170 1720 2210 Abgrund, der sie trennt, die Hände. Der letzte Akt, der ziemlich abflaut,
496 2209 1729 2251 bringt abermalige Auseinandersetzungen zwischen dem Minister und
494 2237 1719 2298 Bernhardi; ein witziger, weltkundiger, Bernhardi wahlge###iater Hofrat
479 2274 811 2338 zieht die Moral
884 2283 1108 2334 man sich.
1108 2284 1447 2347 olche Geschichten,
1539 2296 1719 2344 tan auch
484 2325 1720 2369 tausendmal recht wen, nicht eintussen soll, wenn man Willen
486 2354 1720 2402 und den Mut hat, sie bis zum Außersten durchzufechten. Die Komödie
484 2403 1723 2460 leidet darunter, daß ihr Held, Professor Bernhardi, sich aus Leibes¬
490 2432 1727 2497 kräften dagegen sträubt, ein Held zu sein, daß er zwar im Einzelfalle
482 2478 1715 2539 seiner Überzeugung folgt, aber eben nicht, wie es einem dramatischen
483 2520 1707 2579 Helden ziemt, bereit ist, für sie durch dick und dünn zu gehen. Dadurch
476 2561 1706 2618 erlahmt auch der teilnehmende Eifer der Zuschauer. Zudem
488 2590 1568 2647 sind manche Episoden übermäßig lang ausgesponnen,
1599 2606 1715 2656 was
475 2634 1614 2694 besonders bei einem reichsdeutschen Publikum ins Gewicht fällt,
1615 2646 1717 2694 das
472 2665 1605 2727 die satirische Behandlung innerpolitischer österreichischer Zustände
1605 2684 1710 2738 und
481 2713 1707 2777 des verzwickten Parteitreibens weniger zu würdigen versteht. Für solche
470 2756 1705 2816 Mängel aber entschädigen das hohe sachliche Interesse der Komödie, die
475 2787 1699 2854 die Klippe öden Raisonements stets glücklich vermeidet, die außer¬
480 2829 1706 2882 ordentlich lebenswahre und mannigfaltige Zeichnung der einzelnen Ge¬
475 2858 1704 2937 stalten und der meisterhafte Aufbau der großen Szenen, namentlich der
465 2902 1098 2961 Sitzung des Professorenkollegiums.
509 2948 1698 3014 Die von Hans Kuhnert inszenierte Aufführung im Deutschen
458 2984 1698 3051 Theater wurde dem schwierigen Stücke vollauf gerecht. Hans Kuhnert
467 3018 1697 3092 spielte mit einfacher, markiger Würde und Wahrhaftigkeit den Professor
470 3066 1695 3126 Bernhardi; aus der langen Reihe seiner Kollegen seien als prächtige
462 3101 1703 3174 Charakterköpfe hervorgehoben Robert Garrison der zwar nicht
463 3147 1696 3225 genau den Angaben Schnitzlers folgte, aber in dem trockenen, zuweilen
459 3180 1695 3238 in giftiger Wut losplatzenden Schleicher Ebenwald eine sehr wirkungs¬
457 3228 1699 3294 volle und überzeugende Figur auf die Bühne stellte, dann die Herren
814 3262 1440 3334 e Moran, Villy Meyer=S.
453 3251 883 3338 Robert Forsch,
1555 3271 1769 3345 Sch/#
465 3327 1699 3467 Großmann, Emil Warona, Max Grünberg. Mehrere
469 3375 1689 3497 Herren bewiesen in zwei Rollen eine virtuose Verwandlungsfähigkeit;
462 3406 1679 3536 so gab Max Grünberg einen jungen Dozenten und einen armseligen
464 3451 1678 3584 Landarzt, der durch Unvorsicht den Tod einer Patientin verschuldet hat,
462 3493 1682 3622 aber auf das milde Gutachten eines Professors, der Bernhardis Vor¬
449 3523 1674 3656 gehen schroff verurteilt, freigesprochen wird. Den sympathischen, be¬
453 3564 1660 3693 scheiden festen, zielbewußten Pfarrer spielte Siegmund Nunberg, den
440 3602 1668 3721 Kandidaten Hochroitzpointner, einen feigen Kriecher, Karl Haas den
436 3639 1660 3780 klugen, eleganten, diplomatischen Minister, der trotz aller Politik noch
428 3678 1658 3812 ein Restchen Herz unter der Weste trägt, Siegfried o. der Heyden
434 3718 1653 3852 den frivolen Hofrat Ernst Mewes, dessen Maske übrigens etwas zu
424 3765 1653 3884 sehr an den Oberkellner eines Wiener Cofes erinnerte. Das Publjsum
422 3805 1689 3959 we den Sinck uit oeipegeshtechspeisentet, begsehed-Prae.
428 3843 925 3928 Schluß ein wenig erlahmte.
1868 935 2852 1089 Ane isis#rankforter Zeitung
2122 1328 2742 1423 Der neue Schnitzler.
1910 1412 2936 1497 „Professor Bernhard!“, Komödik in 5 Akten,
1960 1473 2905 1570 Erste Aufführung im Frankfurter Neuen Theater,
2280 1534 2563 1606 am 22. März.
1933 1578 2993 1645 Schnitzler ist ein Gentleman der Gesinnung. Unanständig¬
1877 1612 3002 1682 keit empört ihn, nein ärgert ihn. Er hat außerdem den Blick
1881 1663 2998 1737 für Schwächen, den Sinn für die Lächerlichkeit alles Kleinen.
1862 1698 2995 1778 Aus beiden Elementen sind die echten Komödiendichter zusam¬
1869 1743 2995 1813 mengesetzt. Aber er ist außerdem — Jude, allerdings, aber was
1869 1776 2999 1854 in diesem Fall das viel Wesentlichere, er ist Wiener; er hat da¬
1859 1819 2999 1895 her sicher Augenblicke, wo ihm seine Entrüstung, nein sein
1856 1853 3002 1950 Aerger, unwichtig vorkommt. Augenblicke, in denen er sich
1861 1895 2423 1961 frägt: „Lohnt es sich wirklich?“
1927 1942 2986 2010 Zwischen diesen Polen; seiner Ueberzeugung und seiner
1852 1966 2988 2061 Gleichgültigkeit pendelt sein satirischer Geist hin und her. Das
1853 2017 2998 2082 ergibt keine ausgeprägten Kunstformen, es ergibt Tragödien,
1852 2051 2996 2129 die eigentlich Komodien sind, und umgekehrt. Vor allem aber,
1856 2084 2997 2163 es ergibt keine „letzten Konsequenzen". Dieser Mangel an Ten¬
1863 2121 2985 2201 denz (vor dem letzten Richter eine Schwäche) ist des Künst¬
1848 2162 2990 2247 lers Tugend und in unserer wurzellosen Zeit vielleicht auch
1852 2209 2320 2261 eine Art von Ehrlichkeit.
1908 2232 2990 2310 Nimmt man hierzu einen Intellekt, der die an sich harte
1857 2280 2993 2357 Maschinerie des Denkens mit einer sonst nur bei Gefühls¬
1859 2325 2993 2394 gegenständen anwendbaren Sensibilität behandelt, so hat man
1857 2359 2996 2446 die seelischen Voraussetzungen, aus dem Schnitzlers „Professor
1848 2388 2355 2450 Bernhardi“ entstanden ist.
1905 2434 2978 2497 Die an dieser Stelle schon mitgeteilte Fabel läßt sich schnell
1844 2477 2991 2548 „umreißen. In einem großen Spital liegt eine Kranke im
1853 2520 2992 2581 Sterben, nichts von ihrem Schicksal ahnend. Die Schwester läßt
1849 2546 2987 2631 pflichtgemäß den Priester holen. Der behandelnde Arzt, zu¬
1844 2596 2987 2662 gleich Leiter des Instituts, will die Sterbende nicht der gnädi¬
1858 2631 2985 2702 gen Täuschung berauben und sucht den Priester zu verhindern,
1848 2659 2984 2728 durch seinen Anblick qualvolle Gewißheit zu geben. Die Aus¬
1844 2699 2985 2770 einandersetzung darüber wird unterbrochen. Schon die Mit¬
1840 2742 2976 2817 teilung vom Nahen des Dieners der Kirche hat der Kranken
1845 2780 2970 2858 die Augen geöffnet und zugleich geschlossen. Aus diesem an
1845 2815 2975 2894 sich wenig bedeutungsvollen Vorfall wird eine Affäre. Der
1840 2871 2969 2925 Arzt wird des Vergehens der Religionsstörung öffentlich be¬
1837 2915 2975 2971 zichtigt, politischer Parteihader greift den zu einer gewalt¬
1842 2938 2967 3011 samen Verhinderung der Sakramentserteilung aufgebauschten
1846 2969 2968 3047 Vorgang als willkommenes politisches Objekt auf. Es kommt zu
1834 3006 2976 3087 einem Verfahren. Der Arzt, der schon vorber durch die Miß¬
1848 3056 2971 3135 gunst einiger Kollegen gezwungen wird, von seinem Posten
1839 3083 2900 3163 zurückzutreten, wandert für zwei Monate ins Gefängnis.
1899 3132 2970 3196 Das ist der Inhalt der ersten vier Akte, und würde das
1829 3163 2972 3246 Stück hier endigen, so würde es ein bürgerliches Schauspiel sein,
1828 3216 2966 3280 Ein tragisches Schauspiel vom Unterliegen anständiger Gesin¬
3030 1295 3394 1355 nung und ursprüng
3027 1330 3399 1409 Strebertum der Fa
3023 1369 3398 1436 vor Einzelfällen zu
3036 1412 3400 1483 lichkeit so sehr liebt)
3038 1452 3383 1508 tismus. Und durch
3032 1490 3384 1545 lebendige Charakter
3039 1525 3397 1585 (mit spitzem Pinsel
3022 1564 3399 1626 das Wesentliche her
3031 1608 3393 1666 viertheit und Vorne
3013 1643 3378 1705 des Dichters (seine
3031 1684 3399 1742 Kliquenwesen in G
3024 1724 3390 1775 teimoral) angedeutet
3029 1761 3394 1816 mit der alles Peinli
3020 1797 3398 1859 hält, durch alle die
3014 1837 3399 1902 mehr als ein fesselt
3010 1876 3399 1954 geworden, wenn nich
3012 1915 3132 1974 hielt:
3081 1943 3387 2009 „Hofrat: Der
3055 1988 3398 2049 scheinlich nicht ge
3053 2030 3388 2091 Aber ich bitte Sie
3044 2068 3398 2137 Das dürfte wohl
3049 2106 3386 2164 nicht bereit fühlen,
3100 2150 3399 2217 und eventuell
3052 2181 3382 2236 Ueberzeugung —.“
3068 2224 3393 2282 Und dieser Hofrat
2999 2255 3393 2323 einer müden Zeit we
3007 2298 3374 2353 einen alle Lichter
3004 2348 3381 2393 ganze Werk. Ein (
3007 2374 3374 2431 nicht einmal mehr
3003 2416 3397 2469 wagt und alles vers
3018 2455 3398 2506 wenn er nicht selb
3003 2488 3399 2550 dennoch eben ein Gei
3007 2528 3397 2588 gescheite Dinge sagen
3004 2566 3392 2627 fortreißendem Tempe
3002 2604 3397 2660 Geist eines Mannes,
2998 2646 3399 2715 Falsch wie die Taube
3047 2716 3398 2795 Die Aufführung (
2989 2759 3396 2822 Titel Komödie. Sien
2995 2812 3398 2870 verwechselte manchmal
3005 2854 3386 2905 ersten drei Akten von
2995 2885 3387 2952 des Dialogs. In den
2994 2929 3385 2980 etwas schleppend, w
2993 2975 3381 3021 gerade dieser letzten?
3000 3005 3399 3060 allerdings zugegeben
2996 3039 3392 3105 Aufführung dieses W
2991 3079 3367 3135 Episodenrolle keine
2992 3127 3398 3176 schwärmerischen Ergü
2996 3165 3398 3217 immer sachliche Aus
2983 3195 3398 3252 zwischen ungefähr zw
2968 3214 3398 3303 hervorragende Vertret
