3344 4352
1564 142 2005 240 box 31/7
654 176 711 229 S
202 158 1409 275 25. Pro—sor Bernhandi
498 1231 1538 1281 Schwester Ludmilla unter dem sanften Drucke ihres
1574 1230 2595 1302 die beste Empfehlung für österreichische Politiker zu
512 1283 1536 1336 Beichtvaters selber der falschen Zeugenaussage bezich¬
1578 1283 2593 1334 sein scheint, einer jener eigentümlichen Charakterhelden,
1567 1335 2599 1390 denen jedwedes Tun ihrer Person verständlich erscheint.
500 1337 1542 1393 tigt und die Wiederaufnahme des prozesses jene wun¬
1563 1383 2598 1430 Wenn die Zensur an dieser. Gestalt Anstoß genommen
500 1378 1546 1447 dervolle Glorie verspricht, die sich im Leben so gut
1572 1428 2588 1480 hat, so bemüht sie sich umsonst. Flint ist ein guter Be¬
502 1425 1044 1501 macht wie auf der Bühne.
1576 1475 2602 1540 kannter — nur agiert er auf der politischen
538 1477 1539 1542 Der Fall, auf dem Schnitzler seine Komödie aufbaut,
1575 1530 2599 1585 Bühne. Warum soll er es nicht auch auf dem Theater
508 1545 1550 1600 wird zu einem bedeutsamen Ausschnitt aus der Ge¬
1564 1576 2594 1636 tun? Wie gerecht Schnitzler seine Hiebe austeilt, wie
506 1586 1555 1637 schichte des österreichischen Parteienkampfes. Aus dem
1579 1625 2601 1679 sorgsam er bemüht ist, jeder Absichtlichkeit aus dem
506 1642 1543 1706 Schauspiel hätte angesichts dessen Gefüges leicht ein
1572 1673 2599 1731 Wege zu gehen und das Bild der Wahrheit zu zeichnen,
496 1685 1538 1728 Tendenzstück werden können, ein Zweckding, das mit
1577 1720 2593 1775 sagt uns die beißende Ironie, mit der er das ekelhafte
506 1731 1535 1791 großen Worten sich breitspurig hinstellt und die Par¬
1566 1767 2592 1850 Schmocktum der sogenannten großen Wiener Presse
509 1775 1533 1836 teien ködert oder reizt. Schnitzler ist dieser Ver¬
1571 1821 1725 1887 geißelt.
505 1838 1542 1895 suchung aus dem Wege gegangen; er stellt sich über
1596 1856 2605 1932 Man mag die Dinge drehen, wie man will, man kon mt
496 1869 1549 1941 den Alltag und zeigt uns mit dem bedauernden Achsel¬
1570 1923 2579 1966 nicht über die Tatsache hinaus, daß in dem Verbote
494 1926 1544 1994 zucken des Arztes als Dichter des Gebresten unserer
1570 1966 2591 2015 Schnitzlerschen Komödie eine jener rätselhaften Lebens¬
504 1986 1532 2038 Tage. Wie aber den Gründen nachspüren, die die Zen¬
1568 2024 2603 2074 äußerungen der österreichischen Zensur liegt, die auf
505 2036 1537 2083 sur veranlaßt haben, das Stück von der Bühne zu
1575 2076 2601 2120 normale Art weder zu erklären noch zu verstehen sind.
506 2072 1537 2125 verbannen? Irgendeine kirchliche Einrichtung scheint
1604 2118 2084 2179 (Salzburger Volksblatt.)
492 2123 1540 2176 nicht gefährdet, sonst könnte die Komödie nicht in
504 2166 1539 2216 München aufgeführt werden, wo man für wirkliche oder
502 2223 1535 2277 vermeintliche Angriffe auf die katholische Religion zu¬
1878 2215 2267 2303 Kleine Laube.
507 2270 1547 2326 mindest die gleich feine Witterung hat wie in Oesterreich.
1598 2300 2590 2354 Es fehlte noch etwas. Frau Strenge (im Be¬
502 2317 1544 2381 In die Handlung des Stückes greift auch Se. Exzellenz
1562 2331 2584 2386 griff, eine Landpartie zu machen): „Laßt mal sehen,
502 2376 1534 2425 Herr Professor Dr. Flint ein, Minister für Kultus und
1562 2383 2590 2424 Kinder! Hier sind die Mäntel, hier ist der Frühstücks¬
1561 2414 2592 2455 korb, hier das Opernglas, und hier sind die Regen¬
494 2413 1547 2478 Unterricht, ein Studienfreund Bernhardis. Vielleicht hat
1558 2453 2589 2501 schirme! Ich denke, wir haben alles. Oder hätten wir
496 2466 1539 2512 diese von wirksamer Ironie durchleuchtete Gestalt der
2361 2490 2598 2544 Gatte und
1559 2488 2241 2536 was vergessen? Ja, haben wir —
497 2510 1537 2579 Zensur Bedenken eingeflößt. Dr. Flint hatte Bernhardi
1569 2528 2597 2575 Vater (der bescheiden vorn bei den Pferden steht):
497 2573 1534 2623 versprochen, dessen Sache im Abgeordnetenhause mit
1568 2574 2598 2622 „Kann ich jetzt einsteigen, liebe Frau?“ — Frau Strenge:
1566 2619 2589 2668 „Aber ja doch, Jakob! Seht ihr, ich wußte doch, daß
503 2606 1537 2655 aller Wärme zu vertreten. Aber mitten in der Inter¬
1566 2646 1953 2699 noch etwas fehlte!“
497 2658 1534 2727 pellationsbeantwortung überkam den Minister das Ge¬
1600 2684 2577 2742 Kitty: „Tom sagt, ich werde jeden Tag jünger.“
496 2711 1548 2752 fühl, er trage seine Haut für einen Verlorenen zu
1637 2729 2587 2775 Jack: „Das ist auch tatsächlich der Fall. Ich
503 2761 1533 2830 Markte, er werde, wenn er nicht rasch abschwenke, zu¬
1562 2756 2599 2819 würde mich gar nicht wundern, wenn ich Ihren Namen
1571 2801 2474 2849 bald unter den Geburtsanzeigen lesen würde.“
498 2799 1541 2854 sammen mit Bernhardi in den Abgrund stürzen. So
1601 2840 2579 2895 Boshafte Frage. Klara: „Was würdest du
495 2854 1542 2907 vollzog er die Schwenkung nach rechts, er ward sich
2529 2879 2593 2913 01
1556 2875 2549 2928 darum geben, wenn du solches Haar hättest wie ich?
502 2900 1530 2958 selber untreu, um seiner „Mission“ erhalten zu bleiben.
1615 2918 2597 2993 Johanna: „Ich weiß nicht — wieviel hast du denn
493 2956 1880 3026 Dr. Flint ist der Mann mit dem weiten Gewissen, das I dafür bezahlt?“
2735 1204 3293 1300 Einer, der die Genossenf
2673 1283 3280 1361 Der italienische Dramatiker
2634 1328 3276 1400 wurde vor einiger Zeit von
2636 1375 3286 1449 Presse Italiens scharf angegr
2631 1430 3289 1497 Stadtverordneter im Mailänder
2630 1481 3289 1555 gen eine der Arbeiterkammer zu
2629 1532 3282 1597 terstützung ausgesprochen hat.
2634 1577 3285 1644 nun seine Haltung in dieser Fra
2631 1632 3283 1685 Popolo, dem Organ der genu
2625 1681 3285 1731 ner, folgendermaßen: „Märche
2625 1729 3280 1810 alles, was den Arbeiter betriff
2617 1782 3246 1838 und fühle mich als Arbeiter.
2630 1811 3278 1883 darauf berufen, daß mein Urg
2622 1874 3275 1927 ber war; aber ich will Ihnen
2625 1924 3292 1982 15 Jahren zu arbeiten und Geld
2630 1970 3278 2024 gefangen habe, und daß ich sei
2625 2021 3282 2077 beite, mir meinen Lebensunter
2626 2073 3300 2129 alles nur meiner eigenen Arbeit
2634 2117 3291 2186 der im Schweiße seines Angesich
2637 2165 3292 2221 liebe und achte ich aber auch i
2623 2215 3279 2270 als meinen Bruder ... Aber
2623 2266 3285 2320 arbeitenden und sich abmühend
2631 2312 3293 2385 so sehr hasse ich die „gewissen Fi
2620 2358 3270 2432 auch Sie sprechen. Ich kenne
2625 2407 3252 2475 Herren, ich kenne sie sogar
2628 2459 3269 2523 sind echte, rechte Bourgeois, di
2627 2509 3292 2571 sie sagen, nicht ein Wort glau
2624 2560 3284 2621 aber, die die öffentlichen Kun
2626 2600 3299 2672 sammlungen und Arbeiterausstä
2625 2658 3290 2712 sie sind es, welche die armen Arbe
2624 2698 3293 2766 bank schicken, wenn es für ihre 3
2618 2744 3279 2813 wenn ich der Arbeitskammer 1
2624 2802 3290 2865 versage, so tue ich es, weil ich sie
2617 2852 3267 2919 verweigern will. Denn jenes
2613 2899 3298 2972 doch nur zur Bezahlung der Ko
2609 2927 2836 3023 aufrufe!“
