3344 4352
778 126 1217 195 HTTRAOT FROH
920 203 1107 283 ERA,
710 284 1304 375 II, Scho Square, W. I.
800 438 1207 575 17 =iE 1936
520 496 803 586 Fl.
2172 675 2890 774 THEERA
785 696 978 785 14
768 803 1604 869 ROUND THE NEW PLAYS
1569 1007 2934 1087 RIsPOEMToNT
774 1013 1392 1108 BRtiA
771 1160 906 1277 44
895 1144 2228 1289 ROFESSOR BERNHARDI? AT
803 1333 1480 1418 MIE EINBASST
766 1464 1521 1547 By MARGERY ROWLAND
781 1592 1520 1676 THE first performance in England
864 1653 1507 1702 of what is often considered
767 1693 1505 1748 Arthur Schnitzler’s finest play
777 1742 1503 1787 aroused an extraordinary amount of
779 1772 1512 1836 discussion among members of the##
778 1811 1508 1876 Embassy’s Monday-night audience.
817 1862 1504 1912 Its iheme is anti-Semitic feeling
770 1905 1506 1960 in Vienna, and its chief character
780 1949 1511 2018 is, as the author was, a Jewish
773 1988 960 2046 doctor.
818 2013 1515 2091 A priest comes to administer the
780 2089 1509 2136 Jast sacrament to one of his
776 2114 1502 2174 patients, a dying girl who believes
775 2167 1511 2220 that she is recovering and that her
777 2208 1513 2269 lover is coming to fetch her home,
781 2250 1507 2305 but the Professor refuses to admit
785 2305 1511 2345 him on the grounds that the sight
783 2334 1514 2395 of him would destroy her last
782 2374 1474 2442 moments of happiness and hope.
811 2458 1513 2530 The incident is used by some of
778 2497 1505 2583 his colleagues to deprive him of bis
782 2550 1511 2611 status as director of the Institute,
777 2599 1504 2641 professor and doctor, and he is tried
780 2640 1507 2698 on a charge of religious obstruction
783 2679 1490 2718 and sent to prison for two months.
820 2706 1508 2745 Inside the main theme are packed,
770 2736 1509 2792 like those Chinese boxes that fit cne
775 2772 1506 2828 inside another, half a dozen other
776 2816 1515 2871 themes, each connected yet each
775 2851 1506 2892 of separate interest—the relations
775 2883 1513 2934 of religion and science, the influenee
779 2915 1508 2969 of politics on both, the conflict be¬
778 2951 1512 3007 tween reason and dogma, the racial
779 2995 1510 3044 question—and because each is a
781 3031 1512 3080 vital part of the story, and because
789 3068 1504 3124 the writing is strong, satirical, and
785 3097 1492 3141 pointed, the play commands the at¬
773 3140 1452 3183 tention and interest throughout.
831 3174 1510 3221 Only ence, in the scene between
788 3196 1509 3251 Bernhardi and the priest, did it
793 3244 1502 3307 tend to become too wordy. Louis
791 3283 1506 3322 Boreil’s and Ronald Adam’s trans¬
780 3306 1509 3353 lation seemed to be very well done,
790 3346 1513 3395 and some ofthe acting was remark¬
788 3382 1002 3443 ably fine
832 3459 1504 3528 In particular, Abraham Sofaer’s
790 3507 1511 3563 Bernhardi, played with great re¬
790 3544 1506 3591 straint, a delicate touch, and a
795 3578 1516 3630 sense of humour—a performance
781 3619 1497 3655 the values of which were none the
779 3654 1500 3691 less great for being kept in a minor
780 3692 1503 3734 key. Ronald Adam as his unscrupu¬
780 3725 1499 3759 lous one-time friend, Bernard Mere¬
792 3759 1496 3805 field as the priest, Alan Wheatley
786 3793 1497 3851 (one of the most versatile and in¬
783 3830 1507 3867 telligent actors on the London
793 3859 1503 3908 stage) as a cynical official, John
776 3892 1503 3934 Garside, Peter Ashmore, and Max
781 3925 1510 3991 Adrien all acted with precision and
784 3972 1500 4008 spirit in good parts. The produc¬
794 4001 1503 4052 tion by Heinrich Schnitzler, son of
778 4028 1497 4085 the late author was well done, but
784 4069 1505 4133 the pace was allowed to slacken al
789 4107 1177 4160 one or two points.
