3344 4256
528 -3 1397 53 e0- Einiges von weittragender Beden¬
433 50 1409 102 tung hat sich ereignet, Throne haben stürzen,
439 97 1405 141 Reiche entstehen und vergehen müssen, ehe die
427 128 1425 195 erste Aufführung von ArthurSchuitlers-
439 172 1408 235 Komödie „Professor Bernhardi“ in Wien
439 210 1404 276 möglich werden konnte. Sieben Jahre — aber
435 258 1408 324 welche Jahre! — liegen zwischen dem Erscheinen
444 312 1415 374 des Buches und gestern. Der Fall Bernhardi war
432 347 1419 416 einmal eine große politische Affäre bei uns;
439 390 1403 467 sogar die geplante Aufführung in Preßburg vor
439 433 1404 502 geladenen Gästen wurde durch „höhere“ Gewalt
442 477 1414 532 verhindert, und die politischen Parteien von
447 520 1415 588 rechts und von links schlugen förmliche Schlachten
435 566 1408 633 um diese so vornehm und so taktvoll kühne
445 622 1410 668 Komödie. Wenn man jetzt die „Freiheiten“ er¬
450 651 1413 712 lebt, die wir uns erst durch Weltkrieg und
434 696 1422 759 Revolution erobern mußten, fühlt man so recht
441 741 1410 811 die Beschämung der Vormundschaft, unter der
439 797 1411 846 wir nun zusammengebrochen sind. Man darf die
442 826 1430 879 Gefahren, vor denen sie uns bewahrt hat,wirklich
440 875 1416 934 nicht mit denen vergleichen, denen sie uns aus¬
1186 917 1426 979 ungerecht
446 923 1131 1000 geliefert hat, sonst müßte man
443 977 629 1032 werden.
537 990 1414 1065 Schnitzler versucht in seinem Professor
449 1049 1423 1104 Verhardi einen Arzt zu zeigen, der zum
441 1092 1419 1146 Politiker oder Märtyrer einer Weltanschauung
441 1140 1416 1206 weder Lust noch Veranlagung hat. Er ver¬
450 1169 1422 1239 weigert dem Priester, der einer Sterbenden die
454 1210 1424 1278 letzte Oelung erteilen will, den Eintritt zu der
452 1277 1425 1324 Kranken, weil diese keine Ahnung hat, daß sie
445 1298 1423 1379 sterben muß, sondern im Gegenteil von dem
453 1354 1409 1414 Glücksgesühl sicherer Genesung erfüllt ist.
452 1408 1412 1463 Dieser Arzt ist ein Jude. Klerikale und Anti¬
1301 1439 1422 1500 stark
443 1444 1294 1525 semiten bemächtigen sich des Falles. Der
449 1496 1424 1558 opportunistische Minister für Kultus und
448 1524 1420 1597 Unterricht gibt den Freund bei einer Inter¬
442 1573 1427 1633 pellationsbeantwortung im Abgeordnetenhaus
455 1612 1425 1684 preis, weil er es sich mit den Klerikalen nicht
449 1679 1421 1719 verderben darf, die Anklage wegen Religions¬
454 1707 1429 1763 störung wird erhoben, Professor Bernhardi zu
461 1743 1431 1826 zwei Monaten Kerker verurteilt. Am Tage, da
454 1804 1424 1854 er das Gefängnis verläßt, sellt sich seine
462 1835 1428 1900 Unschuld heraus. Die Kronzeugin der Anklage
462 1882 1427 1942 hat in der Beichte gestanden, daß ihre Aussage,
467 1934 1441 1984 Bernhardi habe den Priester mit Gewalt am
676 1981 787 2022 A
415 2003 1451 2100 Bekreren des Krankenzimmers verhindert, eine #
415 2035 1420 2132 falsche war. Nichts steht der Wiederaufnahme z
419 2092 1369 2175 des Prozesses entgegen, aber Bernhardi erachtet
409 2133 1410 2216 den Fall für sich als erledigt. Er ist kein Kämpfer, !
418 2176 1374 2254 er war nur ein Opfer, er will nicht mehr in
1376 2205 1426 2262 1
410 2205 1378 2315 den Gerichtssaal, sondern nur zurück zu seiner
414 2257 580 2313 Arbeit.
500 2286 1367 2405 Schnitzler hat sich seine Arbeit nicht leicht
404 2353 1375 2438 gemacht. Er hat Licht und Schatten mit
391 2381 1367 2499 äußerster Delikatesse zu verteilen versucht, das
397 2439 1357 2527 Thema, das er selbst anstimmt, und die Beglei¬
401 2477 1353 2575 tung, die von der Umgebung beigestellt wird,
394 2533 1358 2620 möglichst streng auseinander gehalten. Die
383 2557 1359 2665 Figuren sind meisterhaft nach dem Leben ge¬
387 2623 1351 2707 zeichnet. Die technische Führung der Aus¬
380 2663 1354 2751 einandersetzung über den Fall ist von einer
374 2704 1224 2784 künstlerischen Vollendung, die über
1221 2729 1357 2799 die
377 2756 1351 2848 Handlungsarmut von vier Akten glänzend hin¬
363 2781 590 2847 weghilft.
466 2835 1344 2929 Die Aufführung des Deutschen Volks¬
365 2872 1343 2978 theaters war eine ausgezeichnete, man merkte
372 2932 1331 3022 ihr die unfreiwillige Muße sehr vorteilhaft an,
363 2966 1331 3057 ohne Kohlennot kommen so gründlich durch¬
368 3018 1333 3112 gearbeitete Vorstellungen bei uns selten zu¬
365 3063 1332 3159 stande. In der Titelrolle bot Direktor Bernau,
360 3112 1333 3200 der auch die Spielleitung besort hatte, selbst den
351 3145 1321 3238 Frcunden seiner Schausvielkunst eine angenehme
361 3190 1330 3286 Ueberraschung; es war eine wirklich außer¬
349 3243 1313 3315 ordentliche Leistung, wenn man der Figur viel¬
349 3278 1331 3384 leicht auch ein etwas nervöseres Temperament
349 3323 1330 3402 gewünscht hätte. Neben ihm gibt es nur ver¬
354 3364 1324 3461 hältnismäßig kleinere Rollen, die aber mit ver¬
340 3408 1309 3500 schwindenden Ausnahmen eine tadellose Dar¬
347 3457 1305 3529 stellung fanden. Der Erfolg war ein durch¬
340 3495 1313 3592 schlagender. Entgegen allen Prophezeiungen,
340 3544 1306 3638 bei denen der Aunsch der Vater des Gedankens
345 3591 1300 3671 war, wurde der stürmische Veifall durch keinen
341 3621 1302 3727 Mißton gestört. Nach dem dritten Akte bedankte
338 3675 893 3745 sich der Dichter persönlich.
2047 -50 2101 25 —
2105 -64 2154 25 — —
2361 -61 2619 43 —— —
1784 245 2019 333 Seite 12
2641 275 2873 351 Sonntag
1730 335 3060 435 jeder dieser Menschen sein eigenes Gesicht. Das ist das Pracht= sy
1727 396 3062 456 volle in der Komödie Schnitzlers. Zum Dichten, hier wird es bei=G
1739 440 3055 517 spielmäßig, gehört Verdichten, und jede Gedankenkammer muß, nach F
1740 487 3053 578 dem schönen Wort Jean Pauls, an eine Herzkammer stoßen. Neun=si
1730 528 3048 626 zehn Darsteller haben die Komödie zu stützen; neunzehn Figuren] E
1731 584 3055 652 haben ihr Atem und Profil zu geben. Es stehen gute und ei
1739 629 3039 715 weniger gute Schauspieler auf der Szene, keinesfalls schlechtere, #t#
1740 683 3041 761 maiche sogar besser als jene waren, die in Berlin am Kleinen] 2
1734 724 3040 793 Theater den Bühnenerfolg des Professors Bernhardi vor sechsk
1730 774 3033 856 Jahren begründeten. Nicht nur die Erinnerung an jene Auf-19
1732 820 3041 899 führung, die mir in aller Eindringlichkeit lebendig blieb, bietet  0
1728 864 3034 939 im Vergleich zu gestern eine leise Enttäuschung. Die Wieder=ld
1726 926 2999 1010 gabe geht nicht ganz in die Tiefe, versucht nur zu charakterisieren
1735 976 2998 1051 und kommt nicht ins Charakteristische. Bei Mensch, Ton
1721 1005 2721 1090 und Gebärde fehlt da und dort das
2728 1032 2989 1105 Allgemein¬
1726 1068 2981 1157 gültige, ist der Typus mehr angedeutet als kernhaft.
1731 1113 2988 1209 Den Titelhelden hatte sich Direktor Bernau selbst vorbehalten.
1731 1155 2983 1240 Daß er ein tüchtiger Schauspieler ist, tüchtig im Handwerkssinn,
1728 1207 2970 1290 ohne den gewissen Persönlich eitsfunken, weiß man bereits; es
1722 1275 2988 1354 zeigte sich auch wiederum in seiner gut und klug durchdachten
1724 1315 2983 1399 Leistung, die nur ein bißchen jenseits vom Oesterreichertum stand
1718 1344 2989 1418 und in einem etwas spröden Gleichmaß blieb. Aus dem Pro¬
1718 1410 2979 1479 fessorenkollegium stachen Herr Homma hervor, ein aalglatter
1720 1444 2984 1530 Streber und lächelnder Biedermann, dann Herr Fprest, der
1714 1501 2985 1558 köstlich war in seiner unruhigen Hast und in seiner vom Jargon
1717 1545 2983 1628 beherrschten Gebärdensprache und Denkweise. Den fübrigen Pro¬
1721 1577 2991 1694 fessores ist eine mehr oder minder starke Pauschalserkennung zu
1722 1633 2988 1721 widmen. Minister und Hofrat fanden in Klitsch und Edi¬
1714 1689 2992 1773 hofer prägnante Vertreter, während eines Figur, ein
1714 1740 2863 1815 armer Teufel von jüdischem Provinzarzt, sder in
2874 1760 2978 1810 der
1712 1788 2978 1853 Berliner Darstellung durch John Gottowt einem die Tränen in
1720 1830 2976 1917 die Augen trieb, hier ganz eindruckslos vorüberzhg. Aber die
1713 1890 2969 1972 Gesamtwirkung dieser Komödie war mächtig. Was hier von Glaube
1717 1928 2076 1994 und Wissenschaft,
2116 1936 2973 2016 von Klerikalismus, Ueberzeugungstreue,
1722 1979 2979 2058 Speichelleckerei, Strebertum und Schurkerei balt in sittlichem
1722 2026 2984 2112 Pathos, bald in Hohn, bald in schlagendem Pitz durch Rede
1721 2082 2975 2157 und Gegenrede aufgerührt wurde, traf auf stärkste Empfänglich¬
1722 2122 2974 2222 leit. Ein wahrer Jubel, ein donnerndes Hoch- und Bravorusen
1709 2168 2972 2235 grüßte den Dichter, als er auf der Bühne erschicht. Der stille
1713 2221 2970 2297 und feine Artur Schnitzler stand wie ein Kämpfer in der Arena,
1714 2270 2608 2349 und seine Stimme war die Stimme der Zeit!
1824 2331 2977 2418 (Kammerspiele.) Ludwig Fuldas vigaktige Komödie
1708 2387 2973 2467 „Der Lebensschüler“ ist eine Mischung von Lustspiell
1699 2441 2973 2539 und Schauspiel. Im Grunde genommen ist der #icheste Fulda ein#
1702 2475 2970 2565 alter Sudermann. Ein wenig Erotik aus BerlinW., ein wenige
1704 2531 2963 2593 Gesellschaftssatire und viel Theater. Man kennt diesen Tanz der
1693 2577 2962 2665 Marionetten. Zu dem gewissen weltkundigen Berliner Rechts¬
1699 2621 2959 2713 anwalt (Zyniker) kommt ein junger Träumer aus der Provinz.#
1693 2685 2955 2752 Der Erfahrene lehrt ihn das Leben, das heißt die Liebe. Das
1693 2729 2960 2802 große Abenteuer des Jungen ist eine angenehm verruchte Dame
1707 2766 2944 2854 (Individualität), mondän bis i Fuldas Fingerspitzen. Im letzten
1697 2811 1950 2877 Augenblick
2023 2814 2891 2900 das ist die Spannung des Stückes
1698 2860 2312 2927 wird der Lebensschüler
2342 2872 2481 2931 von
2510 2869 2665 2940 seiner
2693 2881 2956 2945 Leidenschaft
1691 2921 2953 2992 geheilt. Dort, wo die Komödie nichts wie eine liebenswürdiges
1699 2963 2952 3033 Nichtigkeit sein will, wirkt sie in ihrer ganzen sehr geschickten Arti
1693 3007 2962 3098 am sympathischesten. Die Figur der Kokette, die bereits mehrere
1693 3055 2947 3149 Schritte vom Wege gemacht hat, verrät hie und da echte Züge.
1693 3093 2951 3171 Der Dialog trägt den gepflegten Vollbart Sudermanns. Da¬
1688 3152 2950 3229 zwischen gibt es allerdings Pointen und halbkecke Aphorismen:
1685 3202 2941 3283 Ironie mit Monokel. Gespielt wurde vortrefflich. Fräulein
1682 3239 2932 3331 Woiwode lächelte sich mit persönlicher Anmut und Lustspiel¬
1681 3276 2951 3390 eleganz über ihre heikle Rolle hinweg und bot eine ihrer besten
1689 3332 2948 3417 darstellerischen Leistungen. Sehr gut führte sich Herr Prangen
1682 3396 2941 3465 ein. Er hat einen schlichten, warmen Ton. Bemerkenswert in
1685 3440 2836 3514 seiner sicheren Charakterisierungskunst Herr Werner Kahle.
1797 3495 2930 3588 (Raimund=Theater.) Bruno Granichstädten.
1678 3544 2929 3637 der seit seinem großen Erfolg mit „Auf Befehl der Herzogin“
1669 3602 2939 3684 nichts Neues geschaffen hatte, wurde gestern mit einem Singspiel
1667 3671 2931 3732 „Das alte Lied“ zum erstenmal aufgeführt, das sehr
1673 3703 2942 3774 starken, unbestrittenen Beifall fand. Das hübsche und von zarten
1663 3746 2933 3824 Alt-Wiener Stimmungen erfällte Libretto, das ebenfalls von
1668 3785 2937 3869 Granichstädten stammt, dreht sich in der Hauptsache um die Liebes¬
1675 3835 2922 3916 schicksale eines prinzlichen Generals, der zwischen einer kleinen Tänzerin
1669 3894 2930 3973 und einer polnischen Gräfin schwankt, die nebenbei ein bisserl gegen
1662 3925 2921 4029 ihn intrigiert. Er entscheidet sich schließlich dafür, keine von beiden.
1660 3991 2926 4050 zu wählen und sein Leben sernerhin nur den von ihm befehligten
