3436 4256
736 63 830 129 S S
266 61 1471 160 25 Rernhandi
1634 78 2084 163 box 31/2
1645 503 2089 614 Die Zein, Wien
1607 649 2021 759 WR
1549 777 2314 871 Tgeater und Kana.
2386 854 2447 933 2
1585 903 2278 998 „Professor Bernhardi.“
1881 964 2429 1052 im Deutschen Bolks¬
1433 980 1844 1078 (Erstaufführnn
1827 991 2096 1077 theater.)
1549 1068 2437 1122 eo- Einiges von weittragender Beden¬
1449 1107 2427 1185 tung hat sich ereignet, Throne haben stürzen,
1451 1151 2443 1231 Reiche entstehen und vergehen müssen, ehe die
1455 1197 2461 1259 erste Aufführung von ArthurScuitlers
1450 1240 2452 1312 Komödie „Professor Bernhardi“ in Wien
1447 1285 2420 1351 möglich werden konnte. Sieben Jahre — aber
1447 1338 2436 1396 welche Jahrel — liegen zwischen dem Erscheinen
1452 1370 2422 1446 des Buches und gestern. Der Fall Bernhardi war
1462 1409 2434 1477 einmal eine große politische Affäre bei uns:
1465 1460 2430 1542 sogar die geplante Aufführung in Preßburg vor
1467 1494 2439 1574 geladenen Gästen wurde durch „höhere“ Gewalt
1469 1554 2436 1615 verhindert, und die politischen Parteien von
1460 1591 2440 1666 rechts und von links schlugen förmliche Schlachten
1456 1635 2443 1713 um diese so vornehm und so taktvoll kühne
1459 1680 2431 1753 Komödie. Wenn man jetzt die „Freiheiten“ er¬
1477 1718 2437 1793 lebt, die wir uns erst durch Weltkrieg und
1465 1776 2440 1833 Revolution erobern mußten, fühlt man so recht
1462 1811 2442 1873 die Beschämung der Vormundschaft, unter der
1465 1855 2438 1937 wir nun zusammengebrochen sind. Man darf die
1480 1891 2446 1973 Gefahren, vor denen sie uns bewahrt hat, wirklich
1470 1942 2448 2009 nicht mit denen vergleichen, denen sie uns aus¬
2212 1981 2447 2054 ungerecht
1479 1996 2155 2073 geliefert hat, sonst müßte man
1477 2054 1685 2109 werden.
1572 2054 2443 2140 Schnitzler versucht in seinem Professor
1479 2122 2453 2185 Verhardi einen Arzt zu zeigen, der zum
1480 2162 2450 2220 Politiker oder Märtyrer einer Weltanschauung
1484 2199 2452 2282 weder Lust noch Veranlagung hat. Er ver¬
1472 2252 2452 2307 weigert dem Priester, der einer Sterbenden die
1486 2290 2450 2355 letzte Delung erteilen will, den Eintritt zu der
1485 2345 2453 2409 Kranken, weil diese keine Ahnung hat, daß sie
1486 2376 2460 2447 sterben muß, sondern im Gegenteil von dem
1495 2423 2445 2500 Glücksgefühl sicherer Genesung erfüllt ist.
1491 2466 2454 2540 Dieser Arzt ist ein Jude. Klerikale und Anti¬
1485 2509 2459 2575 semiten bemächtigen sich des Falles. Der stark
1497 2569 2461 2619 opportunistische Minister für Kultus und
1490 2591 2463 2663 Unterricht gibt den Freund bei einer Inter¬
1493 2641 2456 2710 pellationsbeantwortung im Abgeordnetenhaus
1496 2686 2456 2758 preis, weil er es sich mit den Klerikalen nicht
1500 2730 2451 2799 verderben darf, die Anklage wegen Religions¬
1497 2774 2455 2851 störung wird erhoben, Professor Bernhardi zu
1487 2816 2466 2884 #wei Monaten Kerker verurteilt. Am Tage, da
1488 2869 2467 2937 er das Gefängnis verläßt, stellt sich seine
1498 2896 2467 2977 Unschuld heraus. Die Kronzeugin der Anklage
1487 2956 2463 3028 hat in der Beichte gestanden, daß ihre Aussage,
1499 2996 2476 3073 Vernhardi habe den Priester mit Gewalt am
1449 3064 2499 3182 Bekreken des Krankenzimmers verhindert, eine ##
1455 3114 2413 3203 falsche war. Nichts steht der Wieberaufnahme
1446 3154 2404 3248 des Prozesses entgegen, aber Bernhardi erachtet
1444 3216 2414 3307 den Fall für sich als erledigt. Er ist kein Kämpfer,
1441 3248 2406 3329 er war nur ein Opfer, er will nicht mehr in
1467 3291 2412 3396 den Gerichtssaal, sondern nur zurück zu seiner
1449 3330 1617 3386 Arbeit.
1535 3388 2401 3451 Schnitzler hat sich seine Arbeit nicht leicht
1439 3414 2407 3515 gemacht. Er hat Licht und Schatten mit
1446 3462 2403 3568 Fußerster Delikatesse zu verteilen versucht, das
1437 3520 2393 3604 Tema, das er selbst anstimmt, und die Beglei¬
1429 3542 2391 3646 tung, die von der Umgebung beigestellt wird,
1432 3607 2397 3686 möglichst streng auseinander gehalten. Die
1427 3647 2380 3722 Figuren sind meisterhaft nach dein Leben ge¬
1427 3695 2389 3780 zeichnet. Die technische Führung der Aus¬
1420 3729 2383 3814 einandersetzung über den Fall ist von einer
1414 3777 2383 3868 künstlerischen Vollendung, die über die
1413 3825 2389 3913 Handlungsarmut von vier Akten glänzend hin¬
1407 3860 1631 3930 weghilft.
1497 3901 2374 3998 Die Aufführung des Deutschen Volks¬
1409 3949 2376 4039 theaters war eine ausgezeichnete, man merkte
1407 3989 2363 4082 ihr die unfreiwillige Muße sehr vorteilhaft an,
