3392 4352
1626 123 2080 224 box 31/2
710 146 823 205 S S
263 134 1479 239 25. PrfOrBernhand
1028 1094 2401 1173 und Arzt — nicht vor ihrem nahen Tode den Schrecken der Todes¬
1030 1165 2394 1213 angst preisgegeben werden. Dieser Vorfall, nicht als Politikum oder
1028 1203 2406 1279 System gemeint, sondern bloß durch die augenblickliche Situation
1022 1265 2399 1317 geboten erscheinend, hat nun eine Hetze gegen den Professor zur
1025 1320 2402 1363 Folge, aus der er als Besiegter und Sieger hervorgeht. Die Frage,
1035 1360 2412 1420 wie sich Arzt und Priester am Krankenbette als Mithelfer und Helfer
1018 1396 2405 1463 zueinander verhalten sollen, ist eine eminent wichtige und dabei
1031 1474 2408 1516 doch eigentlich nur eine Teilfrage aus dem großen ungelösten Komplex:
1026 1502 1563 1572 Wissenschaft und Kirche.
1141 1537 2400 1599 Die Zustände im alten Österreich, die gerade in diesem Stücke
1027 1608 2397 1655 vielleicht wie in keinem zweiten mit einer so großen Wahrheits¬
1033 1649 2400 1709 liebe, Sicherheit und Schärfe geschildert sind, haben die Frage
1038 1695 2413 1758 nicht nur keiner Lösung zuzuführen vermocht, sondern vielmehr
1037 1746 2409 1809 auch jede Lösung gewaltsam zu verhindern gesucht. Die neue Zeit,
1033 1810 2417 1860 die auch nichts gegen die Aufführung dieses Stückes einzuwenden
1037 1846 2419 1909 hatte, ist dazu berufen, hier eine menschlich-würdige Einigung zu
1042 1889 1962 1972 schaffen, die beiden Parteien ihr Recht gibt.
1162 1936 2411 2004 Daß es hier natürlich vollkommen gleichgültig ist, welcher
1031 1990 2413 2056 Konfession der Arzt, der hier mit seiner oder einer fremden Kirche
1039 2041 2412 2094 in Konflikt geraten kann, im einzelnen Falle angehört, ist wohl
1039 2088 2412 2148 selbstverständlich. Professor Bernhardi, wie ihn Schnitzler, der Arzt,
1037 2134 2411 2194 der Sohn des Arztes und Spitalsdirektors schildert, ist Jude. Dieser
1043 2184 2408 2255 Umstand bietet dem Dichter natürlich Gelegenheit, die vollen Ge¬
1038 2236 2413 2299 fahren, die Klerikalismus und Antisemitismus für die Gesellschaft und
1041 2310 2423 2355 insbesondere für den menschlichdenkenden Arzt in sich bergen, mit
1046 2339 2077 2415 einer bewundernswerten Aufrichtigkeit zu schildern.
1045 2430 2420 2504 purch 2, 3 Sätze lückenlos erfaßt. Und gerade wieder die Arzte —
1034 2501 2405 2552 es kommen ihrer in diesem Stücke nicht weniger als 15 vor —
1052 2536 2419 2592 sind ganz besonders treffend wiedergegeben. Bernhardi selbst, der
1049 2579 2429 2642 aufrechte Mann, nichts fürchtend als die Gesetze der Menschlichkeit.
1048 2631 2413 2695 Dann die übrigen, die meist mehr Politiker als Arzte darstellen.
1044 2692 2419 2745 Der Professor, der noch immer Kouleurstudent und derjenige, der
1047 2739 2417 2796 schon Christ ist; der Frauenarzt mit dem gepflegten Bart: der kleine
1054 2789 2422 2835 praktische Arzt ohne Protektion, ohne Geld, Bezirksarzt in Ober¬
1053 2835 2417 2874 hollabrunn (vielleicht die am besten gezeichnete Figur der ganzen
1055 2881 2429 2936 Komödie) als Gegenstück zum Professor der Medizin, der durch
1051 2933 2419 2989 geschickte Schachzüge Minister wird und sich zu halten sucht, wie
1048 2987 2421 3038 es nur ein Minister im alten Österreich konnte. Der Sohn des
1055 3026 2428 3083 Professors, der rasch sein Assistent wurde, und der Professor, dessen
1055 3073 2422 3137 Verwandter Abgeordneter ist, der also im Spital selbst hohe Politik
1056 3124 2431 3182 betreiben zu müssen glaubt. Lauter Menschen, die, seit dieses
1058 3176 1834 3236 Stück geschrieben ist, Typen wurden.
1181 3212 2433 3278 Welchen Rang dieses Stück in Schnitzlers künstlerischer Lauf¬
1054 3267 2434 3325 bahn einnimmt, ist wohl heute nicht leicht zu sagen. Wenn es auch
1063 3320 2440 3375 e Tendenzstück ist, das weit über seinen unmittelbaren Rahmen
2787 1048 3375 1130 und über seine Tendenz hi
2785 1113 3383 1173 und Allzumenschliches behang
2778 1156 3376 1233 stück bleiben und die Schw
2780 1216 3369 1278 Beziehung aus sich nehmen
2773 1258 3373 1329 herrschung des Milieus irgendw.
2774 1321 3388 1381 Menschlich bleibt das Stück
2778 1360 3378 1428 ganz besonders wertvoll. Ben
2783 1407 3379 1474 Liebeskonflikt, in der Haupth
2775 1456 3373 1528 gibt, ein in Schnitzlers Werk
2784 1509 3370 1561 dafür, daß sein Gebiet weit
2793 1558 3105 1634 seichte Erotik.
2897 1640 3382 1721 Ohne die beiden Wen
2788 1705 3374 1773 egeneinander ausspielen zu
2793 1745 3371 1819 Falle „Schöpfer“ - „Professor
2785 1798 3397 1868 die großen Konflikte („M
2786 1848 3399 1916 außerordentlich kleine fas ab
2794 1896 3399 1965 der mit den Verhältnissen voh
2795 1949 3390 2008 Dort Probleme menschlich-th
2793 1995 3387 2054 die bisweilen zu menschliche
2793 2039 3398 2112 theatralisch wirken. Man ma
2793 2091 3372 2152 beiden Werke denken wie 1
2795 2138 3396 2215 sagen müssen, daß sich Hans M
2790 2182 3398 2262 lichkeit des Schaffens, wie 8
2798 2246 3379 2312 durchgerungen hat — sie
2805 2290 3367 2359 sie allerdings beide, jedes
2794 2335 3397 2422 sind, zweifellos volle Anregu
2920 3304 3390 3383 Gesellschafto-Buchdruckerei
