3392 4320
1649 138 2101 239 box 30/1
281 121 1507 254 25. Professon Bernhand
2616 1017 2906 1095 Sene.
512 1017 1537 1107 teressen vertritt, so kann er anch das dech. t.
1552 1035 2606 1124 Fihnger Front gegen uns machen werden. Wir
2657 1081 3365 1145 Minister der öffentlichen Arbeiten
512 1080 1552 1155 Arbeitsvertrages, das Koalitionsrecht seiner Arbeiter
1558 1105 3365 1192 mußten unseren Arbeitern klar machen, daß sie sichltenbach: Nach dem Standpunkt d
502 1174 1559 1266 soll, wenigstens einen Teil der BrahmschenErbschaft
1547 1191 3365 1290 Rene und Strafe nicht mehr gibt, diese graziösel schwebende, beherzt=schüchterne Liebhab
505 1228 1323 1295 würdig und erfolgreich verwalten wird.
1546 1230 2585 1315 Selbstverspottung einer von allen Lasten der Materie
2588 1269 3359 1335 Loos erst recht blaß und unwesenhaf
582 1274 2585 1361 Wie es hier in der Schnitzlerschen Komödie die lbefreiten Menschlichkeit ist der eigentliche Gegen¬
2577 1305 3356 1383 Publikum ging es wie ihm: es wußte
490 1314 1562 1387 Untertöne sind, die das Konzert führen, so ist es
1550 1316 2590 1404 stand der Rittnerschen Komödie, oder besser sagt man
2586 1358 3350 1413 es zu dem allen ja oder nein sagen
496 1366 1564 1435 auch dem aus Galizien stammenden Verfasser der
1541 1379 2590 1441 wohl: des Rittnerschen Dialoges, der sich durch eine
2586 1396 3365 1459 Gescheitesten waren jedenfalls die, die sich
493 1409 1557 1472 dreiaktigen Komödie „Sommer“, mehr um das
1545 1420 2577 1491 vor der Bühne kaum recht zu würdigende Anmut
2587 1436 3373 1512 zu Hause das Buch (Deutsch=österreichisch
497 1443 2575 1535 Arabeskenwerk, um die mitschwingenden Stimmun=lund Behendigkeit auszeichnet. Doch bleibt dies alles
2579 1483 3362 1547 Wien) zu lesen, um von den Zweigen,
498 1502 1541 1555 gen und Farbentöne zu tun als um einen auf Ja
1547 1516 2580 1581 on der Oberfläche haften. Die Figuren, so komisch
2585 1524 3364 1614 reifen, saftigen Früchte haben, sicher ein
490 1536 1547 1610 oder Nein gestellten dramatischen Konflikt. Wieder
1546 1553 2571 1622 sie sich anlassen, kommen nicht recht zu der Herz¬
2569 1589 3291 1636 zart gefiederte Blüten zu pflücken.
497 1576 2589 1665 ist es eine medizinische Sphäre, in die uns haftigkeit des Handelns, auf die ihre humoristische
2645 1615 3371 1680 Mit leichterer Unterhaltungswa
478 1626 1546 1690 Thaddäus Rittner führt. In einem
1542 1640 2582 1708 Anlage Anspruch erheben soll, und die melancholische
2571 1655 3361 1730 [Trinanontheater und Lust
492 1662 2595 1755 Sanatorium schildert er uns mit weltmännischer Lebensstimmung ist nicht mehr als das bischen
2572 1715 3358 1784 auf. Dort variiert Paul Gavau
481 1712 3356 1762 Menschenkenntnis das Gewimmel und Gewühl all Blütenstaub auf einer Blume, der bei der ersten Be=französische Lieblingsthema der Lu
486 1758 2571 1844 der ein wenig ramponierten Existenzen, die hier rührung ins Nichts verfliegt. Auch wird der aus
2580 1797 3366 1860 On revient toujours à ses premi
490 1797 2578 1880 Heilung von wirklichen oder eingebildeten Leiden seiner zurückhaltenden Schüchternheit zum ver¬
2576 1830 3366 1902 Nicht weniger als vier Pärchen braucht
493 1843 2574 1925 suchen. Meistens sind es Frauen, die das an einem wegenen Vabanquespiel aufgepeitschte Liebhaber
2574 1866 3361 1940 um nach langem Hin und Her, Für und
483 1887 1551 1952 Alpensee gelegene Sanatorium, genannt „Frauen¬
1537 1901 2580 1969 bald wieder zage und feig, als er im dritten Akt
2570 1929 3352 2001 alte Weisheit neu zu bekräftigen: „Di
487 1929 1537 2003 schloß", bevölkern. Und bei allen ist es irgend ein
1531 1947 2571 2024 hören muß, daß ihm mit der falschen Krankheits¬
2563 1962 3366 2040 die Beste.“ Wäre nicht Jun
482 1969 1547 2044 mehr oder minder gefährliches erotisches Gift, das
1538 1984 2571 2063 diagnose nur ein Floh ins Ohr gesetzt worden ist.
2570 2002 3360 2080 trottlich=gutmütiger Lebegreis und Ado
488 2012 1545 2077 ihnen durch die Adern fließt. Da geht es denn
1537 2033 2569 2106 Einem Dramatiker hätte gerade dieser Umschwung
2572 2058 3365 2130 im köstlichen englischen Tonfall spr#
490 2062 2568 2159 zwischen Mein und Dein hinüber und herüber oftsin der Gemütsverfassung willkommenen Anlaß zu
2568 2102 3365 2163 ermüdlicher Liebhaberjüngling gewesen
481 2102 3368 2211 recht bunt durcheinander. Der einzige unverrückbare komischen Verwicklungen gegeben. Rittner geht vor den drei in ihrer Handlung und M#
479 2152 3360 2259 Fels in diesen Liebesbrandungen scheint der bär=darüber mit einer bequemen Handbewegung hinweg, sichtigen Akten noch um ein Stündche
487 2186 1551 2267 beißige Arzt selber zu sein, denn er ist heillos in
1530 2212 2579 2290 schickt den armen Sünder ins Wasser, läßt ihn ge¬
2561 2233 3362 2311 müdet gewesen, als es auch mit diesem
487 2234 1544 2309 seine eigne Frau verliebt, obgleich sie ihm, wie das
1541 2253 2752 2338 rettet werden und streichelt ihn mit den liebens=geschah.
487 2278 1530 2345 in vorgerückten Ehen nicht selten sein soll, für alle
1536 2300 2586 2367 würdig=schwermütigen Zärtlichkeiten, die er für an
2634 2296 3356 2391 Im Lustspielhaus versuchte
482 2319 1539 2388 seine täglich neu werbende Zärtlichkeit eine wachsende
1527 2343 3309 2427 seine andern Personen übrig hat, So entpuppt sich Saudeck und Alfred Halm,
484 2365 1538 2438 Kühle entgegenbringt, während sie doch für andere
1525 2384 3364 2475 das Stück, da# in untergeordneten Momenten so kürzlich auf dem Theater am Nollendor
472 2406 3365 2529 immer noch reichlich viel Koketterie auf Lager hat. lviele außergewöhnliche Begabung zeigt, als eins an Seite sah, humoristisches Kapital a#
483 2449 3346 2507 Bisher verlief dergleichen harmlos. Jetzt, da den hjener dissoluten Stimmungsdichtungen, mit denen Stadien des preußisch=österreichischen
476 2492 2557 2577 Arzt eine Operettensängerin umgarnt, die Frau einldie Wiener heutzutage nicht bloß den Roman, sondern
2558 2537 3351 2604 1866 zu schlagen. Was ihr Lustspiel „G
473 2523 2572 2634 schüchterner, aber scheinbar um so tiefer veranlagter auch die Bühne zu erobern sich anmaßen, während
2554 2579 3347 2638 da aber an komischen Verwicklungen und
472 2570 2571 2673 junger Patient bekurt, droht es zu einer Katastrophej das, was sie mit bringen, doch gerade nur für die
2561 2615 3358 2690 zusammenbringt, ist nur oberflächlich
470 2633 1537 2705 zu kommen. Da verfällt der Arzt auf das Mittel,
1521 2646 2565 2714 Lyrik und für die kleine psychologische Novelle genügt.
2562 2660 3340 2739 Aus dem Wesen dieses Krieges und
477 2669 1531 2743 jenem ihm gefährlich werdenden Nebenbuhler einzu¬
1600 2683 2571 2760 Das Stück wurde, nachdem es in Wien seine
2559 2712 3273 2781 tümlichen politischen Konstellation,
475 2707 1529 2785 reden, er sei ein Todeskandidat und habe sein Leben
1521 2713 2561 2798 Burgtheater=Premiere gehabt hatte, bei uns im
2566 2746 3356 2812 friedlichen Gegenteil genesen ist, steigt
475 2746 2570 2842 nur noch für diesen einen Sommer. Bei solchen[Lessingtheater gespielt, als erstes nach
2556 2795 3346 2861 all diesen billigen Witzen und Verwechsl
478 2793 2577 2902 Aussichten denkt er, wird das schüchterne Kerlchen! Brahms Tode. Hätte er, der kluge Dämpfer, bis
2554 2843 3343 2906 österreichischer Kavallerieoffizier — dies
471 2824 2571 2939 alle Lust zum Liebeln verlernen und sein Herz auflzuletzt die Regie überwachen können, so hätte er mit
2551 2884 3355 2953 entweicht mit wichtigen Papieren vor de
464 2881 2567 2984 die letzten entscheidenden Dinge richten. Aber weit Rücksicht auf die leise Melodie des Stückes einer
2558 2927 3355 2986 Feinde aus der preußischen Gefange
466 2921 2561 3021 gesehlt! Über den Schüchternen kommt im Gegen=Schauspielerin wie Tilla Durieux schwerlich die
2549 2971 3342 3037 bringt sich auf einem böhmischen Schlos
467 2959 1532 3051 teil eine unbändige Lebenslust, ein Verlangen, seine
1514 2980 3346 3081 Betätigung ihres feurigen Bühnentemperaments inlheit, wo nun die Damen seiner Famili
466 3010 3353 3126 Wünsche und Kräfte auf das Höchste und Außersteldem Maße vergönnt, wie sie es jetzt als Medizinal=mit einer preußischen Hofbankierstocht
460 3056 3348 3166 zu spannen. Diese Sommerstimmung, diese auf=lrätin ausspielen durfte. Neben ihr sahen nun die seinem Verfolger, einem preußische
467 3098 3352 3165 gelöste, sorglos hingegebene Freude an dem, was derlandern Darsteller, auch Reichers Medizinalratleutnant und ehemaligen Waffenbrudel
464 3139 3349 3285 Augenblick bringt, nachdem es eine Zukunft mit und namentlich der zwischen Tod und Leben' durch allerlei galante Intrigen zu sch
