3344 4352
732 208 878 267 S S C
985 206 1050 269 B
267 199 2095 291 25. Profarrnhandi box 31/8
947 1598 1801 1685 62 PROFESSOR BERNHARDI: A PLAYT
948 1670 1891 1739 you begin to understand—to pardon everything
970 1732 1883 1791 —and then where is the charm of life, if yon
960 1755 1581 1803 cannot love or hate any more?
990 1793 1875 1839 Bernhardi: Oh, one goes on loving and hat¬
950 1836 1883 1892 ing; but when I stood opposite Flint, really,
952 1881 1888 1927 my last vestige of resentment vanished. Yon
960 1917 1882 1980 should have heard him. I could not be angry
953 1947 1187 2006 with him.
1002 1976 1892 2048 Winkler: The Minister always liked you, I
955 2025 1209 2078 assure you.
989 2050 1883 2114 Bernhardi: And now this confession of the
948 2106 1886 2160 Sister's, this revision. I have to flee from all
955 2144 1877 2195 this noise that is being made around me, sim¬
948 2173 1876 2222 ply because the people are beginning to real¬
951 2215 1404 2278 ize that I was right.
990 2233 1871 2308 Winkler: Professor, what are you think¬
948 2292 1890 2359 ing of? That is only your imagination—that
950 2324 1282 2385 you were right.
1000 2366 1884 2423 Bernhardi: Have the kindness to explain?
947 2392 1894 2470 According to your idea, I should have let His
954 2448 1223 2504 Reverence—
1003 2473 1887 2545 Winkler: Certainly you should have, my
952 2530 1885 2595 dear Professor. You were not born to be a.
953 2573 1211 2621 reformer—
988 2594 1508 2672 Bernhardi: Reformer?
997 2655 1897 2714 Winkler: As little as I. For we both do not
944 2693 1893 2752 feel ready to go to the bitter end and risk all,
949 2734 1889 2772 even our life, for our convictions. That is why
941 2772 1887 2835 the only decent thing for us to do, is not to
951 2809 1884 2859 mix in such matters. There is nothing in it.
961 2850 1896 2904 What would you have gained, in the end, if
949 2888 1889 2938 you had saved that poor thing that last fright,
952 2932 1883 2969 on her death-bed. Seems like solving the social
938 2969 1882 3032 problem by presenting,a villa to some poor
2062 145 2177 197 .—
2020 1579 2870 1675 PROFESSOR BERNHARDI: A PLAY 63
1942 1666 2267 1725 starving devil.
1985 1686 2875 1758 Bernhardi: But you forget that I did what I
1954 1747 2631 1815 considered right in a special case.
1992 1772 2876 1842 Winkler: That was just the mistake you
1954 1816 2880 1867 made. If one always did the right thing—that
1943 1858 2878 1919 is, in the abstract sense—began early in the
1948 1895 2883 1953 morning and continued to do so all day long,
1958 1937 2873 1986 without taking into consideration the sur¬
1952 1965 2886 2035 rounding circumstances, one would surely land
1953 2015 2439 2062 in jail before nightfall.
1994 2035 2875 2100 Bernhardi: And let me tell you, my dear
1952 2079 2876 2153 friend, vou would have acted exactly as I did.
2015 2128 2873 2178 Winkler: Possibly—and then I would have
1964 2159 2827 2225 been—excuse me—just such a fool as you.
2308 2211 2530 2295 Curtain.
3000 4097 3285 4183 ase
