3344 4352
886 219 1504 295 „Wiener=Neustädter Zeitung,
736 358 1704 423 Foder aus Kaposvar fuhr am 31. Oktober
730 413 1712 477 abends mit der Bahn von Wien nach Wiener¬
728 464 1710 527 Neustadt. Er hatte zwei Handtaschen, die er
728 515 1711 563 ober seinem Sitz auf den Gepäcksträger legte
735 566 1707 624 und sodann einschlief. In Theresienfeld wurden
732 602 1706 658 die Passagiere auf die Endstation aufmerksam
734 661 1706 710 gemacht und als Dr. Foder um die Handtaschen
723 709 1708 755 griff, mußte er zu seinem Schrecken wahrnehmen,
730 760 1704 804 daß ihm eine derselben gestohlen worden war.
742 802 1709 849 Diese Tasche enthielt 700.000 Kronen, teils un¬
744 854 1710 912 gestempelte, teils gestempelte Noten, ferner
740 904 1704 959 andere Gebrauchsgegenstände im Werte von
727 947 1698 1005 über 2000 Kronen. Das Abteil war sehr stark
738 993 1361 1066 besetzt und ohne Beleuchtung.
848 1054 1696 1129 Kognak auf der Straße. Am
729 1105 1696 1173 30. Oktober um 10 Uhr nachts hielten Sicher¬
724 1161 1697 1227 heitswachleute hinter der Lokomotivfabrik zwei
726 1206 1708 1265 Arbeiter an, die gefüllte Rucksäcke trugen. Bei
732 1246 1711 1325 Nachschau wurde in denselben 70 Flaschen
739 1305 1711 1362 Medizinal=Kognak gefunden. Die Arbeiter gaben
729 1354 1696 1410 an, daß sie kurz vorher auf der Reichsstraße
739 1401 1704 1450 nächst der Flugzeugfabrik eine Kiste fanden.
735 1446 1238 1511 Sie öffneten die Kiste-
1290 1452 1695 1515 sie enthielt Koknak
804 1500 1708 1573 füllten sich die Rucksäcke und gingen sodann
723 1555 1696 1607 zur Fabrik. Tatsächlich wurde im Straßen¬
730 1593 1700 1651 graben die Kiste, die ein Fuhrmann verloren
728 1652 1697 1716 haben dürfte und dis noch 13 Flaschen Kognak
735 1694 1172 1763 enthielt, aufgefunden.
811 1746 1691 1811 Ein Diebspaar. Am 30. Oktober
724 1800 1705 1875 wurde in der Pleyergasse der Wehrmann der
732 1846 1693 1904 Munitionsfabrik Franz Pelz und dessen Gattin
731 1903 1696 1973 wegen bedenklichen Besitzes von zwei Rucksäcken
735 1954 1703 2020 mit 50 Kilogramm Wachs angehalten. Pelz
734 2007 1702 2050 gibt an, daß ihm dasselbe ein Jude in die
722 2049 1697 2114 Wohnung gebracht habe und sollte er es ihm
728 2097 1702 2168 heute nach Wien bringen. In seiner Wohnung
720 2152 1700 2206 wurden noch 12 Kilogramm Wachs und
731 2195 1692 2253 8 Blechkannen mit 40 Kilogramm Spirituslack
723 2255 1692 2312 und 4 leere Lackkannen vorgesunden. Dieses
718 2295 1700 2359 Wachs soll Eigentum des Juden sein, während
720 2349 1696 2413 er den Spirituslack in der Munitionsfabrik
730 2381 1021 2462 gestohlen hat.
810 2425 1697 2518 Italienische Arbeiter für Deutsch¬
719 2502 1695 2566 österreich. Wie eine Badener Korrespondenz
719 2549 1696 2608 meldet, haben mehrere Wiener Baufirmen, da¬
726 2607 1690 2658 runter Firma Pittel & Brausewetter, da keine
722 2649 1692 2713 Arbeiter zu bekommen sind, um 400 italienische
728 2690 1142 2763 Arbeiter angesucht.
850 2775 1184 2854 — „ „
854 3749 1613 3881 Die Schüler= V
730 3877 1507 4012 Apersamlung
703 3960 1668 4053 im Fefisdale Bed Staatsgymuasiums
703 4028 1387 4087 in Wr=Neustadt anläßlich h
1554 4038 1677 4099 ter¬
711 4088 1211 4138 skandales bei der¬
1349 4058 1665 4141 M =des
2482 234 2671 297 Seite 3
1737 354 2709 419 tretung des Obergymnasiums in der Direktions¬
1735 420 2726 480 kanzlei und machte dem Leiter der Anstalt
1735 464 2716 522 Dr. Schön Mitteilung von den Vorfällen
1739 522 2715 578 während der Aufführung des genannten Stückes
1743 572 2711 630 und den Vorkommnissen unmittelbar nach dessen
1733 615 2720 675 Beendigung. Der Leiter Dr. Schön hatte bis
1722 677 2713 723 zu diesem Zeitpunkte nicht einmal von der
1726 715 2710 770 zweiten Aufführung dieses Stückes Kenntnis.
1736 761 2719 830 Die Abordnung gab einen kurzen Bericht über
1734 810 2709 879 die Beschimpfungen und Mißhandlung einzelner
1739 861 2722 911 Mittelschüler und bat im Namen der Schüler
1738 913 2711 963 der oberen Klassen des Gymnasiums, der Landes¬
1730 960 2710 1008 real= und Maschinenbauschule und des Landes¬
1728 1005 2713 1077 Lehrerseminars um Ueberlassung des Festsaales
1736 1061 2707 1125 zur Abhaltung einer gemeinsamen Versammlung,
1736 1109 2714 1165 in der gegen die erlittenen Beleidigungen Protest
1737 1158 2710 1226 erhoben werden sollte. Der Festsaal des Gymna¬
1735 1198 2705 1272 siums sei innerhalb der Schulräumlichkeiten der
1739 1252 2711 1325 einzige Ort, der die Zahl der Teilnehmer fassen
1730 1306 2710 1353 könne. Die Abordnung erklärte, daß bei den
1722 1356 2706 1412 Direktoren der beiden anderen Schulen ebenfalls
1721 1396 2698 1476 Vertreter vorsprechen werden, mit dem An¬
1726 1455 2711 1520 suchen, den Unterricht für einen Protest= und
1735 1506 2715 1572 Sympathiestreik für die oberen Klassen frei¬
1722 1561 2702 1622 zugeben. Dr. Schön erklärte, er werde sich mit
1728 1601 2708 1672 den beiden Direktionen ins Einvernehmen setzen,
1727 1648 2705 1715 riet aber von einem Streike ab, sagte für den
1733 1692 2706 1765 Fall des Einverständnisses mit den beiden
1728 1756 2702 1811 anderen Direktionen den Festsaal zu, um die
1727 1798 2693 1853 Schüler nicht in ein öffentliches Lokal zu
1721 1849 2701 1903 zwingen, sie besser überwachen und vor unüber¬
1730 1899 2708 1956 legtem Tun zurückhalten zu können. Er ersuchte,
1723 1938 2705 1999 dem Unterrichte nicht fern zu bleiben und die
1727 1990 2698 2045 Versammlung auf den Nachmittag zu verlegen.
1719 2045 2686 2105 Der Unterricht im Untergymnasium müsse un¬
1728 2089 2703 2166 bedingt aufrecht erhalten bleiben. Schließlich
1728 2146 2700 2209 wurde die Abhaltung der Versammlung um
1719 2184 2701 2245 12 Uhr mittags vereinbart, vorbehaltlich der
1710 2240 2695 2297 Zustimmung der beiden anderen Mittelschulen.
1705 2294 2687 2345 Nach seiner Unterrichtsstunde (8—9) erfuhr der
1712 2330 2694 2389 Leiter Dr. Schön, daß der größere Teil des
1719 2387 2693 2436 Lehrkörpers von den Vorfällen bereits in
1707 2435 2702 2484 Kenntnis gesetzt sei. Gegen 11 Uhr hatte er
1717 2488 2690 2549 eine Besprechung mit dem Direktor der Real¬
1707 2543 2690 2595 schule, der bereits von dem unliebsamen Er¬
1713 2580 2683 2634 eignisse gehört hatte, aber vonseiten der Schüler
1717 2629 2689 2690 seiner Anstalt noch keinen genauen Bericht hatte.
1711 2683 2699 2743 Bei der nachmittägigen Besprechung der Schüler
1717 2724 2688 2785 konnte der Vorschlag des Leiters Dr. Schön
1716 2783 2683 2844 nicht durchgesetzt werden. Die Vertreter der
1712 2811 2686 2888 Seiden anderen Mittelschulen erklärten, mit
1703 2877 2681 2934 Zustimmung ihrer Direktionen Freitag 9 Uhr
1713 2925 2694 2987 den Unterricht abzubrechen und ins Gymnasium
1718 2980 2688 3037 zu marschieren. Das erfuhr Dr. Schön Freitag
1711 3017 2680 3086 vor 8 Uhr, der nun alle Vorbereitungen traf,
1717 3071 2683 3130 damit die Versammlung in Ruhe durchgeführt
1709 3129 2694 3186 werde. Telephonisch berieten die drei Direktoren
1705 3170 2681 3234 über die zu treffenden Maßnahmen zur Beru¬
1709 3218 2686 3268 higung der Schüler. Es wurde vereinbart, daß
1709 3267 2686 3314 die Direktoren an der Versammlung teilnehmen
1713 3309 2680 3378 sollten. Ebenso wurden die Professoren, die keinen
1701 3365 2677 3418 Unserricht hatten, gebeten, sich zur Aufrechter¬
1704 3406 2696 3468 haltung der Ordnung zur Verfügung
1705 3460 1914 3539 z stellen.
1794 3521 2678 3617 Um 9 Uhr fanden sich die Schüler der
1703 3592 2674 3660 beiden anderen Anstalten während der Unter¬
1704 3644 2679 3711 richtspause ein und begaben sich in voller Ruhe
1699 3697 2675 3743 mit den Obergymnasiasten in den Festsaal. Die
1712 3744 2678 3809 Direktoren der Realschule und des Landes¬
1707 3795 2667 3856 Lehrerseminars ließen ihr Fernbleiben ent¬
1705 3838 2677 3891 schuldigen, weil sie durch die unvermutete An¬
1699 3896 2679 3957 kunft eines Vertreters der Schulbehörde aus
1708 3935 2175 4004 Wien abgehalten seien.
1786 4015 2674 4070 Zur Beruhigung der Schüler und Ueber¬
1694 4074 2667 4133 wachung hatten sich eingefunden: LAbg. Prof.
