3344 4320
793 93 1076 206 Theatet.
1076 117 1159 244 1
512 176 1403 288 Nun wicd „Aedfessot Bernhärdi“ auch in
420 285 1409 350 Preßburg nicht aufgeführt und so haben einige
425 323 1413 410 übereifrige Agenten dem Freisinn eine neue Schlappe
420 388 632 455 verschafft.
524 444 1405 521 Müssen denn die Taten des Liberalismus
423 518 1401 586 grade in der schwülen Theateratmosphäre vollbracht
418 577 1401 650 werden, ist alles Männliche bereits im Theatralischen
414 617 597 690 ersoffen.
518 687 1400 758 Arthur Schnitzler hätte auch einen besseren
410 747 1384 811 Einfall haben können, als die Gründung der Poli¬
422 801 1393 866 klinik zu einem Markstein des Freisinns zu gestalten.
510 867 1399 948 Er weiß es ja aus erster Quelle, daß es sich
412 928 1391 995 damals nicht um politische Probleme gehandelt hat,
407 991 1401 1051 sondern um die Mittel, einigen strebsamen Arzten
409 1052 1274 1122 den Weg zu Namen und Praxis zu bahnen.
501 1107 1173 1182 Warum das so tragisch auffassen?
491 1247 1394 1303 Im Johann Straußtheater, wo sonst
399 1314 1385 1383 Girardi echt wienerische Heiterkeit entfesselt, geht
397 1357 910 1433 es jetzt berlinerisch zu.
502 1424 1387 1503 Das Berliner „Kleine Theater“ ist hier zu
392 1477 1308 1554 Gast und bringt ernst zu nehmende Novitäten.
489 1547 1384 1614 Das letzte Mal kam Norwegen das Land
389 1606 1383 1672 des Leberthrans und der Problemdramatik
395 1653 594 1731 zu Wort.
492 1717 1384 1798 Björnson ist, gegen Ibsen gehalten, recht
387 1775 1320 1853 schwach, aber er hat immerhin etwas zu sagen.
497 1838 1380 1898 „Paul Lange und Tora Parsberg“ ist
383 1901 1375 1961 eine ziemlich verwickelte Geschichte, die teils psy¬
382 1946 1230 2024 chologisch, teils effektdramatisch gehalten ist.
490 2023 1378 2089 Das Drama wurde von den Berlinern mit
387 2075 1374 2143 ihrer charakteristischen Intelligenz und unterstreichenden
380 2137 1368 2199 Sorgsamkeit gespielt. Sehr gut ist Herr Steinrück,
381 2192 1380 2265 vortrefflich die Herren Abel und Klein=Rhoden.
472 2253 1370 2320 Die Lossen bot als halbe Titelheldin eine
384 2306 914 2377 wohl abgerundete Leistung.
471 2439 1367 2523 Unangenehme Szenen spielten sich jüngst im
380 2505 1370 2584 Hofoperntheater ab, als Frau Mildenburg die
379 2572 1369 2640 Isolde sang. Man kann eine Künstlerin sehr hoch
382 2615 1373 2689 schätzen und es doch unstatthaft finden, wenn sie mit
369 2672 1363 2759 den letzten Stimmresten anderen aufstrebenden
374 2727 912 2806 Talenten den Weg verlegt.
465 2813 1374 2865 In Kunstsachen gibt es kein Erbarmen und
361 2863 1358 2928 keine Pietät und Hermann Bahr, der Gatte der
379 2915 1357 2996 Frau Mildenburg, hat oft genug gegen Abgelebtes
374 2967 1086 3040 mit dem kritischen Schwert gewütet.
485 3032 1370 3140 Die Volksbühne hat eine sehr interessante
380 3095 1366 3203 Novität an „Alles um Geld“ von Herbert
376 3154 885 3230 Enlenberg gewonnen.
473 3220 1352 3326 Es ist ein flammender Protest gegen die Macht
371 3279 1363 3381 des Geldes und dürfte dem Dichter viel klingenden
365 3325 673 3401 Lohn bringen.
466 3399 1342 3500 Was doch diese Leute gegen das Geld haben?
364 3459 1351 3552 Wir finden, es wird sehr verleumdet, denn kaum
364 3513 1345 3621 ein zweites Ding gewinnt so bei näherer Bekannt¬
367 3559 826 3646 schaft wie das Geld.
451 3635 1350 3728 Es ist übrigens eine große Torheit, dem Geld
348 3700 1335 3782 die Schuld zu geben, wenn törichte Menschen damit
345 3757 1325 3847 nicht umgehen können. Es heißt, die Messer ver¬
348 3804 1336 3894 dammen, weil sich schon viele Leute in den Finger
341 3859 698 3931 geschnitten haben.
427 3927 1356 4023 Inszenierung und Darstellung waren in der
341 3989 907 4071 Volksbühne sehr lobenswert.
755 4091 908 4144 8273
1806 1201 3034 1298 dort Eigenart zu geben, wo sie nicht bei der demokratischen Kritik
1818 1299 3025 1356 der Staatseinrichtungen beharrt. Ihren menschlichen Angelegenheiten
1821 1315 3039 1410 kann sie nicht anders als mit den Mitteln einer überlebten
1815 1379 3032 1456 Blumigkeit beikommen. Das zeigt sich am besten, wenn der
1821 1421 3039 1501 sozialdemokratische Reporter das Begräbnis eines Parteimannes
1820 1474 3047 1551 schildert, an dem ein Sonnenuntergang ganz so plastisch mitwirkt
1817 1533 3042 1596 wie bei einem ähnlichen Anlaß auf liberaler Seite, und wo,
1826 1580 3046 1639 um jeder Mißdeutung aus dem Wege zu gehen, aus dem schlichten
1828 1641 2709 1697 Proletarier ein stolzer -Proletar- gemacht wird.
2739 1620 3012 1714 J.-42
2727 1693 3043 1794 (o Il)
2184 1737 2686 1804 Das Schiff der Kultur
1842 1788 3050 1852 (Motto: Der Wali, wie Sie wissen, hat es verboten, aber Heller aus
1841 1822 3045 1890 Wien kommt eigens und führt es auf. Er hat sich geäußert: wenn der
1840 1876 3047 1928 Wali sich auf den Kopf stellt, er laßt es sich nicht nehmen, Kultur
1955 1901 2927 1968 nach-Preßburg zu tragen.: Ein tüchtiger Mensch....*)
1952 1943 3052 2022 Ja es ist eine große Zeit in der wir leben, denn im Morgen¬
1832 1994 2229 2086 blatt steht zu lesen:
2139 2049 2752 2109 Theater, Kunst und Literatur.
2253 2102 2659 2169 „Professor Bernhardi“.
2185 2149 2709 2197 Im Extrazug nach Budapest.
1949 2190 2681 2261 Und im Abendblatt heißt es bereits:
2134 2240 2765 2307 Theater, Kunst und Literatur.
2250 2292 2666 2349 „Professor Bernhardi“.
2145 2338 2773 2402 Im Separatdampfer nach Preßburg.
1956 2369 3066 2431 Gott dieser Heller läßt einen ja gar nicht zu Atem kommen,
1850 2415 3063 2482 und wenn sich auch der Kulturgedanke den praktischen Schwierig¬
1858 2475 3075 2537 keiten anpassen mußte und aus dem Unternehmen vorläufig nichts
1852 2515 3070 2590 weiter wurde als ein -Professor Bernhardi, im Extrazug nach
1857 2560 3067 2642 Preßburge, so steht doch fest, daß wir über kurz oder lang auf
1858 2612 3074 2686 den Professor Bernhardi per Luftschiff hereinfahren werden nach
1863 2679 3071 2737 Großwardein. Die ldee mit dem Separatdampfer ist indes so
1861 2712 3078 2790 erhaben, daß wir ihr wie einem Meteor nachblicken und noch
1859 2779 3075 2840 lange gebannt in die Himmelsrichtung schen, wo sie aufgeflammt
1859 2813 3087 2882 ist.. Sind's Argonauten, die gen Preßburg ziehen, um das goldene
1866 2863 3076 2928 Vließ zu erobern, da ihnen der Franz Josefsorden unerreichbar ist?
1860 2908 3079 2988 Sinds Wikinger auf abenteuernder Fahrt? Normänner? Nein, auch
1868 2966 3078 3022 Frauen. Jene, die es ihrer Nächsten richt gönnen, wenn sie hören,
1865 3007 3072 3088 daß der Gatte definitiv impotent g.worden sei, und fragen, ob das
1871 3057 3076 3135 mehr ist als kaiserlicher Rat. Preßpiraten und Ringstraßenkorsaren.
1856 3106 3070 3181 Dieses mit den höchsten Ansprüchen an die Kunst gerüstete
1840 3243 2167 3309 gottlieher wird.
1964 3280 3061 3341 In der letzten Zeit ist Hermann Bahr dem lieben Gott schon gar
2047 3333 3062 3414 ##serden Er hat sogar, verdrossen über die Wiener Ver¬
2838 3369 3070 3447 en „ Rurschen
