3436 4224
2149 -22 2774 21 te ve Grere P. Pere.
1211 -44 1705 36 By GILENT MAILi
2140 9 2839 56 arms of Judaism. After that, 1 in¬
844 32 2079 95 S Dr. Arthur Schnitzler and 1Jews believe and hope he is,
2149 36 2840 87 terested myself deeply in the in¬
1463 75 2133 122 stands midway between these two
2152 75 2838 128 numerable problems that confrent
750 60 1445 137 A were sitting in the warm and
1450 118 2133 164 extremes. He accepts his Judaism
2146 119 2342 167 the Jew.
840 113 1441 160 embracing comfort of a long,
1459 146 2131 190 as naturally and as unconsciously
2217 141 2835 194 I have expended much thought
755 152 1432 199 soft couch, discussing ramblingly
1462 183 2124 228 as he does his color. He is a Jew
2149 191 2837 242 on the Jew and now, I feel with a
751 196 1438 236 innumerable matters of Intellectual
1457 222 2127 271 in heart and in soul, just as he is
2154 209 2845 272 firm conviction, that the two most
751 232 1428 277 interest, I had the precious oppor¬
1449 264 2128 313 an American or German; he is
2155 264 2844 316 important influences in the life of
757 268 1442 323 runity of studying at close range
1454 297 2131 343 proud of his race’s heritage, but
2145 296 2848 363 the modern Jew are: anti-Semitism
747 305 1440 344 one whom 1 consider the great
1450 325 2129 370 he keeps all this to himself. When
2157 339 2836 390 and Zionism. Dur age has been
754 349 1430 392 literary flgure of our age, a literary
1449 367 2131 423 the Jewish race needs him he will,
2156 375 2847 421 unkind to striet religious worship
745 376 1441 425 Higure who ls as great a Jew as he
1459 411 2125 459 of course, offer himself in a way
2154 412 2839 456 of all kinds. The modern Jew has
745 414 1433 454 is an artist. And this close study
1449 450 2125 491 that will be most useful. In short,
2155 444 2850 493 surrendered much of his tradition,
743 452 1439 502 of the man revealed clearly that
1454 483 2126 523 he is a Jew in actlon, in feelings,
2148 489 2838 533 much of his striet religious observ¬
751 495 1442 537 Dr. Schnitzler feels and looks his
1459 522 1781 573 not in blatancy.
2138 533 2846 571 ances. He remains a Jew, how¬
751 527 1438 586 age polgnantly. He is almost
1549 542 2132 607 Often, I strove to live In just
2149 554 2840 610 ever, because of something that is
749 558 1436 608 seventy years old, and the deep
1461 590 2129 637 that fashion —that Is why, every
2147 595 2842 641 in his heart. The two influences
758 608 1435 656 wrinkles of his face, the, grayness
1449 631 2126 673 once in a while you will find people
2154 632 2854 683 that will tend perpetually to keep
747 647 1435 684 of his beard and hair, the heavy
1461 669 2134 714 who discover suddenly that 1 have
2157 666 2849 722 the Jews inextricably united, that
755 677 1441 726 bags under his eyes, his stooped
1461 710 2128 759 given up my race. Because 1 re¬
2154 709 2842 768 will tend to keep them constantly
753 715 1441 761 back, his tired lock all speak the
1457 746 2128 787 fuse to be a publicity agent for my
2150 749 2842 792 conscious of their race are anti¬
755 748 1436 801 ract that his seventy years weigh
1448 782 2131 824 race, does that mean that 1 deny
2155 781 2853 836 Semitism and Zionism. Hate al¬
749 791 1142 850 heavily upon him.
1447 819 2137 862 It? Ot course, that Is absurd. To¬
2158 818 2841 868 ways defeats its awn purpose. It
812 830 1439 882 Remarkable, is it not, that a
1460 855 2137 901 day, as well as yesterday, the prob¬
2152 861 2843 907 does not destroy its victim but rather
738 868 1437 933 body so weary and old should couch
1459 892 2125 936 lems of the Jews are uppermost in
2150 907 2852 943 encourages him to flourish and
750 913 1438 961 a spirit, fresh and buoyant as
1459 932 2128 973 my mind. Time and again, 1 have
2154 937 2850 980 grow. Anti-Semitism has achieved
749 952 1436 995 gouth itself? For though Dr.
1451 971 2130 1029 tried to clarify the position of the
2158 979 2851 1018 this same end. It has not de¬
740 988 1439 1040 Schnitzler feels death may not be
2137 1006 2841 1065 stroyed the Jewish religion but, on
747 1023 1444 1066 Jar away, yet never does the real¬
2125 1044 2847 1109 the contrary, has made it firmer,
739 1066 1445 1108 ization bring him pain or anziety.
2139 1078 2851 1133 stronger, more imperishable than
776 1104 1445 1142 Younger men than I have been
2146 1122 2536 1174 it ever was before.
741 1134 1441 1181 known to die,“ he sald softly and
2226 1160 2848 1211 As for Zionism, it interests me
738 1176 1443 1214 peacefully—and 1 could clearly see
2137 1191 2840 1243 not as a political solution. I am
743 1217 1452 1258 that the contemplation of death
2136 1230 2839 1288 interested in it because there is
738 1243 1445 1294 did not frighten him in the least.
2127 1265 2840 1319 nothing that serves to unite a race
1925 1281 2002 1331 610
807 1293 1448 1334 have worked hard during my
2136 1305 2851 1352 or a creed as the common striving
749 1319 1452 1369 life and when the time comes, I
2135 1343 2843 1392 for some far-distant goal. Whether
741 1364 1449 1407 am quite ready to go. Of course,
2126 1378 2841 1427 Zlonism will or will not solve the
740 1405 1448 1447 as long as life is spared to me,
2139 1418 2843 1474 problem of the Jew, I cannot tell.
738 1438 1451 1490 there will be more and more work
2149 1446 2847 1507 I am not a prophet. But I do
749 1470 1451 1513 for me. T am now at work on three
2140 1491 2854 1535 know the mere striving for the goal
742 1515 1453 1553 books and, should they reach com¬
2135 1529 2856 1596 is a healthy influence; the mere
751 1547 1444 1600 pletion, I shall begin work on other
2145 1564 2851 1619 effort of having all Jews working
756 1580 1458 1636 books. However, I am always
2145 1596 2861 1661 for an ideal so nympholeptie will
753 1624 1455 1665 ready to drop my pen because I
2144 1637 2848 1696 react as à vital impetus to bring
746 1649 1450 1710 know that I have worked wisely
2146 1672 2852 1742 all Jews closer and closer to¬
755 1694 1450 1741 and well during my lifetime. My
2132 1716 2334 1784 gether.“
744 1730 1354 1786 conselence, at least, is clear.“
2211 1735 2859 1797 What did Dr. Schnitzler belleve#
825 1763 1443 1814 But Schnitzler’s conscience may
2143 1784 2852 1847 would be che destiny of the Jew.?
759 1815 1446 1861 well be clear on another point too,
2202 1828 2857 1890 Who can tell?“ he answered.
754 1842 1450 1889 as I told him. For he Is one of
2533 1875 2673 1920 good as
758 1893 1450 1925 those rare artists who did not sell
2143 1862 2864 1949 Nour guess is asmine—
2123 1905 2267 1958 56# 4
2723 1914 2761 1947 71
2325 1914 2464 1951 d
749 1918 1454 1964 bie aanl fer #iel ame #n „ Tan.
2129 1925 2870 1988 are both in the wrong. It is not#
744 1949 1452 2005 he lived as a Jew throughout bis
2141 1969 2862 2041 given to anyone to look into the#
745 1985 1453 2045 entire life. There are not very
2150 2018 2542 2071 kuture, you know.“
755 2022 1451 2077 many great Jewish artists like him
1494 2039 2104 2102 DR. ARTHUR SCHNITZLER
2205 2038 2880 2120 But, I insisted, “surely vou!
750 2062 1450 2119 who do not become so immersed in
1973 2092 2034 2141 —
2142 2099 2616 2159 have certain theories?
753 2101 1449 2155 their art as to forget their race and
2181 2141 2240 2179 *#
1460 2117 2147 2187 Jews with my pen. I am a Jew,
2238 2129 2859 2181 Very well,“ he answered, “since
754 2138 1439 2181 its problems. Nor are there very
1453 2178 2144 2229 first and foremost—and that fact
2157 2180 2863 2226 vou call them theories, I shall teil
743 2183 1434 2227 many Jewish artists who have so
1457 2212 2091 2261 never escapes out of my min1.“
751 2216 1444 2264 frequently enlisted their art for
2148 2210 2845 2265 you what they are. But remember,
1509 2235 2133 2303 I was interested to know how
2151 2257 2851 2292 I am not prophesying. To me, it
753 2250 1450 2297 the cause of their race. Who does
1453 2285 2137 2329 Dr. Schnitzler first became so deep¬
2158 2283 2852 2335 scems that the destiny of the Jew
745 2283 1436 2339 not know that Schnitzler’s pen has
1457 2318 2131 2380 ly interested in Judaism. He
2157 2321 2864 2371 lies in an independent, self-respect¬
756 2324 1434 2373 been an indefatigable ally of the
2154 2364 2859 2410 ing assimilatior. He will fit grace¬
1453 2358 2137 2409 answered: Anti-Semitism üirst
750 2362 1436 2408 JTew? When he felt the poignant
1452 2401 2133 2444 drove me to sympathize with my
2152 2391 2849 2445 fully in the country in which he
753 2397 1440 2439 stings of antl-Semitism levelled
1452 2436 2137 2484 race—just as it does so many
2483 2429 2844 2489 borrowing much
2159 2435 2481 2490 finds himself —
750 2435 1441 2490 against the Jew, he wrote Prof.
1457 2464 2133 2513 others. My father, a very cultured
2154 2471 2846 2525 from it, giving much to it. That
753 2475 1437 2531 Bernhardi, a supremely subtle
1457 2513 2136 2557 physician, had almost no affiliation
2158 2496 2861 2560 does not mean that the Jew will
757 2510 1447 2556 study of anti-Semitic hate among
1468 2551 2139 2596 with his race. Conzequently, I re¬
2154 2548 2860 2592 lose his individuality. Nor does it
752 2550 1449 2601 physiclans. In The Open Road,
1462 2587 2130 2634 ceived no religious training in my
2158 2580 2852 2639 mean that the Jew will abandon his
750 2595 1448 2643 he discussed the problems of the
2165 2622 2852 2668 race. It will merely mean that his
1460 2619 2142 2665 childhood and youth. I knew I
751 2623 1448 2674 Jew with such clear vision and
1464 2664 2145 2705 was a Jew, but the fact did not
2161 2666 2855 2704 race will be Jwish, his country,
749 2658 1442 2707 sanity that the Jew begins to un¬
1454 2692 2113 2752 have very much meaning to me.
2111 2700 2845 2751 Zor instance, American or German
758 2702 1445 2745 derstand himself far better than
2159 2729 2860 2786 —and that both will blend into a
751 2735 1448 2783 ever before. And the number of
1529 2733 2148 2795 It was during my University
2152 2758 2860 2821 perfect harmony. The Jew will
750 2777 1437 2830 artieles which he wrote of timely
1463 2771 2144 2830 days that 1 ürst became conscious
752 2805 1438 2849 Jewish interest Is incaleulable. He
2158 2808 2863 2878 have found, at last, peace on
1456 2826 2137 2860 of the fact that I was a Jew. In
752 2851 1439 2895 was never too busy, when his race
1458 2851 2301 2914 our University, we organized alearth.“
747 2886 1171 2940 called him for ald.
839 2917 1453 2974 I was, therefore, eager to dis¬
752 2957 1449 3003 cuss with such a man problems of
758 3001 1460 3044 Jewish Interest, for I knew well
766 3027 1455 3091 that what Schnitzler would have to
757 3064 1459 3115 say about Jewish matters would
756 3111 1467 3166 not only be of interest but also of
760 3142 1035 3208 significance.
840 3174 1461 3229 This business of being a Jew,“
763 3211 1460 3272 he said to me, when T asked him if
765 3265 1460 3306 he still interested himself as deep¬
760 3299 1461 3341 ly In Jewish matters as he did
758 3334 1461 3387 when ha was younger,is a very
753 3360 1467 3415 subtle art. It requires the utmost
766 3404 1466 3465 tact and talent to live gracefully
764 3441 1470 3496 as a Jew. Some Jews will con¬
763 3477 1474 3532 stantly flaunt their Judaism to
763 3521 1461 3573 vour face; such exhibitionism is,
763 3556 1459 3610 to me, disgusting. It is as repel¬
765 3589 1456 3644 lent as the egotism which drives
766 3630 1472 3685 some people constantly to promul¬
755 3666 1469 3724 gate their greatness to yon. Other
757 3702 1454 3756 Jews, however, go to another ex¬
760 3742 1469 3797 treme and actually deny their race.
762 3780 1466 3834 Such wenk-kneed fear is equally
757 3818 1014 3871 disgusting.
848 3843 1460 3896 •The Intelligent Jew. — and he
766 3893 1468 3948 is by no means so frequent as we
