3344 4352
717 155 834 214 S S
251 138 1524 251 25. PrBernhand
519 495 831 589 —
425 567 1423 628 B. G. „Professor Bernhardi“ Komöbe¬
377 622 1424 702 fünf Aften von Arthur AmRLen
333 685 1436 743 Stück von so ausgeprägter Lendenz, daß ####n
321 717 1426 793 dadurch von dem eigentlichen Zweck des Theate
318 767 1429 836 zu weit entfernt. Nicht die Kunst. sondern nur die
312 828 1419 897 Gefinnung ist es, die hier den Esfelt orzielt und
312 870 1423 944 die Bühne zur Reonertribüne macht. Der Kern
319 908 1421 989 punkt des Ganzen ist die Frage „Hat der be¬
313 956 1412 1025 handelnde Arzt das Recht, dem Priester den Zu¬
321 1020 1432 1103 tritt zum Krankenhette zu verweigern, wenn ha¬
1270 1143 1545 1250 ZLOKT 1915
722 1160 1270 1262 Volkstreund, Brünn,
502 1249 736 1318 Nr. 225
920 1254 1337 1335 Brüns, Dienstag
643 1304 1060 1363 umr#atertesncR
466 1361 1582 1456 durch dem ahnungslosen Patienten die Hoffnung
455 1419 1569 1499 auf Genesung erhalten bleibt und somit sein
464 1465 1574 1544 Sterben ein leichteres wird?“ Professor Bernhardt,
447 1525 1572 1601 Direktor des Elisabethinums, bejaht diese Frage
448 1566 1557 1650 durch die Tat und die Folgen dieser Handlungs¬
458 1630 1551 1700 weise köllen nun die nächsten vier Akte des Stückes,
454 1676 1552 1757 denen der Zuhörer zwar mit äußeren Teilnahme,
447 1724 1602 1798 doch ohne inneres Erleben folgt. Dr. Bernhardir
441 1773 1596 1851 kommt vor Gericht und wird wegen Religions=t
455 1815 1561 1903 störung zu zweimonatiger Haft verurteilt. Nach
452 1883 1586 1943 seiner Cntlassung aus dem Gefängnis kommt es
450 1919 1538 1990 zwischen ihm und dem Priester zu einer Aus¬
442 1975 1536 2039 sprache, an deren Schluß die beiden Gegner sich
454 2022 1541 2091 über dem trennenden Abgrund“ die Hände reichen,
450 2040 1531 2140 Herrn Rudolf Zeisel war die dankbare Auf¬
446 2115 1540 2200 gabe zugefallen, die Idealgestalt des Professor
434 2161 1553 2238 Bernhardi zu verkörpern. Er wurde ihr in allen
433 2206 1540 2278 Teilen gerecht und hielt sich anerkennenswerter¬
426 2265 1544 2345 weise von billiger Effekthascherei fern. Herrn
430 2310 1533 2390 Strauß gelang es als Dr. Ebenwald, den her¬
437 2364 1533 2427 vorragendsten Vertreter der Gegenpartei gut zu
432 2410 1535 2487 kennzeichnen. Herr Hartberg lieh dem Doktor
439 2455 1536 2541 Pflugfelder seine knarrende Art, die sich diesmal
436 2495 1535 2586 der darzustellenden Figur glücklich anpaßte. Herr
431 2543 1535 2613 Marlitz meisterte als Dr. Flint mit bekanntem!
434 2612 1530 2680 Geschick den Dialog, sprach aber stellenweise etwas
421 2659 1536 2739 zu undeutlich. Herr Fischer=Colbri hielt
423 2706 1530 2781 sich als Pfarrer Franz Reder in bescheidenen
429 2756 1526 2835 Grenzen. Unter den zahlreichen Darstellern der
420 2803 1559 2876 Aerzte und Assistenten fielen die Herren Reckel!
431 2847 1547 2947 und Lenoir angenehm auf. Herr Teller,
414 2908 1521 2971 war nur in der Maske ein „Dr. Löwenstein“:
423 2948 1539 3029 sonst gelang es ihm nicht hinreichend, sein Juden¬
416 2995 1537 3078 tum glaubhaft zu machen. Herr Götz stattete
428 3048 1515 3137 seinen Hofrat Dr. Winkler mit sein charakteri¬
418 3101 1538 3166 sierenden Zügen aus und stellte damit eine
414 3149 1551 3226 lebensvolle Figur auf die Bühne; sein überflüssiges!
416 3194 1563 3275 Extempore von den annullierten Wahlen blieb
406 3245 1553 3326 ziemlich unbeachtet. Die Herren Eisner, Ma¬
402 3299 1568 3351 luschinsky und Ecker sowie Frl. Gerljs
413 3336 1544 3423 fügten sich gut in den Rahmen des Stückes. Die!
417 3401 1564 3485 Spielleitung Dr. Beers verlieh der Sitzungs=st
409 3437 1557 3506 szene im dritten Akt Schwung und Leben. Doktorse
408 3490 1565 3570 Beer fand hernach Gelegenheit, im Namen desn
408 3534 1553 3612 Dichters für die freundliche Aufnahme des Stückes 13
403 3595 1564 3666 zu danken. Das volle Haus kargte an den Akt=?
395 3636 1004 3722 schlussen nicht mit Beifall.
1612 143 2071 231 box 31/3
2711 312 2996 409 0
2148 266 2941 483 ur. rndder mir #
1786 515 3007 619 Meter: . Wiener Athletik=Sportklub 50 Sek., II. Poszony=Torna¬
1807 591 2489 651 Egyesület, III. Brünner Sportklub
1903 608 3019 675 Der Deutsche Reichsausschuß für Leibesübungen be¬
1841 662 3014 717 aßt sich mit der Vorbereitung einer freien Hochschule für
1798 705 3014 768 Leibesübungen. Am 20. Juni 1920 findet ein Werbefest für
2182 734 3027 792 Im Herbste nächsten Jahres ist ein Kon¬
1808 747 2150 800 Kampfspiel statt.
1818 785 3016 833 greß für Leibesübungen geplant. Geheimrat Professor Dr.
1819 823 3022 874 Hueppe. früher Hygieniker in Prag, ist als Mitglied in den
1822 860 2767 926 Deutschen Reichsausschuß ausgenommen worden.
2197 933 2645 1021 Automobilismus.
1907 991 3020 1065 Das Rennen um die Targa=Florio auf Sizilien findet
2356 1055 3024 1102 statt. Genannt sind drei Eric,
1811 1060 2231 1119 am 23. November
1824 1106 3018 1149 2 Itala und 2 Pengeot. Rennfahrer sind Snipe, Moriondo.
1818 1130 3068 1188 Landi, A. Voillot (Bruder des Grand=Prix=Siegers), und der "
1821 1177 2158 1255 berühmte Goug.
1853 1294 2945 1394 Bübne, Kunst und Scbrifttum.
1720 1369 1815 1476 9
2159 1401 2687 1488 Professor Bernbardi.
1879 1466 2959 1548 Komödie in fünf Akten von Artur Schnitzler.
2134 1541 2697 1601 (Deutsches Schauspielhaus.)
1905 1583 3026 1658 J. G. — Schnitzlers Komödie ist ein Kulturkampfbrama,
1826 1651 3025 1696 in dem das österreichische Problem in mannigfaltigster Schat¬
1811 1675 3023 1741 nierung zum Ausdruck gelangt. Die Zeit und die unerbittlich
1815 1728 3028 1774 in ihr wirkenden Krafte haben zwar gegen das politische Gebilde
1826 1782 3039 1824 „Osterreich“ entschieden, doch werden die Nachfolgestaaten noch
1826 1810 3034 1855 einige Generationen hindurch das geistige Erbe zu spüren be¬
1827 1837 3031 1897 kommen. Infolge des jahrhundertelangen Aneinandergeschlos.
1826 1881 3032 1932 senseins zahlreicher verschieden veranlagter Volksstämme ent¬
1831 1919 3033 1981 standen nicht bloß Blutmischungen von einzigartiger Tempe¬
1836 1955 3024 2020 ramentstönung, die gegenseitige geistige Durchdringung schuf
1829 2010 3031 2059 auch Kulturschichten und Ausprägungen allmenschlicher Cha¬
1830 2037 3040 2090 rakterzüge, die für die Gefühls- und Geistesgeschichte der ge¬
1827 2072 3031 2137 samten Welt von unschätzbarer Bedeutung sind. Manche Tat,
1828 2115 3035 2174 die anderswo entweder überhaupt nicht eingetreten oder deren
1827 2156 3035 2224 Folgen rasch und eindeutig entschieden worden wären, erregte
1836 2202 3024 2252 in der österreichischen Atmosphare Wirdel und Strömungen,
1810 2238 3039 2319 deren schließlichen Effekt kein Prophet zu erraten imstande
1826 2272 3036 2348 war. Ein solcher „Fall“ liegt der Komödie Schnitzlers zu¬
1825 2317 3044 2377 grunde. Professor Bernhardi, Direktor einer großen Pridat¬
1829 2350 3040 2411 heilanstalt, des „Elisabethinums", verweigert einem Pfarrer
1833 2413 3040 2453 den Zutritt zu einer Sterbenden, da sie sich bereits im be¬¬
1836 2430 3034 2499 seligenden Zustand der Euphorie befindet, das heißt, des
1835 2489 3045 2536 Gefühls, völlig gesund zu werden, das dem Tod unmittel¬
1835 2509 3033 2573 bar vorangeht. Die Kranke stirbt ohne die „Tröstungen“ der
1835 2561 3042 2617 Kirche, nach denen sie selbstverständlich gar nicht verlangt
1831 2599 3038 2651 hat. Der Pfarrer erstattet Meldung an seine Behörde und
1833 2628 3039 2685 (das Kesseltreiben setzt ein. Bernhardi ist Inde. Das Kura¬
1826 2673 3041 2733 torium, in dem einige Betschwestern beider Geschlechter sitzen,
1838 2705 3049 2774 demissioniert und infolgedessen stoßen die Gegensätze im Pro¬
1845 2762 3047 2812 fessorenkollegium der Anstalt aufeinander. Es handelt sich
1830 2808 3055 2857 hier auch um die Neubesetzung einer Dozentenstelle. Die Po¬
1825 2827 3048 2897 litik, die in Österreich alle Personalfragen an sich riß, ver¬
1832 2871 3046 2940 krüpft sofort die beiden Ereignisse. Bernhardi könnte die Sache
1844 2908 3051 2969 mit dem Priester aus der Welt schaffen, wenn er bei der Ab¬
1845 2945 3045 3007 stimmung über die Besetzung der Dozentur seine Stimme statt
1837 3004 3044 3049 dem wissenschaftlich hochwertigen jüdischen Bewerber, dem un¬
1840 3028 3036 3095 befähigten Christen gäbe. Diesen Kuhhandel weist er ent¬
1844 3070 3044 3124 rüstet ab — und das Verhängnis nimmt seinen Lauf. Der
1829 3124 3043 3167 Unerrichtsminister Dr. Flint, ein Jugendfreund Bernhardis,
1834 3139 3047 3208 greist persönlich im Parlament ein, um ihn zu schützen, treibe
1846 3186 3052 3246 ihn aber, halb unbewußt, halb bewußt, erst recht der Justiz
1838 3234 3046 3281 in die Arme. Zwei Monate Gefängnis sind das Resultat.
1842 3276 3075 3328 Bernhardi sitzt sie ab und verzichtet, als sich später infolge
1836 3309 3062 3359 einer falschen Zeugenaussäge die Möglichkeit dieret, den Pro¬
1838 3352 3045 3406 zer zu seinem Gunsten zu revidieren, auf seine Ehrenrettung,
1843 3379 3048 3440 angeeselt von der Partcipolitik, die ihn, der nur seine ärzt¬
1836 3423 3049 3477 liche und menschliche Pflicht erfüllte, ins Gefängnis gebracht
1848 3467 3054 3529 hat. „Meine Sache ist es, Leute gesund zu machen — oder
1846 3522 2791 3566 ihnen wenigstens einzureden, daß ich es kann.
1932 3542 3050 3615 Diese äußere Handlung ist gewiß nicht die beste Grund¬
1829 3593 3057 3648 lage für ein Drama im strengen Sinn. Darauf kam es
1854 3638 3056 3688 Schnitzler auch gar nicht an. Was er gibt, ist ein überwälti¬
1842 3672 3050 3722 gendes Eharaktergemälde eines Ausschnittes der österreichischen
1844 3718 3050 3766 Gesellschaft. Klerikalismus, Antisemitismus, Schutz der bei¬
1844 3759 3052 3808 ligsten Güter, Glaube an göttliche Berufung und Glaube an
1842 3786 3055 3842 die Berechtigung, für die Möglichkeit ferneren großen Wir¬
1846 3838 3056 3883 kens auch einen Freund im Stiche lassen zu dürfen, das
1843 3878 3051 3925 sind die Energiequellen, von denen sich diese Stützen der Ge¬
1853 3915 3048 3979 sellschaft treiben lassen. Die Sicherheit der Zeichnung, die
1836 3947 3052 4000 Fülle treffend erfaßter Menschlichkeiten, die pockende Unmit¬
1839 3993 3065 4048 tlbarkeit, mit der ein dem Dichter vertrautes Milien zum,
1843 4030 3045 4096 Abbild des gesamten Staatswesens wird, in dessen Gemäner
2084 4090 3027 4139 ———
