3344 4352
1651 163 2047 262 box 30
284 165 1496 272 25 Professor Bernbandi
1128 755 2293 905 Ausschaltt aus: Berliner Local Anzeiger
1375 836 1647 926 S40121972
1158 873 1294 966 von:
1385 963 1997 1029 „Professor Bernhardi“
1004 1017 2370 1076 das neueste fünfaktige Werk Artur Schnitzlers, ist im Berliner Kleinen
1009 1069 2375 1111 Theater zur Erstaufführung gelangt und hat einen großen Erfolg errungen.
1010 1105 2384 1184 Schnitzler, der ja seine Laufbahn als Arzt begonnen hat, schildert in diesem
1003 1160 2371 1231 Werke mit besonderer Liebe Probleme des ärztlichen Berufs und zeichnet
1011 1219 2381 1265 einige köstliche Typen aus Österreich. Auf unserer Aufnahme sieht man
1010 1255 2637 1334 zwei der Hauptdarsteller, die Herren Decarli und Landa. Decarli spielte den Helden
1010 1315 2642 1382 des Stückes, jenen Krankenhausdirektor Professor Bernhardi (1), der am Sterbebette eines
1016 1361 2641 1425 Patienten mit einem Priester in einen schweren Konflikt gerät. Herr Landa gab den
1012 1404 2642 1482 Minister für Kultus und Unterricht (2), eine von echt Schnitzlerscher Ironie durchleuchtete Figur,
1002 1450 2642 1525 die viel zu der Wirkung des Stückes beiträgt. Beide Darsteller hatten ihren Anteil am
1005 1513 2642 1556 Beifall des Publikums, das das neue Werk des persönlich anwesenden und danlenden
1008 1546 2636 1625 österreichischen Dichters mit großer Wärme aufnahm. In dem Stück gibt es nur eine
1292 1609 2369 1677 weibliche Rolle, die von Traute Carlsen dargestellt wurde.
2508 3551 2606 3602 Becker
992 3555 2628 3630 Aus der neuen Komödie „Professor Bernhardi“ von Artur Schnitzler.  maas
