3392 4352
761 155 838 207 S
1661 136 2099 228 box 30/1
285 141 1513 238 25. Profzer Bernhaai
1029 846 1168 929 300
1571 853 1970 926 Bühne und Welt.
1025 963 2496 1019 kommen korrekt gehandelt habe, ja, innerhalb seines Pflichtenkreises gar
1030 1025 2499 1065 nicht anders handeln konnte! Es entwickelt sich eine Weltanschauungs¬
1019 1078 2497 1123 debatte, in die sich sogar ein leichter Zug von falschem Pathos einschleicht,
1032 1121 2501 1182 wenn zum Schlusse Professor und Pfarrer über den trennenden Abgrund
1039 1164 2497 1234 sich als Ehrenmänner die Hände reichen. Als am Schlusse des 5. Aktes
1024 1221 2494 1276 der anarchistische Hofrat aufgeregt mit der Nachricht ins Zimmer stürzte,
1028 1256 2496 1302 daß die hysterische Krankenschwester unter dem sanften Druck ihres Beicht¬
1031 1315 2496 1357 vaters bei Gericht sich wegen falscher Zeugenschaft wider Bernhardi selber
1027 1363 2494 1412 denunziert habe und in einem Wiederaufnahmeverfahren des Professors
1025 1405 2488 1476 Unschuld mithin in bengalischer Beleuchtung erstrahlen müsse, endete das
1024 1458 2484 1532 Drama anscheinend wie eine Farce oder ein Ifflandisches Rührstück.
1028 1503 2488 1579 Aber Schnitzler weicht mit eleganter Wendung auch dieser Gefahr aus.
1022 1562 2492 1628 Bernhardi war kein Märtyrer und fühlt sich jetzt nicht als Triumphator
1024 1622 2489 1674 und hat nicht den Schrei noch Gerechtigkeit auf den Lippen. Er will,
1024 1658 2482 1728 wie man in München zu sagen pflegt, seine königlich bayerische Ruh'
1025 1704 2490 1753 haben, will ungestört weiter forschen, ungestört durch Juden und
1011 1762 2482 1813 Christen, Orthodoxe und Freigeister seinem Beruf als Jünger des alten
1020 1815 2480 1858 Heilgottes Aeskulap nachgehen. Lessing hat zwar einmal gemeint, daß,
1019 1860 2481 1919 wer über gewisse Dinge den Verstand nicht verliert, keinen zu verlieren
1013 1903 2482 1963 hätte. Der Dichter Jung=Oesterreichs, der mit ironisch zuckenden Lippen
1023 1953 2490 2026 dem Hexensabbat des österreichisch=ungarischen Parteikampfes zuschaut,
1031 1996 2492 2062 fühlt instinktiv, daß der Tragiker, der in diesem Kampf Partei nimmt,
1015 2051 2485 2112 sich nutzlos aufreiben würde, und daß der Schüler des Aristophanes zu¬
1025 2098 2477 2164 letzt und am besten lacht. — Für die Truppe des Kleinen Theaters
1018 2142 2489 2216 gestaltete sich die Uraufführung dieses schwierigen und figurenreichen
1017 2202 2479 2266 Stückes zu einem Ehrenabend. Die zahlreichen Medizinertypen, die
1010 2250 2489 2296 jüdischen und arischen Charakterköpfe waren scharf profiliert. In der
1009 2299 2479 2346 Titelrolle verstand Bruno Decarli, der Gast aus Leipzig, im Sinne
1013 2346 2485 2394 des Dichters den Bekenner des mosaischen Glaubens in dem Gelehrten
1008 2380 2479 2466 und Weltmann aufgehen zu lassen. Paul Abels Priester wies jene
1018 2432 2485 2515 interessante Mischung von selbstbewußter Würde, die Roms Kirche ihren
1016 2483 2477 2550 Dienern verleiht, und von gemäßigtem Modernismus, der den Gegner
1015 2544 2482 2601 nicht von vornherein verdammt, sondern zu verstehen sucht, auf. Eine
1015 2582 2482 2636 feine, jedem Simplizissimustyp ferne Diplomatenfigur war der Unter¬
1006 2639 2480 2684 richtsminister Max Landas. So mag es von symbolischer Bedeu¬
1016 2678 2477 2736 tung für den künftigen Herrn des Lessingtheaters sein, daß begeisterte
1016 2741 2475 2806 Zuschauer just in der Stunde, in der Otto Brahm den letzten Seufzer
1008 2791 2478 2845 tat, auch den Direktor Barnowsky, der die Vorgänge dieses starken
1012 2840 2483 2911 und klugen Stückes in geschmackvolle Rahmen gefaßt hatte, vor die
1019 2873 1323 2939 Rampe riefen.
1108 2927 2469 2998 Im Königlichen Opernhause wird zur Jahrhundertfeier
1006 2967 2467 3039 des Bayreuther Meisters sein Hauptwerk „Der Ring des Nibe¬
1009 3020 2482 3100 lungen“ aufgefrischt. Generalintendant von Hülsen und Meister
1008 3074 2473 3139 Brandt zeigten zunächst mit dem „Rheingold“, welche Leistungen
1000 3122 2475 3194 mit klugem Bemühen sich auch der alten Opernhausbühne abgewinnen
1008 3179 2477 3244 lassen, zeigten, inwieweit man mit den Mitteln modernster Technik auch
1006 3226 2471 3293 über das Bayreuth von heute noch hinausgelangen kann. Das Schweben
1011 3273 2469 3341 und Gleiten der Rheintöchter im flüssigen Element scheint nun die
999 3327 2479 3369 Grenze des Möglichen erreicht zu haben; allerdings wird die strapaziöse
1003 3360 2473 3445 Doppeltätigkeit des Turnens und Singens nicht mehr den Sängerinnen
1002 3418 2482 3504 zugemutet, sondern zwischen diese und schlanke Ballettmädchen, die in
2409 4059 2460 4137 Sct
2637 3862 2709 3960 330
2959 1617 3034 1699 300
3030 1788 3116 1872 2000
