3436 4320
321 84 441 163 25
754 96 850 159 PS
455 105 1510 196 Bernhardi
1671 103 2111 195 box 30/1
666 311 1780 404 sschnitt aus: Berliner Allgemeine- Seitung
1295 389 1495 453 Berlin
670 427 767 477 n:
839 541 1466 627 „Professor Bernhardi.“
773 613 1611 687 Komödie in fünf Akten von Arthur
713 672 1609 745 SchnitzlerErstaufführung im Kleinen
695 710 936 779 —äter.
776 763 1601 813 Der Beifall war stark. Vom dritten Akt an
708 807 1602 868 erschien Herr Schnitzler, lebhaft begrüßt von
715 845 1601 896 einem Publikum, das sich von der bis dato an
710 890 1604 923 dem Dichter ungewohnten, aber nunmehr virtnos
706 914 1604 968 gehandhabten Sudermann=Theatralik bewältigen
711 1007 1508 1048 innere Hohlheit des Dramas nicht bemerkte.
778 1037 1612 1086 Ein Erfolg also des Theaterstückschreibers,
706 1071 1610 1123 ein Versagen des Dichters. Denn so interessant
704 1120 1611 1165 und bleibend aktuell der Vorwurf ist, den
700 1156 1606 1227 „Schnitzier behandelt, so wenig gelungen sind ihm
723 1199 1608 1240 Asbau und Vertiefung. In das menschliche
700 1243 1610 1285 Grundmotiv pfropft er unnatürliche Roman¬
712 1276 1598 1332 handlung, und so entsteht ein wenig erquickliches
710 1315 889 1369 Produkt.
769 1346 1606 1418 Soll der Todgeweihte von dem katholischen
705 1402 1592 1455 Seelsorger mit der letzten Oelung versehen
717 1444 1599 1495 werden und auf diese Weise zur Erkenntnis
704 1480 1599 1530 seines hoffnungslosen Zustandes kommen, eine
710 1515 1599 1569 Erkenntnis, die seine letzten Stunden verbittert?
700 1558 1602 1617 Der Priester bejaht, der Arzt verneint die Frage,
708 1589 1591 1634 die den Konfliktstoff der Schnitzlerschen Leit¬
708 1634 1590 1679 artikel=Komödie ergibt, die ihre Komplikation
707 1677 1597 1720 durch das arg konstruierte Eingreifen einer Mein¬
713 1713 1592 1765 eidigen erfährt. Es ist in einer Wiener Klinik,
711 1753 1595 1793 in der der Direktor des Instituts mit dem Pfar¬
711 1792 1591 1848 rer aneinandergerät. Der Priester ist auf den
710 1840 1605 1880 Ruf der Krankenschwester, eben jener unwahr¬
710 1872 1601 1916 scheinlichen, späteren Meineidszeugin gekommen,
704 1908 1593 1961 um ein sterbendes Mädchen mit der letzten Oelung
696 1960 1594 2002 zu versehen. Doch der Professor, in seiner Men¬
697 1990 1603 2044 schenfreundlichkeit, wehrt ihm den Zutritt, da die
707 2028 1595 2079 Sterbende von der Hoffnung auf Genesung er¬
707 2068 1592 2114 füllt ist. Es kommt zu einer erregten Dis¬
707 2106 1597 2159 kussion, der Pfarrer muß unverrichteter
705 2134 1600 2188 Dinge abziehen. Diese kleine Affäre, die der
699 2191 1598 2238 Professor nunmehr erledigt glaubt, wird jedoch
709 2227 1594 2277 von einem Rivalen, der Beziehungen zum Par¬
708 2261 1594 2308 lament unterhält, zur Staatsaktion aufgebauscht.
699 2305 1590 2355 Einen Geistlichen an der Vollziehung einer kirch¬
692 2338 1591 2396 lichen Handlung hindern — die Religion ist ge¬
695 2379 1587 2428 fährdet, der Staat bedroht! Und so erheht sich
693 2418 1602 2475 ein groß Geschrei, das um so wirksamer hallt,
693 2450 1420 2507 als Professor Bernhardi ein Jude ist.
758 2494 1597 2545 Der Rivale und Intrigant der Komödie er¬
703 2542 1591 2587 klärt sich zwar bereit, den Skandal zu unter¬
706 2580 1591 2622 drücken, wenn sein Freund und Gesinnungsge¬
705 2617 1587 2659 nosse eine frei gewordene Professur an dem
705 2652 1595 2696 Krankenhaus erhält, doch Bernhardi, ein Held
705 2692 1590 2732 und ein Schön= und Vielredner zugleich, lehnt ab.
763 2728 1591 2770 Und so vollzieht sich das, nach Schnitzlers
701 2762 1598 2823 Willen, Unabwendbare. Im Parlament steigt
700 2811 1591 2863 eine Interpellation der klerikalen Partei in
709 2843 1592 2885 Sachen Arzt kontra Kirche, des Professors Vor¬
709 2890 1591 2936 gehen wird gebrandmarkt, ja, auch die hohe
705 2924 1585 2983 Justiz beschäftigt sich mit ihm. Er wird unter
694 2959 1578 3014 Anklage gestellt und zu zwei Monaten Gefäng¬
697 3002 1585 3053 nis verurteilt, weil eben jene Krankenschwester
708 3042 1591 3084 fälschlich bekundet, daß Bernhardi tätlich gegen
696 3085 1585 3131 den Pfarrer vorgegangen, ein Urteil, das um
703 3116 1591 3170 so merkwürdiger anmutet, als seine Kollegen,
699 3156 1595 3212 ja sogar der Pfarrer selbst, bezeugen, daß dem
692 3205 1597 3251 nicht so gewesen und eine leichte Handbewegung
694 3246 1582 3284 zur tätlichen Beleidigung aufgebauscht worden
704 3270 1594 3318 ist. Doc der Professor brummt seine zwei Mo¬
694 3323 1595 3363 nate ab, nachdem er seine Stellung niedergelegt,
695 3363 1591 3403 und erst später bekennt die Schwester, daß sie
688 3390 1591 3441 einen Meineid geleistet. Bernhardi aber verzichtet
693 3432 1595 3487 auf jede Rehabilitierung, angeekelt von dieser
687 3471 1172 3530 falschen, verlogenen Welt.
761 3490 1590 3559 Die Komödie erfreute sich einer glänzenden
684 3549 1587 3602 Darstellung. In Bruno Decarli, dem für
693 3591 1582 3637 die Bernhardi=Rolle aus Leipzig verschriebenen
697 3625 1590 3680 Schauspieler, lernten wir einen Künstler von
691 3661 1574 3720 guten Fähigkeiten kennen; volltönendes Organ,
694 3710 1594 3752 gewandtes und geschmackvollss Spiel zeichnen ihn
687 3741 1585 3789 aus. Von den übrigen anderthalb Dutzend
690 3787 1577 3833 Schauspielern, die die Komödie beschäftigt, seien
688 3814 1584 3875 noch Max Landa, Alfred Abel (der
689 3865 1570 3913 Pfarrer), Rudolf Klein=Rohden, Hu¬
694 3904 1579 3946 bert Heinich genannt. Das schwächere Ge¬
696 3937 1572 3981 schlecht ist in dieser Aerztekomödie nur in einem
1392 3970 1552 4024 J. Kn.
686 3975 1261 4040 dürftigen Exemplar vertreten.
2550 94 2664 134 PAd
2643 122 3366 217 Berliner Morgenpost, Berlin
2371 158 2463 212 n:
2461 168 2789 252 DaN0v. 1912
2583 254 3112 338 „Professor Bernhardi“.
2467 332 3286 421 Komödie in fünf Akten von Arthur
2406 373 3295 443 Schnitzler. Gesteum ersten Male im
2417 411 2901 479 „Kleinist Theater“.
2461 466 3296 552 In der Klinik des Professors Bernhardi
2406 492 3295 581 liegt ein armes Menschenkind im Ster¬
2405 547 3283 633 ben. Ein junges Mädchen, dessen sün¬
2410 591 3296 677 diger Leib irgend einem verbrecherischen¬
2400 638 3288 726 Eingriff den Todeskeim verdankt. Sie ist ver¬
2402 686 3280 762 loren. Aber im letzten Augenblick vor dem
2400 725 3281 814 Ende gerät sie in den Zustand der „Euphorie“,
2410 771 3279 850 in jene traumhafte Illusion der Rettung und des
2402 824 3282 896 Glückes, den die Natur mitunter in gnädiger
2395 846 3294 953 Laune der Vernichtung unmittelbar vorangehen
2392 905 3274 987 läßt. Da tritt, von der übereifrigen Kranken¬
2401 947 3279 1028 schwester herangeholt, ein Priester ein, der Tod¬
2388 985 3274 1067 geweihten die Sterbesakramente zu reichen.. Der
2404 1037 3279 1122 Arzt bittet ihn, davon abzustehen, die Unglück¬
2391 1066 3282 1161 liche nicht durch sein Erscheinen aus ihrem kurzen
2397 1112 3276 1210 holden Wahn zu reißen. Es gibt einen raschen
2394 1173 3277 1252 Wortwechsel. Der Pfarrer besteht auf seinem
2388 1208 3268 1290 Recht. Professor Bernhardi verbietet es ihm.
2393 1259 3263 1333 Da tritt der Assistent ein: es ist vorbei. Die
2382 1309 3271 1395 Kranke ist ohne die Tröstungen der katholischen
2386 1345 2849 1417 Relizion dahingegangen.
2436 1402 3270 1463 So stellt Arthur Schnitzler in seinem
2379 1433 3267 1515 jüngsten Werke, das, in Wien von der Zensur ver¬
2377 1481 3263 1558 boten, gestern hier unter starken Bei¬
2377 1527 3258 1611 fallsstürmen die erste. Aufführung erlebte,
2376 1565 3257 1654 sein Thema. Ja, es ist ein richtiges „Thema“,
2373 1613 3256 1690 ein „Fall“ im Geschmack der Thesenstücke fran¬
2370 1662 3258 1741 zösischer Schule, der nun zunächst auch mit allen
2380 1701 3253 1782 Mitteln weltlicher und theatermäßiger Logik
2373 1746 3255 1823 durchgefochten wird. Die Sache wird lächerlich
2368 1789 3269 1869 aufgebauscht, sie wird in den Streit der öster¬
2370 1836 3249 1912 reichischen Parteien hereingezogen, zumal da
2361 1881 3252 1959 Bernhardi Jude ist, es kommt zur Interpellation
2371 1916 3242 1990 im Parlament, ja zur Anklage und Verurteilung¬
2360 1977 3248 2046 wegen „Religionsstörung“. Bernhardi muß auf
2360 2008 2899 2068 zwei Monate ins Gefängnis.
2402 2052 3245 2128 Wie Schnitzlers Theaterinstinkt diese Vor¬
2363 2098 3253 2184 gänge für die Szene zubereitet, ist erstaunlich.
2362 2138 3240 2219 Man wird nicht viele in Deutschland
2357 2179 3258 2262 sinden, #ie das wie er vermöchten, ohne
2352 2234 3247 2305 geschmacklos zu werden. Es ist ein Triumph
2349 2268 3231 2346 der Bühnentechnik. Der Dichter, der selbst von
2353 2318 3232 2389 Hause aus Arzt ist, läßt ein medizinisches Milien
2346 2358 3241 2436 aufleben, das gestern abend, als gerade die er¬
2346 2402 3235 2482 schütternde Nachricht vom Tode des Mannes,
2336 2443 3234 2513 der Schnitzler einst zuerst aufs Theater gebracht,
2335 2485 3219 2570 die Zuschauer erreichte, in seiner Wahrheit dop¬
2342 2540 3233 2619 pelt stark berührte. Alles rings lebt und bewegt,
2344 2582 3225 2656 sich aus der Kraft einer unmittelbaren An¬
2336 2629 3218 2702 schauung. Oft fast zu realistisch, zu sehr Wahr¬
2343 2664 3226 2747 heit und zu wenig Dichtung. Drei Akte lang
2333 2702 3217 2784 bleiben die Verhandlungen über das Thema
2339 2761 3222 2842 propositum trotz aller bewunderswerten
2332 2792 2640 2854 Klugheit der
2687 2804 3208 2874 Szenenführung einiger¬
2330 2842 3210 2915 maßen äußerlich, nicht eigentlich schnitzlerisch.
2335 2878 2684 2944 Aber da kommt
2686 2887 3202 2963 im vierten Aufzug eine
2335 2928 3215 3013 Szene zwischen dem Arzt und dem
2330 2971 3202 3059 Priester, der den Gegner nach der Per¬
2323 3016 3197 3083 urteilung aufsucht — und dies Gespräch, in dem
2324 3071 3204 3144 zwei Weltanschauungen ohne Phrase einen Men¬
2329 3106 3202 3180 furgang miteinander ausfechten, hob das Ganze
2321 3144 3194 3232 sofort in eine andere, höhere, nun erst wirklich
2315 3197 3189 3273 Schnitzlers ganz würdige Sphäre. Und der
2310 3235 3191 3308 Schlußakt im „K. K. Ministerium für Kultus
2306 3285 3196 3360 und Unterricht“ steigt, fast unerwartet, zur Höhe
2306 3327 3179 3406 der Komödie auf, wo nicht das wichtig ist, daß
2307 3360 3195 3443 der aus dem Gefängnis heimgekehrte Bernhardi
2312 3407 3184 3493 hört, seine verlogen=hysterische Belastungszeugin,
2303 3464 3195 3537 jene Schwester, habe revoziert, sondern die ewig
2306 3505 3185 3577 alte, ewig neue Erkenntnis, daß die Welt ein
2310 3539 3185 3631 Gankelspiel ist. So wurde es ein außerordent¬
2301 3583 2566 3644 licher Erfolg.
2347 3634 3168 3719 Die Aufführung unter Varnowskys Re¬
2304 3667 3169 3766 gie war ein Meisterstück hohen Ranges. Herr
2289 3715 3183 3792 Decarli aus Leipzig als sympathischer Träger
2291 3755 3169 3842 der Titelrolle, ringsum die Herren Klein¬
2277 3813 3173 3898 Rohden, Herzfeld Salfner, Wolff,
2275 3861 3171 3927 Wurmser, Platen als die tüchtigen, neidi¬
2279 3901 3170 3976 schen und streberischen Herren Kollegen, Herr
2270 3954 3162 4011 Landa als Minister und Herr Adalbert
2281 3978 3167 4059 als sein Hofrat, Herr Abel als Priester bildeten
2270 4024 3177 4120 ein glänzendes Ensemble. Die einzige, kleiny
2278 4066 3148 4153 Frauenrolle der Schwester hielt Fräuhln
2276 4113 2508 4167 Corlsen.
