3436 4256
1601 154 2070 259 box 31/6
250 140 1506 260 25. BrfessBernhaa
1168 471 2023 635 Deulsches Volkstheater.
1075 603 2116 701 Gastspiel Fritz Kortner in Schnitzlers
1265 671 1919 761 „Professor Bernhardi“
1523 740 1645 804 Von
1396 798 1780 873 Hanns Saßmann.
1079 829 2221 937 Auch Dichter schreiben zuweilen Tendenzstücke. Wus diese
974 920 2224 975 vom dramatischen Machwerk eines theatralischen Demagogen
989 958 2219 1020 unterscheidet, ist die tiefere Erkenntnis, daß dramatische Lonflikte
988 999 2225 1077 nur entstehen können, wo beide Gegner auf ihre Art recht haben
981 1052 2215 1131 und sich über den Abgrund, der sie trennt, die Hand reichen
986 1104 2214 1165 können. Das allein scheidet in solchen Fällen das Kunstwerk vom
980 1152 2217 1226 Kitsch und vom Kunstwerk zum Kitsch führen keine Zwischen¬
981 1191 2228 1278 stufen, die für den Kritiker immer nur Eselsbrücken sind. Kritik
820 1148 935 1272 53
978 1253 1892 1344 üben heißt heutzutage, klar ja oder nein sagen.
1083 1309 2208 1381 Schnitzlers Tendenzdrama „Professor Bernhard!“
967 1337 2222 1451 einst kulturkämpferisch, hat längst keine Tendenz mehr; was
986 1423 2224 1487 übrig blieb, ist eine vollendete dramatische Dichtung, bewunderns¬
823 1456 974 1516 santen
998 1475 2211 1528 wert in ihrer hochsinnigen Valance zweier Weltanschauungen.
829 1503 979 1564 Leuchs¬
993 1523 2215 1578 Die Titelrolle spielt Fritz Kortner. In seiner darstellerische.
822 1552 982 1611 Geh¬
824 1564 2213 1665 st die Form sind die Fürsten aller Stilperioden mehr oder weniger
979 1613 2227 1672 sichtbar, zu finden, die das deutsche Theater in zwei Jahrzehnten
831 1646 985 1710 n“, die
995 1666 2216 1725 im Wandel vom Naturalismus zum Expressionismus und vom
842 1693 978 1777 r Ent¬
990 1711 2218 1765 Ueberrealismus zum Neonaturalismus des Zeitdramas durch¬
986 1753 2220 1843 gemacht hat. Was die expressionistische Bühne von der Antike
978 1810 2216 1880 sentlehnte, den Kanon sorgfältig abgetönter Stimmen und
989 1849 2220 1929 rhythmisch bewegter Körper, wie den Verzicht auf jede
987 1912 2208 1989 Psychologie, hat Fritz Kortner in sein schauspielerisches Wesen
993 1947 2211 2008 aufgenommen; neben den Spuren ekstatischer Rezitationskunst
990 1999 2216 2068 aus Tollers „Wandlung“ und Bronnens „Ostpolzug“ bemerken
834 1995 977 2084 XI.
987 2041 2213 2116 wir die Einflüsse, die das Spielen in Stücken wie „Patrioten“
830 2094 969 2169 des
971 2087 2217 2160 und „Der rote General“ auf diese eminente schauspielerische
995 2147 1498 2230 Intelligenz ausgeübt hat.
840 2203 985 2277 seine
1085 2191 2215 2269 Wer auf dem Theater vieles bringt, bringt keinem etwas,
848 2269 2224 2323 ervor- denn hier gilt nur Ganzes. Wer einmal Leopold Jeßners Ideal¬
832 2311 2212 2387 ir das schauspieler war, findet nur schwer den Weg zu Schnitzler. Da¬
835 2370 2217 2420 st voll zwischen liegen Abgründe. Zuweilen fällt die Kargheit
849 2414 2221 2466 volles im theatralischen Ausdruck auf, die in den beioegteren Momenten
880 2454 2215 2533 Der der Szenen etwas starrsinnig Gewolltes hat. Wenn Friß Kortner
830 2504 2223 2560 en er¬ dort, wo der Zuschauer einen vollen Ausbruch der bekannten
841 2555 2227 2626 Ober=stoßenden Gesten und der hallenden Tubatöne der Stimme dieses
870 2598 2225 2681 Buch einst so überpathetischen Schauspielers erwartet, sich bemühl, Ton
839 2636 2220 2707 #arlo" und Bewegung oft bis zur Unklarheit niederzupressen, um, wie
851 2698 982 2766 nung!
990 2703 2217 2775 man im Böhnenjargon sagt, nur ja „nicht zu viel zu machen“,
851 2746 983 2807 in
992 2755 1739 2831 so spürt man gerade daran die Mache.
835 2798 983 2856 ingen.
1038 2784 2208 2888 Die neue Berliner Schule ziehlt mit ihrer salopprhetorischen
844 2846 992 2904 ondon
997 2856 2207 2927 Art sichtlich darauf ab, möglichst wenig Theater zu „spielen“,
845 2888 985 2955 , daß
836 2906 2205 2989 #udien sondern die private Persönlichkeit des Schauspielers in möglichster
842 2945 2216 3031 ginne Natürl hkeit zu entfalten. Gewollte Natürlichkeit ist aber keine
854 3010 2214 3073 ania. und in der Natur des Schauspielers liegt es, möglichst
856 3042 2219 3124 t“ zu hemmungslos und absichtslos — Theater zu spielen. Wie
850 3104 2222 3186 ig ist.  überhaupt das „Sichverstellen“ um ungestörier das Innerste
838 3148 2212 3220 Föhre enthüllen zu können, ein wesentlicher Trieb der Menschennatur
859 3202 2225 3285 t ab= ist. Man möchte sagen: „Spielt drauf los, der Stil kommt von
849 3256 1182 3334 nsicht, alleene!“
843 3323 1003 3372 Fr 23
1080 3295 2205 3373 Die Berliner Schauspielkunst, deren vornehmster Re¬
856 3359 2205 3419 Estor präsentant Kortner ist, hat ein stilistisches Programm: Sie re¬
851 3430 2209 3468 nung duziert die Mittel des Theaters auf ein Minimum und glar bt da¬
850 3450 2220 3517 udien mit Seelisches freizulegen. Man nennt das Sachlichkeit. Na, schön!
857 3510 974 3565 r die
1001 3501 2207 3569 Aber was will man damit von uns Wienern? Die wir
854 3548 980 3620 präch
992 3558 2215 3627 programmatische Entwicklungen hasse? Und wo es in allen
853 3595 2200 3649 ingen lGagen fingt und klingt: „Barock san mar, barock bleib'n mar!“
967 3655 2212 3723 Mit dem Berliner Gast holten die Herren Forest,
851 3689 2218 3752 r die Kutschera, Lessen, Novotny, Olden, Onno und
848 3737 2211 3794 kaiser[Schmöle ihren Applaus. Arlur Schnitzlers Schauspiel, das
856 3801 2202 3856 Doku= jetzt mehr von kleinen und großen Menschlichkeiten aufschließ
999 3838 2218 3904 als je, feierte zugleich das Jubiläum der hundertsten Wiener
860 3896 1257 3977 über Aufführung.
872 3939 997 4017 will
864 4000 990 4057 hien,
848 4047 988 4101 1917.
1052 4037 2161 4149 die Gofaze der Wundosbahnen.
860 4099 977 4162 en:“
