3392 4320
1007 187 1072 251 B
281 170 1492 291 25. Professer enhandi
1307 588 1541 703 —
856 641 1293 706 (Geglienangab. „hne Gewähz).
522 685 1535 777 Ausschnitt aus: Pressburger Zeitung
823 767 1120 838 30 k. 1913
516 808 661 857 Zom:
496 888 1555 1001 Zur Verhinderung der Aufführung von
414 935 1546 1036 Schnitzlers „Professor Bernhardi“. Ueber den dies¬
408 1018 1541 1085 bezüglichen Beschluß des städtischen Theaterkomitees
413 1065 1539 1157 haben wir schon im Abendblatte berichtet. Wir pub¬
412 1120 1535 1221 lizieren nunmehr die dort erwähnten zwei Tele¬
405 1195 1538 1255 gramme. Das Telegramm der Wiener freien
407 1245 1241 1327 literarischen Gruppe lautet:
471 1292 1532 1391 „Ein letzter Stunde ausgesprochenes Verbot schä¬
391 1372 1525 1463 digt schwer ideelle und materielle Interessen hunder¬
397 1430 1532 1517 ter Wiener Kunstfreunde und Preßburger Bürger.
395 1495 1517 1576 Die Verbotsvoraussetzung ist irrig. Auch Preßbur¬
390 1554 1526 1630 ger Bürgern waren Karten im Vorverkauf in Wien
389 1605 1524 1697 zugänglich, wovon zahlreich Gebrauch gemacht wurde.
387 1677 1523 1736 Außerdem sind für Preßburg reservierte Karten am
391 1733 1522 1800 Vorstellungstage an der Preßburger Theaterkasse er¬
386 1782 1518 1855 hältlich. Als Sühne für den direktorialen Formfeh¬
388 1850 1521 1951 ler spendet die Wiener Freie Literarische Gruppe
382 1902 1516 1991 zweihundert Kronen für Preßburger Arme und er¬
376 1959 1512 2050 wartet von der magyarischen Ritterlichkeit und Gast¬
379 2008 1497 2109 freundschaft die Freigabe des Theaters für die Wie¬
380 2094 1499 2159 ner Gäste und ein Asyl für ein zu Unrecht verfolgtes
378 2135 1508 2234 Werk des großen Wiener Dichters. Universitätspro¬
373 2204 1507 2288 fessor Halban, Bronistav Hubermann, Her¬
379 2263 1506 2333 mann Bahr, Hofrat Steiner, Verlagsbuch¬
368 2310 1501 2407 händler Heller k. u. k. Hauptmann Rober:.
365 2372 1132 2456 Michael Freiherr v. Levetzow.
462 2434 1495 2521 Das im gestrigen Abendblatte erwähnte und zur
368 2504 1493 2583 Theaterkomitee=Sitzung verspätete Telegramm des
370 2545 1508 2649 Direktors Paul Blasel hat folgenden Wortlaut:
370 2624 1499 2711 „Okernotär Mitterhauser, Pozsony, Magistrat.
365 2679 1490 2749 Bitte dringend den Verbotbeschluß aufzuheben. Die
356 2743 1495 2824 Rechte des Theaterkomitees werden von mir respel¬
365 2800 1496 2868 tiert. Wenn mir ein Formfehler unterlaufen ist, so
357 2859 1495 2946 bitte ich um Entschuldigung. Die Aufrechter¬
355 2922 1504 3020 hultung des Verbots wäre für mich
348 2978 1491 3060 ein schwerer materieller Schaden. Die
349 3029 1480 3125 Vorstellung mit einem gleichen ausgezeichneten En¬
348 3097 1482 3174 semble von europäischem Ruf wird demnächst für
355 3156 1310 3238 Pozsony Abends öffentlich wiederholt.“
1382 3174 1488 3244 Da
353 3216 1485 3305 nun die Aufführung von Schnitzlers „Professor
342 3261 1490 3362 Vernhardi“ diesmal aus formellen Grün¬
340 3333 1476 3418 den verhindert wurde, bleibt — wie uns mitgeteilt
336 3379 1475 3479 wird — nichts anderes übrig, als unter Genüge¬
340 3453 1477 3523 leistung aller formellen Anforderun¬
348 3524 1481 3602 gen diese von den politischen Greislern Oesterreichs
351 3565 1466 3643 so angefochtene Komödie Schnitzlers noch im Ver¬
346 3633 1472 3714 laufe dieser Saison einige Male aufzuführen, und
344 3697 1462 3779 zwar ohne Ausschluß eines Wiener Massenbesuches.
335 3741 1467 3837 Es ist dies schon deshalb nötig, auf daß unanzwei¬
335 3806 1456 3883 felbar dokumentiert werde, daß der jetzigen Verhin¬
335 3858 1473 3951 derung keine reaktionären Motive zugrunde lagen,
337 3903 1110 3991 sondern nur ein schaver geahndeter
1151 3933 1496 4029 Formfehler)
1628 181 2087 285 box 30/2
2408 474 2871 539 (guellenangabe eime Gow####.
2063 503 3042 617 Assschaltt ansP#ster Lloyd. Budapest
2072 586 2875 691 von: 79 k 191, Abendblatt
2065 665 3136 795 (Prösessor Bernhardr in Pozsony.) Aus
1979 693 3141 830 [Wien wird uns berichtet: Wie das „Illustrierte Wiener Extra¬
1975 750 3134 876 blatt“ erfährt, hat der Vertreter der Freien Literarischen Gruppe
1975 803 3123 931 in Wien, Buchhändler Hugo Heller, sich nach Pozsony begeben,
1965 842 3138 969 um dort die Reassumierung des Verbots der Aufführung von
1965 898 3130 1016 Schuitzle=Professor Bernhardi“ zu erwirken. Es gelang, den
1953 924 3124 1043 Bürgermeister zu bestimmen, für heute nachmittog eine Sitzung
1949 976 3126 1100 des Theaterkomitees einzuberusen. In Wien wird das Auf.
1952 1013 3122 1130 führungsverbot vielsach auf klerikale Agitationen in Pozsony
1944 1064 3123 1183 zurückgeführt und es als Kuriosum bezeichnet, daß man ein und
1941 1119 3119 1224 dasselbe Werk in Budapest aufführen läßt, in Pozsony aber ver¬
1949 1160 3120 1273 bietet. Interesiant ist, daß die für gestern in Leitmeritz an¬
1953 1209 3122 1316 gesetzte Voriesung von „Professor Bernhardi“ von der Bezirks¬
1944 1245 3105 1362 hauptmannschaft verboten wurde. Auffällig ist, daß die Be¬
1948 1290 3116 1403 gründung dieses Verbots gleichlautend ist mit der Verwer¬
1937 1336 3107 1447 sung des Rekurses durch das Ministerium des Innern, woraus
1932 1392 3109 1505 heivorgeht, daß das Ministerium des Innern jedenfalls den
1934 1429 3103 1529 verschiedenen Bezirkshaupimannschaften einen Erlaß über¬
1934 1471 3104 1585 mittelt hat, mit welcher Begründung die Aufführung, oder
1931 1514 3099 1638 Vorlesung von Schnitzlers „Professor Bernhardt“ abzu¬
1928 1550 2145 1643 lehnen sei.
1958 1799 3031 1891 Ausschnitt audleutsches Volksb’att, Wien
2240 1865 2546 1949 29 APR. 1913
1949 1907 2111 1974 vom:
2008 1960 3060 2151 Wesee eeshendhaltmet der Pinter 9e
1945 1963 3034 2171 esder Snden anes in dein tulten enng
1955 2057 3031 2194 usschusse angemeldet, daß die Mitalieder des Berliner Kleinen
1936 2091 3024 2244 heaters am 1. Mai im Preßburger städtischen Theater das in
1938 2140 3026 2283 pesterreich von der Zensur verbotene Stück Schnitzlers „Pro¬
1933 2171 3015 2317 kssor Bernardi“ zur Aufführung bringen wollen, aus welchem
1918 2209 3009 2354 Inlasse zahlreiche Gäste aus Wien nach Preßburg kommen
1908 2243 3013 2380 perden. Der Ausschuß nahm die Anmeldung nicht zur Kenninis
1910 2276 3004 2424 hit der Begründung, daß das Preßburger städtische Theater in
1924 2322 3011 2456 rster Reihe die Ansprüche des Preßburger Publikums zu be¬
1935 2362 3005 2505 jedigen habe und es daher unzulässig sei, daß für einé
1912 2411 2995 2553 tesee Geschsek den Vortehnen veanseln wrce.
2341 2855 2905 2965 FEICHSPOST, WIEN
1846 2879 2267 2957 Ausschnitt aus:
2025 2935 2508 3032 29. APRL 1913
1847 2990 2016 3044 vom:
2060 3062 2679 3191 Telegranstte.
1855 3160 2898 3237 Schnitzler in Preßbuig abgelehnt.
1867 3231 2966 3296 Presburg, 28. April. Des Direktor des hiesigen
1797 3284 2959 3344 deutschen Theaters h##em städtischen Theaterausschusse
1796 3318 2966 3407 angemeldet, daß die Mitglieder des Berliner Kleinen
1802 3377 2959 3433 Theaters am 1. Mai im Preßburger städtischen Theater
1795 3419 2961 3478 das in Oesterreich von der Zensur verbotene Stück
1800 3468 2963 3530 Schnitzlers „Professor Bernhardi“ zur
1794 3518 2954 3588 Aufführung bringen wollen, aus welchem Anlasse zahl¬
1789 3572 2963 3623 reiche Gäste aus Wien nach Preßburg kommen werden.
1798 3611 2958 3663 Der Ausschuß nahm die Anmeldung nicht zur Kennt¬
1791 3663 2951 3708 nis mit der Begründung, daß das Preßburger städtische
1785 3714 2959 3760 Theater in erster Reihe die Ansprüche des Preß¬
1790 3757 2967 3824 burger Publikums zu befriedigen habe und es
1788 3801 2271 3863 daher unzuläs
2463 3803 2955 3872 , daß für eine
1786 3846 2982 3927 geschlossene Gesellschaft dort Vor¬
1770 3900 2802 3995 stellungen veranstaltet werden.
1742 4094 1897 4176 —
2896 4096 2963 4172 —
