3344 4256
296 123 1502 240 25. Professor Bernhandi
593 1116 1000 1181 Aussbumm aue
831 1144 1718 1286 Wzigiz Mühiisches Tagbiatt, Oimäu!
589 1208 732 1273 vom:
692 1286 1581 1386 („Professor Bernhardi“ von Schnitzler.)
595 1368 1570 1429 Heute abends liest Ferdinand Onno vom
590 1414 1562 1470 deutschen Volkstheater in Wien den „Professor
591 1465 1569 1528 Bernhardi“ von Schnitzler, eine Komödie, jecoch
596 1515 1558 1573 nicht in dem Sinne, daß dieses Stück durch
601 1565 1569 1612 witzige Einfälle, drastische Situationen und
591 1610 1563 1678 Pikanterie die Hörer belustigen wollte. Der
600 1663 1563 1716 Dichter führt uns vielmehr ein Lebensschicksal vor,
599 1703 1564 1770 mit seinen Begleiterscheinungen und allen jenen
597 1751 1563 1810 Typen, die es verursachen, beeinflußen, ausbeuten.
594 1804 1574 1850 Ein Stück wirklichen Lebens. Und dieses ist eine
596 1853 1566 1907 Komödie, — wird eine Komödie, durch die
599 1900 1568 1955 handelnden scharf umrissenen, typisch komödien¬
598 1949 1590 2012 haften Charaktere: Gelehrte, Aerzte, Minister. ##
593 1999 1558 2077 Hofräte, Journalisten. So'che finden wir jo
594 2058 1559 2114 um uns nur zu häufig, nur allzu oft sehen,
596 2094 1554 2152 erleben wir solches und ähnliches um uns,
584 2146 1566 2208 spielen wir doch alle selbst Komödien. Darum
594 2204 1560 2257 ist diese Komödie tief ernst, voll sichtichen
605 2258 1571 2309 Gehaltes und würdiger über die Bretter zu
583 2296 1566 2368 (gehen, als so manche Operette, belehrend durch
594 2358 1563 2410 die Lebenswahrheiten, die es enthält, die nicht
595 2408 1554 2464 nur für Österreich gelten, sondern überall
594 2463 1563 2517 mehr oder weniger scharf in die Erscheinung.
583 2508 1570 2567 treten, dabei unterhaltend, anregend, span¬
597 2559 1562 2637 nend, voll trockenen Humors und ätzenden
595 2603 1563 2664 Satyre. Religiöse Gefühle, — das hat ja die
593 2673 1563 2726 Zensur zugegeben — werden darin in keiner
583 2726 1564 2784 Weise verletzt; im Gegenteile! Gerade die
579 2769 1569 2832 pflichttreue charaktervolle Haltung des Pfar¬
581 2811 1564 2884 rers, als des Vollstreckers einer religios weihel
588 2859 1560 2929 vollen Handlung, als des echten Dieners der
595 2908 1560 2984 Religion, der in liebevoller Milde auch eine
593 2954 1561 3019 andere Lebens= und Pflichtauffassung verstels,
591 3008 1556 3063 wird in das rechte Licht gesetzt. Der ehrlose
587 3064 1556 3120 Streber, der nach Titeln haschende Gelehrte,
582 3118 1554 3173 der mit nationaler Gesinnung Wuchernde, der
594 3159 1566 3229 mit Religion Handel treibende Getaufte, der
583 3213 1562 3273 kriecherische, jüdische Streber, wie auch der sich
591 3271 1551 3320 selbst genügende Gelehrte, der überzeugungs¬
595 3327 1548 3372 treue Mann, sind lebenswahre Gestalten.
586 3354 1563 3426 Wahres setzt sich früher oder später doch durch
590 3410 1565 3482 und so wird auch dieses Werk aus dem
579 3460 1556 3533 Exile der Zensur seinen Weg ins Freie ma¬
571 3514 1550 3575 chen. Jedenfalls ist es ein Verdienst des Jü¬
575 3571 1562 3632 disch=literarischen Vereines, in dessen Rahmen
576 3618 1562 3679 es schon wegen der darin behandelten Jnden¬
578 3665 1558 3738 frage fällt, diese Vorlesung hier möglich ge¬
585 3717 950 3791 macht zu haben.
686 3766 990 3838 A.
1666 130 2102 226 box 30//3
2540 316 2973 393 Iacn0 — —
2590 358 3279 467 Mahrieches Tagblatt, Grmat.
2215 390 2582 457 Lueschnitt aus:
2468 433 2728 522 3- MNT 197
2234 492 2340 554 FaM:
2213 539 2274 589 1#
2317 575 3205 645 (Schnitzkers „Professor Bernhardi.“)
2235 643 3203 701 De echrkunfterische Ark, in der Herr Ferdi¬
2239 685 3201 752 nand Onno vom deutschen Volkstheater in
2239 739 3196 805 Wien diese Komödie Schnitzlers am vergan¬
2247 792 3207 854 genen Samstag im deutschen Kasino vor dem
2251 844 3207 904 Publikum des jüd. lit. Vereines vorlas, war
2244 891 3203 974 in der Tat ein respektables Surrogat für eine
2247 939 3208 1007 Aufführung im Theater, die bekanntlich noch
2239 993 3204 1057 immer von der Zensur inhibiert ist. Herr
2245 1048 3211 1101 Onno disserenziert die handelnden Personen
2242 1094 3204 1160 wohl weniger durch drastischen Wechsel stimm¬
2244 1146 3206 1217 licher Register, als vielmehr durch eine gewisse
2251 1211 3228 1269 biskrete Darstellung jeder einzelnen Person,
2239 1247 3210 1311 lauch durch mimische Behelfe, ohne dabei die
2232 1300 3213 1368 Grenzen zu überschreiten, die für den gewieg¬
2243 1344 3211 1421 iten Rezitator durch die künstlerische Erkennt¬
2241 1402 3213 1471 znis gezogen sind, daß ein Vortragspodium
2243 1466 3208 1531 seben ein Podium und keine Bühne ist. Durch
2237 1514 3211 1583 sdiese Kunst, vorzulesen, vorlesend darzustellen
3083 1561 3216 1620 dem
2229 1556 3016 1633 loder — vie eicht noch besser gesagt:
2229 1610 3213 1688 gesprochenen Worte plastische Wirkungen ab¬
2226 1654 3207 1739 jzuringen: trat das Werk, Szene für Szene,
2242 1710 3202 1789 in das Vorstellungsvermögen des Audito¬
2231 1782 3214 1852 sriums, für dessen geistiges Auge und Phan¬
2248 1822 3210 1876 stasie solcherart die wirksamsten Szenenbilder
2236 1866 3208 1957 zintuitiv geschafsen werden. Wir schreiben es
2254 1914 3198 1993 dem jüdisch=iterarischen Vereine direkt als ein
2244 1944 3223 2050 Tat an, daß er diese Vorlesung inaugurierte,
2252 2028 3202 2086 sind aber aus prinzipiellen Gründen nicht in
2246 2041 3226 2161 der Lage, diese Vorlesung als eine Ar#¬
2203 2182 2298 2263 —
2171 2267 3134 2330 Olmützer Premiere aufzufassen: wir erwar¬
2177 2310 3228 2387 ten diese Erstaufführung durch das Olmützer#
2168 2372 3136 2448 Stadtthealer. War doch gerade diese, ausge¬
3108 2278 3211 2492 9
2177 2416 3134 2492 zeichnete Vorle ung dazu wie geschaffen, die
2177 2470 3137 2539 ganze erbärmliche Haltlosigkeit des hinterwäld¬
2165 2529 3132 2600 lerischen Stan punktes greu zu beleuchten, auf
2165 2567 3134 2676 den sich die österreichische Zensur zu diesem
2165 2624 3114 2699 Stücke steilt, das in Deutschland volle Thea¬
2159 2672 3122 2742 terhäuser erzengt. Als ob nur gerade das
2167 2708 3120 2804 Ausland darüber unterrichtet werden dürfte,
2153 2770 3117 2853 wie ein österreichischer Dichter über die gewisse
2149 2829 3112 2905 „Liberalität“ österreichischer Minister mit künst¬
2157 2877 3109 2959 lerischem Ernste denkt, wo diese ministerielle
2151 2934 3111 3013 „Liberalität“, schon längst das sterertype
2155 2980 3115 3055 Steckenperd der Witzblätter werden
2146 3040 3115 3102 mußte. Es trifst sich just recht gut, daß wir
2141 3079 3105 3162 heute an leitender Stelle der vorliegenden
2149 3134 3101 3211 Nummer einen Ausspruch des gegenwärtigen
2144 3171 3104 3269 Ministerpräsidenten, des Grafen Stürgkh,
3098 3209 3135 3256 1
2154 3226 3101 3298 i sthalten können, der drastischer, ursprüng¬
2138 3285 3090 3364 licher und niederschmetternder, als es irgend
2134 3336 3096 3421 eine Komödie vermöchte, dieselben traurigen
2131 3374 3087 3458 Wahrheiten mit verblüfsender Brutalität auf¬
2142 3441 3094 3520 ro#t, die Schnigler nur mit künstlerischer Fein¬
2131 3484 3097 3571 heit aufzeigt. Und dann — was das kultur¬
2133 3541 3102 3611 kämpferische Motiv der Komödie betrifft, muß
2135 3591 3088 3678 gesagt werden, daß auch hier das Zensur¬
2138 3643 3100 3724 Verbot vor der künstlerischen Objektivität, die
2123 3685 3103 3767 Schnizlers Komödie ausstrahlt, über kurz
2126 3743 3075 3829 oder lang zusammenbrechen muß. Eine Zen¬
2121 3785 3076 3861 fur, die sich an literarischen Werten
2125 3851 3084 3924 vergreift, scheint die Absicht zu haben sich vor
2119 3899 3080 3980 ganz Europa lächerlich machen zu wollen. Sie
2127 3949 3080 4014 wird zu der biteren Einsicht kommen, daß
2114 3990 3075 4073 diese Vorlesungen Onno's nicht etwa Vor¬
2118 4040 3073 4128 schubleintungen für ihr törichtes Vorhaben sind,
2116 4093 2458 4144 sondern vielme,
