3392 4320
963 144 1054 207 Be
702 159 832 206 S S
1595 131 2042 235 bos 30/1
244 139 1554 216 25 Enhardi
983 1085 2313 1132 aussichten hatten, und wer seine Tollkühnheit überschätzte, mochte
986 1154 2321 1203 in solchen Fällen argwöhnen, daß er die ganze unbequeme Rich¬
989 1200 2321 1261 tung, koste es ihn noch so viel Zeit, Kraft und Geld, um ihr
989 1245 2316 1308 junges Ansehen bringen wolle. Seine Antipathie gegen bestimmte
987 1306 2320 1350 Dichter ging bis zum Starrsinn. Daß zu diesen auch das einzige
987 1354 2321 1402 Genie unter den Dramatikern der Zeit gehörte, daß Brahm in
988 1410 2309 1468 seinen achtzehn Jahren sich von August Strindberg völlig fern
990 1464 2313 1521 gehalten hat: das klänge wie eine boshafte Erfindung, wenn es
989 1516 2320 1562 nicht zur Genüge erklärt würde durch die begründete Furcht des
990 1567 2308 1628 Ibsen=Apostels, am Ende seinen Norweger durch den unver¬
985 1616 2323 1692 gleichlich größern Schweden im Preise zu drücken. Bis Ibsen
980 1680 2323 1731 reichte es; bis zu dem Ibsen, der beim „Bund der Jugend' anfängt.
1081 1730 2320 1787 Für die Schauspielkunst des Brahmschen Ensembles reichte
983 1784 2323 1834 es bis zu dem Ibsen, der mit „Baumeister Solneß aufhört. Vor
993 1842 2316 1898 diesem bereits stand die Regie des Lessingtheaters, wie vor
987 1891 2325 1930 Solneß der Doktor Herdal, der zwar sonderbare Geschichten gerne
980 1944 2313 1996 hört, aber kein Sterbenswörtchen davon versteht und sich darum
992 2000 2322 2057 nicht näher darauf einläßt. Bei Brahm ließ man sich auf das,
989 2054 2324 2117 was man nicht verstand, einfach nicht ein. Das war immerhin
980 2106 2322 2163 reinlich und bewahrte uns vor Schwindelmanövern. Aber statt
985 2171 2313 2227 eines falschen Talers gar keinen Taler zu kriegen, macht auch nicht
985 2225 2313 2285 glücklich. Im „Hannele etwa Tag und Traum durch Ton und
986 2267 2316 2334 Bild, durch Wechsel zwischen irdischem und himmlischem Licht zu
982 2324 2315 2376 unterscheiden, wie sie unterschieden werden müssen, wenn keine
982 2375 2324 2431 Mißverständnisse entstehen sollen: solchen Aufgaben war diese
986 2426 2319 2480 Regie nicht gewachsen. Diese Regie war spezifisch berlinisch. Nur
993 2482 2321 2532 durch Gewalt oder durch einen unwiderleglichen Schein von Wirk¬
995 2532 2320 2585 lichkeit lassen die wirklichkeitsklugen Berliner ihren Widerstand
993 2591 2319 2652 gegen ein irrationales Element wie die Kunst besiegen. Wenn
2181 2646 2313 2704 Es
991 2642 2185 2693 sie vor Kunstgebilden aus Ueberzeugung sagen können:
994 2696 2314 2749 stimmt!— dann fühlen sie sich am stärksten angeregt und befriedigt.
995 2748 2308 2797 Zu solchen Wirklichkeitsforderungen kehren sie von allen Aus¬
982 2800 2306 2860 flügen ins Uebersinnliche zurück. Nie zuvor waren diese For¬
980 2859 2313 2912 derungen so erfüllt worden wie bei Brahm. Vor seiner Zeit hatten
993 2921 2317 2980 entweder die Mimen oder die Machwerke nicht den Maßstab der
988 2969 2316 3012 Menschenmöglichkeit vertragen. Jetzt paßte eins zum andern.
987 3010 2312 3065 Was Dichter und Schauspieler beisteuerten, war wie die Fort¬
990 3075 2323 3125 setzung der täuschenden Dekorationen; aus der Stimmung des
993 3131 2321 3174 räumlichen und gesellschaftlichen Milieus wuchsen Menschen und
995 3182 2330 3259 Vorgänge hervor. Im Ineinanderwirken aller Kräfte lag der
984 3307 1100 3368 606
