3436 4256
27 2398 92 2460 in
21 2452 75 2509 d
1682 140 2150 232 box 31/4
330 154 1606 260 25. ProfessonBernhandi
1448 850 2890 937 stören, Dynastien weglegen, um der Komödie Schnitzlers freie Bahn zu
1437 902 2888 992 schaffen, die nach siebenjährigem Arrest endlich als erster Fanfarenklang
234 912 1013 1004 der Hynmus auf jene höchste und erha¬
1442 948 2897 1038 zum Gruße der errungenen Freiheit, zum Willkomm der Republik, zum Grab¬
226 961 1012 1029 hit, die dem von schwersten Qualen ge¬
1447 992 2902 1078 gesang für das zusammengebrochene System erschallte, nun längst als reichste
216 1008 1018 1075 Hitfolternden Todgezeichneten die heiß er¬
1441 1036 2899 1125 und edelste Frucht seines Dichters anerkannt, sein männlichstes, gesinnungs¬
227 1050 1017 1134 fruf für das Recht des Arztes, dort, wo
1445 1096 2906 1166 stärkstes, ethisch reinstes und höchstes Stück. Er begegnete in seinen An¬
235 1100 1017 1177 ewahren ist, Heller des jedes Leid ver¬
1452 1121 2900 1214 fängen, da er noch Führer, mehr das Haupt der literarischen Richtung Jung¬
1449 1168 2907 1275 Wien war. heißer Gegnerschaft, selbst bei Einsichtigen wegen der manche
218 1207 1028 1275 in, an ein aufreizendes, ein revolutionäres
230 1251 1015 1327 das lezterwähnte Motiv zum Kern seines
231 1294 1029 1368 der Arbeit davon ab und glitt auf jenes
225 1337 1034 1413 haften, nur für seinen Patienten besorgten
232 1381 1023 1448 n. mit Kirche und Staat zusammenprallen
229 1417 1037 1489 Gesellschaftsarzt meldete sich zum Wort,
240 1480 1028 1542 Da tauchten Erinnerungen auf an Vor¬
233 1512 1028 1595 einer Wiener Klinik reinster Menschlich¬
222 1556 1031 1628 histen wissenschaftlichen und humanitären
234 1606 1038 1671 kisch in den Rücken fällt, Politik in ihrer
224 1649 1038 1727 ne Parteipolitik, der über dem allgemeinen
226 1691 1045 1785 ppe und Sippe, die Glorie eines in Talmi¬
236 1735 1041 1809 steht. Unter dem Einfluß solcher Erinne¬
236 1794 1043 1850 der die politische Lüge dem reinen Men¬
241 1818 1040 1899 ungslos aber selbst auf die Anklagebank
244 1873 1041 1937 jedem Gerechten verurteilt wird, die Ko¬
234 1911 1050 1993 unparteiischen Helden und Märtyrers ärzt¬
237 2012 1037 2089 redend das Burgtheater nicht heranwagte.
235 2060 1038 2136 engherzige, kleinliche Zensur darauf und
226 2107 1049 2198 ösen Gründen, starrköpfig gegen die Auf¬
2036 2116 2356 2196 Anton Edthofer
229 2151 1045 2236 gn, ja brachte sogar zuwege, eine Vorstel¬
237 2199 1047 2275 Wiener in Preßburg zu verhindern. Aber
228 2256 1041 2314 Vorwand. Von einer kirchenfeindlichen Ten¬
1476 2220 2922 2313 Schleier zerreißenden Erotik seiner Poesie. Er hat sich sein Publikum er¬
237 2300 1060 2357 F. Die sympathischeste, hellste Gestalt darin
1481 2273 2923 2370 obert und erzogen. Es schätzt und liebt ihn als den berufensten Dolmetsch
235 2332 1060 2414 Btsein der katholischen Kirche war nicht zu
1482 2331 2933 2398 moderner Wiener Kultur in der Arena des Geistes und stempelt sein
224 2379 1059 2454 Ggotterie der Dynastie und ihrer Getreuesten
1483 2393 2194 2472 Schaffen zum Baustein der Bildung.
241 2423 1055 2482 es dem Beamtentum um eine Kraftprobe,
227 2475 1058 2533 stalten, den Repräsentanten des Gaukel- und
229 2507 1062 2577 Für Kultus und gegen Unterricht kompromi¬
239 2554 1059 2628 freich etwas zu reden habe, wird dieser
250 2597 1059 2672 mir damals der oberste Gebieter der Zen¬
226 2629 1071 2727 er sich in dem Minister des Stückes zu er¬
238 2696 1056 2760 versicherung abwies. Er behielt recht. Der
1550 2683 2929 2787 M
242 2726 1061 2806 orden übe. Europa hinstürmen, Reiche zer¬
1695 2825 2754 2957 M. Würzl & Söhne
244 2948 1091 3027 emn Material um wenige Schilling!
1561 2930 2888 3035 Reiserequisiten- u. Lederwaren-Fabrik
228 3012 677 3090 ING 12 (Gartenbau)
2236 3047 2899 3124 I., Kärninerstraße 34 und
229 3061 721 3151 KARNTNERTOR“
1560 3064 1965 3148 Gegründet 1839
2033 3079 2902 3175 Wien #. Spiegelgasse 3 (Eche Graben)
238 3101 1095 3188 und 2er Wagen Haltestelle (Anfang Wiedner Hauptstr.)
1563 3129 1974 3194 Telephon 73-2-75
231 3162 672 3231 EERSTRASSE 90
229 3221 517 3273 s-à-vis Krupnik)
1495 3197 2967 3276 Mmmmmmn!
249 3233 1112 3334 ERSTRASSE 13 (Lloydhot) Tel. R-41-100
