3392 4256
293 69 486 184 25
1658 75 2120 174 box 31//2
476 80 1522 195 Professon-Rernhandr
895 345 1800 526 1 An-hichich denseie alueg
1231 467 1324 547 131
1311 473 1659 549 Slitz-Blala.
786 537 1430 664 18. Mzmstr 6ls.— I7!
1890 576 2295 680 Bieliz=L.
752 567 948 677 —
979 624 1051 679 —
2289 601 2365 689 —
668 559 908 797 1
2052 692 2714 793 Aus der Theaterkanzlei.
916 680 1670 807 Stadttheater Bielitz.
1943 762 2993 864 Heute gelangt in Serie blau Ludwigs?
985 787 1612 891 „Professor Bernhardi.“
1844 818 2938 914 Anzengrubers grandioses Volksstück „Das 4.
1849 878 2491 951 Gebot“ zur Aufführung.
848 869 1842 949 Im alten Oesterreich durfte Schnitzlers
1949 913 2937 998 Donnerstag steht in Serie rot die be¬
750 928 2938 1078 Komödie nicht aufgeführt werden. Sieliebte Operette „Jungfer Sonnenschein“ am
757 986 1846 1057 brandmarkte gerade die Parteien, die am
2925 975 3029 1075 2
1844 1022 2133 1097 Spielplan.
759 1037 1842 1089 Ruder waren und sehr wohl die Macht hat¬
1952 1053 3007 1149 Freitag und Sonntag wird in vollstän=?
752 1087 1844 1155 ten, eine unbequeme Stimme zum Schweigen
1848 1112 3015 1215 diger Neustudierung die Operette „Zigeuner=
750 1137 1841 1200 zu bringen. Erst die neue Zeit. die uns end¬
1844 1171 2247 1242 liebe“ gegeben.
747 1189 1838 1239 lich Freiheit der Meinungsäußerungen brach¬
1943 1225 2998 1301 Samstag findet die nächste Aufführung
742 1239 2939 1354 te, gab uns die Möglichkeit, das Stück auf der mit großem Erfolge gegebenen Komö¬
737 1286 1854 1365 der Bühne zu sehen. Es ist auch, abgesehen
1834 1314 1961 1382 die
1949 1309 3012 1415 „Professor Bernhardi“ von Arthur
737 1332 1834 1409 von seiner Tendenz, interessant und litera¬
1835 1368 2247 1446 Schnitzler statt.
729 1377 1831 1452 risch wertvoll besonders durch die feine und
1942 1392 2997 1489 Montag wird den Abonnenten der Se=w.
735 1424 1829 1496 streng durchgeführte Charakterzeichnung der
1832 1463 2930 1553 rie braun eine Aufführung des Volksstückes
736 1477 1836 1553 handelnden Personen. Es spielt in Wiener
1840 1527 2507 1592 „Das 4. Gebot“ geboten.
2905 1501 2993 1596 se
738 1520 1836 1611 medizinischen Kreisen, die Milieuschilderung
1931 1574 3006 1650 Dienstag, den 24. Dezember bleibt die un
726 1576 1837 1650 ist ausgezeichnet, um so begreiflicher, als
1836 1598 2329 1695 Bühne geschlossen.
728 1631 1833 1681 Schnitzler selbst Arzt ist. Auch der Held des
1927 1650 2932 1741 Mittwoch, den 25. Dezember (Außer
725 1681 1831 1744 Stückes ist Arzt und Direktor eines Kran¬
728 1697 2994 1797 kenhauses. Er hindert einen Priester, eine Abonnement) Erstaufführung: „Der Feld=ssti
1828 1764 2160 1839 herrnhügel.“
724 1772 1833 1847 Sterbende zu versehen, weil er sich verpflich¬
1933 1809 2908 1909 Donnerstag (Außer Abonnement): „Zis
723 1834 1828 1886 tet glaubt, die Kranke bis zum letzten Augen¬
1827 1843 2152 1944 geunerliebe.“
728 1879 1825 1951 blick in ihrem glücklichen Wahne zu lassen,
724 1920 1843 1977 daß sie genesen sei. Diese Tat wird, da
2266 1904 2382 2013 —— X
729 1976 1826 2046 Bernhardi ein Jude ist, von den Antisemi¬
1826 1980 2991 2123 AAAAA
717 2023 1829 2093 ten und Klerikalen absichtlich als bewußte
728 2066 1834 2142 Religionsstörung hingestellt und zu einer
718 2109 1837 2192 Affäre aufgebauscht, die schließlich den Pro¬
728 2169 1831 2255 fessor vor Gericht und ins Gefängnis
726 2220 1837 2298 bringt. Die Gegenparteien möchten ihn
716 2272 1838 2321 nun als Helden und Märtyrer für sich ge¬
716 2317 1853 2394 winnen, er aber, der in allem nur seinem
720 2367 1834 2452 empfindlichen und starren Rechtsgefühl ge¬
730 2417 1841 2501 folgt ist, will nach wie vor von Politik nichts
720 2470 1834 2537 wissen. An demselben Tage, an dem er den
712 2512 1834 2592 Kerker verläßt, bezichtigt sich die Kranken¬
721 2567 1826 2640 schwester, auf deren Aussage hin er verur¬
718 2618 1832 2661 teilt worden war, der falschen Zeugenaus¬
721 2667 1821 2719 sage. Dies bedeutet Wiederaufnahme des
714 2713 1831 2785 Verfahrens, aber vor dieser Art Genugtu¬
720 2763 1822 2816 ung will Bernhardi lieber die Flucht ergrei¬
711 2812 1822 2873 fen. „Wozu denn?“ meint er, „Soll ich den
709 2861 1829 2931 ganzen Schwindel noch einmal mitmachen?
710 2911 1822 2979 Jetzt in anderer Beleuchtung? Alle vernünf¬
724 2959 1833 3025 tigen Menschen wissen doch, daß ich unschul¬
711 2992 1839 3093 dig gesessen bin, und die zwei Monate, die
704 3052 1483 3135 nimmt mir ja doch keiner ab.“
817 3109 1817 3204 Die Aufführung war ein Wagnis, das
702 3172 1818 3251 mißglücken mußte. Woher vor allem die
710 3219 1824 3291 Darsteller für die vielen bedeutenden Rollen
700 3275 1819 3335 nehmen! Die Aerzte, lauter Männer von
697 3315 1811 3396 ausgeprägtester Eigenart, ein jeder der Ver¬
705 3356 1822 3440 treter eines ganz bestimmten Typus, wur¬
695 3416 1820 3487 den von gänzlich unzulänglichen Kräften dar¬
702 3474 1808 3538 gestellt, die teilweise nicht einmal ihre Rol¬
705 3512 1814 3590 len zu beherrschen schienen. Alle wirkten
699 3571 1813 3627 zu jung und unbedeutend. Die Herren
688 3625 1810 3679 Klein und Schauer z. B. waren nette Medi¬
697 3666 1814 3739 zinstudenten, keineswegs aber Professoren.
702 3709 1815 3767 Wie wenig wurden überhaupt die Andeu¬
701 3762 1803 3823 tungen, die der Dichter selbst für die Dar¬
691 3813 1803 3879 stellung gibt, beachtet! Um nur einige Bei¬
703 3838 1815 3936 spiele zu nennen: Professor Ebenwald, der
697 3898 1806 3976 „leider, mit zuweilen etwas übertriebenem
685 3945 1815 4022 österreichischen Akzent“ zu reden hat, wurde
691 4004 1848 4073 von Herrn Wohl als schleichender Intrigant!—
793 4043 852 4087 ie
