3344 4320
1575 166 2017 270 box 31/1
213 167 1416 266 25 Professon-Bernhandi
2138 414 2340 468 Anftiugmigtt
1392 420 2602 500 Seececaeeetacen Mescnunanuenununa Sumugibeorstnumnangnschunmnunssungen
2562 488 2603 525 —
885 505 934 588 1
1727 513 2562 616 domarebordet ha fätt en guddomlig in¬
1739 596 2555 665 givelse att tiga i denna punkt, dä han
1749 648 2556 719 därigenom kunde oöverskädligt skada
1752 690 2612 763 sin heliga kyrkas verksamhet bland fol- j
895 632 1746 774 Teater och musik.
1748 731 2618 818 ket, och betonar dess fordran pä abso- 1.
1745 788 2610 856 lut lydnadsplikt hos sin läras förkun- g,
1744 826 2618 919 nare. Läkaren sätter sanningen över h.
1002 816 1663 921 PProfessor Bernhardi.
1749 886 2557 936 allt annat. Resultatet av detta me¬
2551 913 2623 963 e1
1006 908 1718 1001 En märklig Schnitzler-premiär pä
1742 912 2615 1005 ningsutbyte blir negativt, och mäste bli g.
1722 974 2615 1057 Idet, ehuru författaren icke sticker un- b
1146 977 1589 1056 Dramatiska tentern.
934 983 986 1056 35
894 1013 989 1078 la.
1737 1022 2625 1093 Ider stol med, pä vilken sida han själv „
1745 1054 2610 1155 stür säväl i denna punkt som j de po- g.
1729 1125 2615 1206 litiska stridespörsmälen. Han ir ju u0
1722 1153 2626 1264 rationalistisk semit, och man fär icke #t
1731 1215 2564 1283 förtänka honom, att han gjort denne
2554 1250 2620 1304 de
1746 1254 2620 1352 Bernhardi till en sä sympatisk männi-
1750 1308 1863 1382 ska.
911 1345 976 1399 itt
2530 1346 2617 1412 9n
1780 1333 2624 1452 Men för att ätergä till handlingen,
1747 1383 2549 1477 sä räcker de klerikalas triumf icke sä
2549 1446 2622 1504 Or
1746 1449 2554 1528 länge. Samma dag Bernhardi slipper ur
1744 1503 2560 1571 fängelset avlägger sjuksköterskan sin
1752 1546 2619 1622 bekännelse, att hon vittnat falskt i mä¬ H“
1743 1595 2619 1673 let, dä hon gätt ed pä att professorn o“
2575 1639 2627 1704 C
1743 1636 2552 1719 brukat väld mot pastorn. Nu vill den
2547 1686 2614 1751 81.
1732 1681 2546 1772 politiekt strebern och väderflöjeln, un¬
2546 1735 2619 1792 Sk
1742 1748 2544 1822 dervisningsministern, ge 'sin vän“
1743 1780 2615 1865 Bernhardi full upprättelse — nu skalf
1745 1835 2613 1910 rättegängen rivas upp igen och nu ekall 4#
1143 1834 1568 1913 Arthur Schnitzler.
1758 1897 2568 1963 allt bli sä innerligt gott och väl. Men
985 1917 1750 1990 En komedi i fem hela akter och med
1754 1937 2613 2013 även denna gäng misslyckas han i för- Pi
948 1987 1739 2049 en rollförteckning, som upptager fem¬
1759 1981 2614 2062 söket att ställa sig in hos Bernhardi. fü
951 2038 1741 2096 ton doktorer och en kvinna, den sena¬
1762 2032 2615 2106 Denne vägrar att gä med pä nägon re¬ Vi
962 2087 1751 2134 reien liten biroll i förstá akten — un¬
1759 2075 2613 2146 vision av rättegängen. Han vill vara i fé
959 2132 1753 2186 dra pä om man beredde sig pä en tämli¬
1756 2130 2609 2200 fred, han gör inte i politiska konjunk- fe
962 2180 1745 2231 gen härddragen teaterafton. Och dock
1754 2177 2625 2245 turer, han är vetenskapsmen och läka- m
961 2227 1744 2290 blev det en av de intressantaste vi upp¬
1751 2233 2571 2290 re och vill arbeta för den lidande
956 2268 1749 2335 levat pä mängen god dag. Visserligen
1758 2261 2618 2339 mänskligheten och inte för att göra re- 85.
944 2327 1754 2383 fär det icke förnekas, att de fem akter¬
1747 2310 2627 2389 klam i partisyfte. Och därmed basta. ti.
950 2369 2551 2439 na rent kvantitativt tangerade gränsen Som segrare stär han där i alla fall till
957 2426 2543 2471 för vad man rär med pä en kväll. Där-/slut, och man har en känsla av, att var¬
962 2472 2546 2523 till kommer, att denna komedi egentli-jken hans lömska kamrater inom institu¬
959 2523 2549 2595 gen som bakgrund fordrar ett levandegtionen eller hans vedersakare pä andra
2542 2530 2615 2618 t#
964 2567 2540 2628 intresse för dagens partistrider under och högre häll komma att rosa markna¬
1761 2603 1877 2662 den.
956 2606 1755 2681 det politiska lapptäcke, som heter öster¬
2518 2605 2616 2686 k.
895 2634 966 2677 t-
898 2658 1753 2715 I. Trikiska monarkien. Men om trots det¬
1794 2651 2627 2732 I hela den länga, men ytterst sällan al
1757 2701 2625 2780 längträdiga dialogen formligen sprakar te
898 2711 1745 2767 e-ta ett stycke, säsom skedde i gär kväll,
956 2757 1751 2809 lyckas rycka publiken med under tre
1755 2757 2621 2824 det av klatschar ät alla häll. Man är er
906 2767 962 2816 1-
960 2806 1755 2870 länga timmar, mellanakterna oberäk¬
1760 2796 2622 2882 ibland böjd att tyeka det gür för längt st
1748 2842 2619 2923 med denna intellektuella knivkastning, te
966 2860 1753 2921 nade, sä mäste det helt enkelt betrak¬
959 2895 2622 2950 tas som en författartriumf av förstal som är vädlig, icke minst för författa- in
960 2949 2613 3014 klassen — och även en triumf för detren själv. Denne har visserligen be- oc
958 2999 2627 3063 agerande. Vi ha att konstatera bäda-handlat sina egna trosförvanter med la
952 3045 1102 3101 dera.
1748 3048 2613 3102 de största sympatierna, men är icke tr
1750 3082 2614 3141 blind för deras fel. Naturligt fär den ke
985 3083 1744 3169 Redan uppslaget till denna av skämt
1750 3137 2621 3197 omvände juden, här i en docents skepel- di
963 3146 1756 3203 och allvar, av ironi, satir och äkta
1748 3196 2616 3248 se, sitta emellan, men ären de andra ki
953 3205 2621 3304 Schnitzlorspiritualitet flödande kome. 1f# en och annan kittling mellan revbe- d:
952 3257 1760 3319 di är överdädigt väl funnet och lika
1738 3263 2611 3366 nen. Värst ätgängna áro förstäs och kt
967 3286 1587 3363 väl som konsekvent utnyttjat.
1758 3329 2559 3396 med rätta de bigotta hycklarna och
986 3348 1738 3406 Professor Bernhardi, direktören för
1756 3362 2552 3451 konjunkturmaffarna, som fá pä pälsen
959 3382 1738 3444 det enskilt subventinerade lasarettet
1760 3424 2559 3504 sä hären virvla i luften. Med frän¬
950 3433 1748 3499 Elisabetinum har fütt ett egendomligt
1760 3472 2622 3555 skiljande av ätskilliga delar sofisteri p#
963 3488 1751 3555 sjukdomsfall pä sin avdelning: en ung
1754 3529 2618 3601 och onödiga sottiser, kan man gott er- fi
958 3530 1749 3601 kvinna, som är räddningslöst prisgiven
1752 3564 2611 3656 känna denna Schnitzierkomodi säsom 1.
952 3573 1742 3651 ät döden inom nägra timmar, men som
1759 3628 2606 3693 en av de kvickaste och mest underhäl-t
948 3621 1741 3692 det oaktat känner sig fullt frisk och
1754 3664 2610 3729 lande, som nägonsin gätt över en scen. n.
965 3679 1742 3731 väntar att fä gä ut i det sprudlande li¬
1782 3709 2564 3788 Likaledes bör utförandet betecknas
960 3729 1737 3787 vet, kanske med allvarligt uppsät att
1750 3755 2606 3828 som ett av de allra bästa i sitt slag. n.
949 3768 1733 3845 lova detta värdigare och mindre lättfär¬
1746 3808 2602 3889 Hela Dramatiska tenterns stab av emi¬ e
960 3828 1743 3882 digt än hittills. Emellertid ekickar ekö¬
1754 3853 2595 3929 nenta förmägor, äldre och yngre, gick 1
947 3854 1743 3936 terskan efter pastor Reder för att den
1756 3898 2602 3995 i elden ocn presterade ott samspel, eom
953 3912 1746 3975 dödsdömds enligt katolsk sed mä bikta
1741 3938 2544 4026 mäste avvinna äskädaren den mest ode¬
968 3972 1605 4031 sig och undfä eista smörjelsen.
1747 3995 2562 4071 lade beundran. Det är icke möjligt att
987 4009 1738 4069 Pastorn kommer, men stöter i mot¬
1748 4045 2555 4124 gá i detalj med alla de olika rollerna,
949 4057 1752 4127 Itagningsrummet pa Bernhardi, som
1752 4100 2554 4163 sà intressant och givande detta än kun¬
941 4111 1745 4160 Iförbjuder honom att störa den döendes
