3392 4320
205 201 377 290 25
669 205 753 261 S 8
379 240 1405 299 —
659 1038 1439 1100 mal an „Judith“ erinnert — Schau¬
659 1103 1438 1163 platz: Heerlager des Cyrus — und in
666 1150 1443 1195 ihren prangenden Verswellen starke
661 1197 1434 1258 Innerlichkeit daherführt, ein eignes Er¬
662 1251 1432 1292 leben; von Steindorff erwarten wir
664 1303 1434 1352 mehr als von manchen seiner literari¬
656 1342 1435 1404 schen Verwandten (wie Raff und Kyser).
660 1392 1433 1453 Tim Kleins Künstlerdrama aus dem
658 1445 1428 1488 nürnbergischen Mittelalter „Veit Stoß“
665 1495 1442 1552 vermochte nicht den theatralischen Er¬
663 1545 1434 1590 folg auf die Dauer zu erringen; aber
662 1587 1427 1645 beim Lesen zeigt sich doch, daß hier
665 1640 1437 1697 menschliche Tiefe und künstlerisches Wol¬
650 1693 1443 1751 len ernster Art sich, einstweilen noch
664 1740 1441 1799 etwas ungeschickt, mit den Anforderun¬
658 1784 1433 1839 gen des Theaters abzufinden sucht. Wie
662 1832 1434 1892 die Zeit des Lebens auf dem Vulkan,
655 1893 1436 1946 vor der großen Revolution, zu fassen
663 1930 1438 1994 ist, zeigt Wilhelm v. Scholzens
662 1982 1440 2045 reifes und bühnensicheres Werk „Ge¬
663 2033 1438 2088 fährliche Liebe“, das die sozial unge¬
655 2078 1432 2144 bundnen Leidenschaftspiele der stark an¬
659 2133 1436 2177 gelegten Vertreter der ancien-régime-Ge¬
665 2179 1441 2237 sellschaft glänzend charakterisiert und Er¬
662 2231 1431 2279 scheinungen des erotischen Lebens in
664 2273 1426 2339 feinster Verfeinertheit offenbar macht,
726 2328 1437 2396 seit Jensens „Nirwana“, die erste
657 2368 1439 2438 Dichtung aus dem Geiste jener Zeit.
663 2426 1431 2487 Gerhart Hauptmanns „Festspiel“
658 2479 1434 2539 zur Feier der Erhebung 1813 ward
656 2517 1437 2568 endlos umsteitten; man wird wohl
661 2566 1431 2634 auf die Dauer weder die sprachlichen
652 2616 1434 2675 noch die großen stilistischen Schwächen
658 2676 1433 2725 des Stückes, noch weniger aber seine
651 2723 1430 2775 leidenschaftliche Innerlichkeit, seinen echt
655 2771 1426 2821 patriotischen Freimut verkennen können.
662 2823 1418 2882 W. Lutzens Drama „Andreas Hofer“
663 2878 1436 2929 möchte unter starker szenischer Spannung
661 2917 1428 2970 aus der groß angelegten Gestalt ihre
664 2958 1427 3012 innerste Tragik herausheben; dies Werk
662 3012 1427 3071 hat viel dichterische Züge, und ein be¬
652 3066 1429 3119 merkenswertes Theatergeschick hat daran
652 3115 1429 3169 mit gearbeitet, so daß es seinen Platz sich
653 3161 1431 3215 bald erobern wird. — Carl Haupt¬
659 3214 1439 3268 manns schönes „Altes Märchen“ „Die
657 3268 1425 3322 armseligen Besenbinder“ ist an dieser
650 3303 1402 3371 Stelle eben erst besprochen worden. —
657 3356 1438 3406 H. Schnabels kräftiger, leidenschaft¬
650 3410 1433 3472 licher Akt „Die Wiederkehr“ sei als
649 3460 1429 3504 ernsthafter Versuch, die dramatische Kraft
644 3502 1428 3567 der Saga und die ungebrochne Mannes¬
1554 178 2012 267 box 3177
1467 1053 2247 1132 art ihrer Helden dem Drama zu ge¬
1463 1112 2103 1167 winnen, wenigstens genannt. —
1509 1158 2243 1220 Bevorzugt vor dem ernsten Drama ist
1459 1204 2235 1257 heute vielfach die Komödie, deren Durch¬
1461 1258 2237 1306 schnitt indessen gewiß nicht höher liegt.
1470 1305 2238 1367 Wir wissen hier nur wenige Werke zu
1459 1357 2248 1417 nennen, die auf dichterischen Wert An¬
1461 1399 2232 1459 spruch machen, vor allem Eulenbergs
1459 1451 2243 1513 meist versifizierte „Ernste Schwänke“.
1456 1504 2236 1564 deren Manier zwischen Sachs und den
1458 1554 2236 1607 Biedermeierdichtern schwankt, deren
1455 1601 2240 1649 Thema kleine und größere Schwächen
1458 1650 2234 1713 unserer Zeit, deren dichterisches Me¬
1459 1699 2236 1759 dium ein heller, witziger Humor, deren
1465 1744 2232 1807 Mittel eine bewegliche Sprache und ge¬
1468 1797 2243 1860 schickter leichter Szenenbau sind. Wir
1459 1842 2228 1891 hätten ihnen einen starken Erfolg ge¬
1459 1888 2241 1960 wünscht. E. v. Wolzogens schwank¬
1458 1944 2229 2008 haftes Spiel in fünf Aktussen „Eine
1456 1995 2234 2054 fürstliche Mauschelle“, führt eine recht
1456 2046 2226 2085 derbe Sprache, sein Reiz liegt in man¬
1455 2102 2228 2145 cherlei unerhörten Auftritten, aber im
1461 2145 2233 2188 Kern mehr als einer Gestalt steckt auch
1448 2184 2232 2252 hier dichterisch geschautes, kräftiges Men¬
1455 2237 2232 2296 schentum; das lustige, keck und sicher
1462 2290 2237 2351 gebaute Stück lohnt die Aufmerksamkeit
1455 2332 2227 2395 der Theaterleiter. Ein modernes Lust¬
1453 2385 2234 2447 spiel, ganz auf erotische Motive gebaut
1452 2433 2234 2497 und doch fein und überlegen — dies
1459 2484 2239 2544 Kunststück hat Korfiz Holm mit sei¬
1456 2532 2219 2597 nem Dreiakter „Marys großes Herz“
1459 2581 2234 2641 fertiggebracht, der den rechtzeitigen tap¬
1453 2628 2234 2691 feren Verzicht einer alternden schönen
1458 2675 2237 2738 und an Erfahrungen der Liebe über¬
1458 2731 2238 2792 reichen Frau mit schelmischer Wehmut
1458 2787 2230 2834 gestaltet; dies Werk ist wirklich einmal
1451 2835 2227 2891 nicht nur der „Schlager“ einer Sai¬
1451 2867 2197 2936 son, wenn es auch ein Schlager war.
1458 2926 2183 2967 Asch, Der Bund der Schwachen (S. Fischer, B.) 3.-
1453 2965 2237 2998 Eulenberg, Ernste Schwänke (K. Wolff, L.) .. 3.50
2135 2991 2220 3032 3.50
1488 2992 1705 3031 Zeitwende
2135 3024 2221 3059 3.50
1459 3003 2132 3062 Hauptmann, Carl, Die lange Jule (K. Wolff, L.)
1495 3052 1898 3091 D. armseligen Besenbinder
1504 3068 2153 3128 Gerhart, Festspiel in deutschen Reimen
1519 3108 1803 3151 (S. Fischer, B.)
1459 3120 2198 3188 Holm, Marys großes Herz (A. Langen, M.) . 3.—
2131 3169 2227 3208 2.50
1458 3171 2056 3210 Holz, Ignorabimus (C. Reißner, Dr.)
1451 3197 2151 3245 Klein, Tim, Veit Stoß (G. Müller, M.)
1457 3226 2233 3259 Lutz, Andreas Hofer. (Lese=Verl.) 2.80
1450 3256 2094 3295 Paquet, Limo (Lit. Anst. Rütten & L.)
1460 3285 2237 3315 Schnabel, Die Wiederkehr (M. Mörike. M.) geh. 2.—
1454 3317 2148 3369 Schnitzler, Professor Bernhardi (S. Fischer, B.)
2050 3341 2215 3390 geh. 3.—
1457 3368 2217 3401 Scholz, Gefährliche Liebe (Müller) . . . geh. 3.—
1457 3404 2230 3465 Steindorff, Panthea (E. Reiß, B.) . . . geh. 2,50
1453 3434 2138 3480 Wildgans, In Ewigkeit, amen (L. Staack¬
1518 3462 1698 3502 mann, L.)
2050 3449 2244 3512 geh./1.—
1450 3475 2139 3538 v. Wolzogen, Eine fürstliche Maulschelle (F. Fon¬
1515 3523 1717 3567 tane & Co.)
2044 3518 2209 3594 gehl 2.—
2052 3609 2166 3667 405
2218 4027 2471 4103 hmgech
