3436 4320
760 145 860 219 0S
1044 157 1108 220 B
1693 147 2095 246 box 30/1
317 142 1521 270 25. Profsonernhandi
1014 723 1901 845 Ausschnitt aus: Per Tag, Borhie
1017 826 1574 924 vom: 6L0E2.1912
1294 983 1904 1126 1 Verlag
2410 2970 2522 3022 Becker
898 2956 2566 3074 Aus der neuen Komödie „Professor Bernhardi“ von Artur-Schnitzler
2436 3007 2498 3044 Maat
892 3044 2561 3137 „Professor Bernhardi“, das neueste fünsaktige Werk Artur Schnitzlers ist im Berliner Kleinen
885 3084 2552 3163 Theater zur Erstaufführung gelangt und wurde in Nr. 281 des „Tag's“ bereits durch Julius
871 3132 2576 3222 Hart kritisch gewürdigt. Auf unserer Aufnahme sieht man zwei der Hauptdarsteller, die
873 3183 2557 3248 Herren Bruno Decarli (rechts) und Max Landa (links). Decarli spielte den Helden des
883 3212 2566 3271 Stückes, jenen Krankenhausdirektor Professor Bernhardi, der am Sterbebette eines Patienten
872 3263 2570 3347 mit einem Priester in einen schweren Konflikt gerät. Herr Landa gab den Minister für
867 3302 2580 3407 Kultus und Unterricht, eine von echt Schnitzlerscher Ironie durchleuchtete Figur, die viel zu
1390 3346 2033 3423 der Wirkung des Stückes beiträgt.
1858 3440 2375 3543 . Suneht uSmanseee aan
