3392 4256
767 73 853 124 S S
1002 68 1081 129 B
285 46 1487 172 25. Profe.
1646 74 2079 148 box 31/1
2190 130 3233 245 bessse MtlcsAe Nineeto
3015 222 3261 328 TOehgenn
2175 223 2624 326 o 7#
2740 252 3150 371 Stbeuhnon
2424 367 3070 468 Scenisk Samfunds
2488 465 2957 575 ferste Aften.
2295 536 2529 620 Arthur Se
2655 577 3150 651 r: Professor Barnhardi.
2306 610 3180 712 Der Diev on Mlls Ferste-Alten 1 „Sce¬
2261 685 3182 770 nisk Samfund“s Forsegsteater, Klokken
2262 739 3188 827 12¾ faldt den sidste — matte — Replik.
2255 793 2783 873 Da var Publikum treet.
2292 858 3185 936 Det var nu ikke den eneste Grund til, at
2254 911 3194 997 Stemningen stod under Tilfredshed.
2257 959 3191 1046 Teatret var meget nydeligt, med stribet
2258 1017 3188 1114 Forhaeng, Blomster-Rampe og moderne
2252 1069 3170 1155 Ovenlys. Men den bagerste Halvdel af
2244 1138 3177 1211 Publikum saa kun Skuespillernes Hove¬
2235 1194 3186 1271 der, og det mangelfulde Teatermaskineri
2248 1245 3170 1315 gav frygtelige Mellemakter. Det var utvivi¬
2239 1302 3172 1373 somt et interessant Skuespil — som kun
2241 1359 3159 1422 slet ikke egnede sig for en saa lest sam¬
2239 1412 3168 1481 mensat Trup. Der var fire forhenverende
2238 1455 3170 1551 Teaterdirekterer med Dr. Mantzius i
2235 1517 3157 1585 Spidsen; han hyldedes med Blomsterregn.
2229 1572 3168 1641 Hvor stor en Glade det end var at gense
2220 1631 3166 1699 ham, blev der ingen rigtig Baggrund for
2217 1668 2524 1741 hans Kunst.
2272 1717 3166 1824 Det begyndte med en overfledig Prolog,
2214 1794 3150 1887 amartormessigt fremsagt af Hr. Moritz,
2220 1858 3141 1932 som ikke egner sig for det deklamatoriske.
2213 1896 3143 1990 Prologen handlede bl. a. om Kamp, Staal
2214 1965 3144 2033 og Sammenslutning i Enighed samt Vel
2213 2027 3138 2100 og Smerte. Det var scenisk Samfund, der
2223 2059 3143 2157 taltes om. Farligt gamle Prolog-Clicheer
2210 2136 3139 2208 at benytte nu, da Ordene uvilkaarlig har
2218 2180 2916 2266 faaet en helt anden Betydning.
2259 2229 3195 2329 Selve „Professor Bernhardi“, der hand¬
2206 2300 3222 2376 ler om Katolicisme og Antisemitisme, ved¬#
2216 2352 3140 2454 kommer os jo ikke sterkt. I Stockholm,
2213 2409 3131 2491 hvor det blev en kunstnerisk Sukces, gik
2214 2468 3134 2555 det fem-seks Gange, Folk forlanger Skue¬
2213 2530 3130 2603 spil, der angaar deres eget Liv, deres egne
2198 2587 3128 2659 Hjerter. Her blev dette snart fint, snart
2195 2642 3133 2740 skarpt dialektiske Skuespil, der er Tale
2204 2700 3197 2789 og atter Tale, kun undtagelsesvis Hand¬8##
2201 2751 3207 2836 ling, pillet itu af en usammenspillet Skare
2191 2800 3184 2890 med enkelte interesserende Momenter ogj#
2192 2865 3183 2946 iovrigt Dilettantisme. Med al Velvillie nyt-1e“.
2199 2913 2868 2992 ter det ikke at paastaa andet.
2221 2979 3191 3058 Dr. Mantzius spillede Professorige
2178 3023 3112 3113 Bernhardi, den store Laege, som nagter
2175 3092 3107 3164 en Praest Adgang til en deende ung Kvinde,
2179 3128 3093 3218 fordi hans Tilstedekomst kun vil forbitre
3090 3168 3130 3203 3
2182 3188 3091 3278 hendes sidste lykkelige Stund med De¬
2172 3260 3104 3332 dens Redsel. Der kan veere meget delte
2165 3294 3098 3362 Meninger om Berettigelsen af hans Hand¬
2167 3359 3098 3442 ling, men det er en fengslende Profil
2167 3407 3096 3500 denne Menneskeven, som jages og feldes,
2171 3465 3101 3552 fordi han er Jede, og fordi han ikke vil
2164 3524 3090 3605 affinde sig med det Hyklerkompagni, der!
2164 3579 3090 3661 angiver ham. Der er utvivisomt mere
2159 3622 3084 3735 Varme i Schnitzlers Lage, end Dr. Mant¬
2151 3690 3084 3760 zius lod sig merke med. Han kunde for
2149 3730 3077 3821 Resten have veret alt andet end Lage.
2153 3787 3083 3880 Men Bernhardis Klogskab, hans myndige
2149 3841 3081 3935 Skarphed, hans personlige Overlegenhed!
2151 3901 3073 3993 var der glimrende, Hvornaar genser vi
2149 3966 3063 4029 altsaa Dr. Mantzius paa Det kgl. Teater,
3064 3974 3160 4071 81
2148 4004 2926 4071 til hvis faste Stab han io doc herer
3169 3033 3224 3119 5
