3344 4320
1627 200 2092 303 box 30/4
269 188 1489 312 25. ProfessBehandi
2612 660 2964 754 3. Mai 1913.
1193 683 1669 768 MeibnR.
866 800 3011 859 Aussig. Am 28. April nachm. fand in Wit= pfarrten Gemeinden, der kathol. Volksverein, Veterauen¬
146 804 784 878 itmeritz zur Vorlesung bringen.
760 842 3003 909 tal bei Großpriesen das 7 Jahre alte Töchterchen und Feuerwehrverein. Nach der Begrüßung bei der
147 862 768 940 ft hat erfreulicher Wesse die
1897 884 3017 957 Ehrenpforte stellte sich der Festzug auf und geleitete
774 895 1892 962 Paula des dort wohnhaften Arbeiters Renner einen
155 898 763 997 e folgenben Gründes: „Dem
1891 946 3002 996 unter feierlichem Glockengeläute und festlichen Musik¬
773 944 1880 1003 tragischen Tod. Beim Ueberqueren der Straße wurde
264 954 768 1024 J. um die Bewilligung
1890 986 3004 1059 klängen den geliebten Oberhirten zur Kirche. Es war
771 995 1877 1055 das Kind von einem mit Holz beladenen Wagen er¬
154 1009 764 1079 sung des dramatischen Werkes
1894 1040 3014 1091 ein herrlicher Anblick an die schön geordneter Reihen
769 1045 1889 1106 faßt und zu Boden geschleudert. Das eine Pferd trat
156 1052 760 1115 von Artur Schnitzler durch
1887 1090 3012 1148 der Schulkinder, mit dem Kreuze an der Spitze, an
778 1092 1884 1149 dem Mädchen mit den Hufen auf die Brust, dieses lam
153 1106 761 1173 lied des kgl. deutschen Landes¬
1890 1136 3010 1191 die stramm einhermarschierenden Feuerwehrmänner und
774 1149 1889 1208 hiebei unter den Wagen, wurde überfahren, wodurch
150 1165 774 1221 olgenden Gründen nicht willfahrt
1890 1192 3015 1256 Veteranen. Dann folgte Herr Bischof, umringt von
785 1187 1893 1259 es derartige Verletzungen erlitt, daß es sofort tot
150 1205 765 1263 enken, die gegen die Vorlesung des
1894 1234 3013 1293 sechs welßgekleideten Schulmädchen, die einen Reisig¬
934 1234 1896 1296 Am 28. April nachmittags ging der Wirt¬
776 1252 907 1305 war.
158 1252 773 1332 der Wahrung religiöser Ge¬
1892 1289 3015 1345 kranz trugen. Man sah es ihren freudig strahlenden
780 1289 1862 1351 schaftsbesitzer Hermann Kohlschütter in Wolf¬
153 1304 771 1360 hrliegend, durch Striche oder
1899 1339 3005 1393 Angen an, daß sie sich des Ehrenrechtes vollauf bewußt
775 1332 1890 1404 schlingen mit seinen drei Kindern im Alter
160 1350 770 1408 r Textstellen immerhin beseitigt
1898 1387 3017 1448 waren, daß sie vor allen anderen Festgästen ihren
778 1380 1885 1447 von 2 bis 6 Jahren im Walde spazieren. Während
151 1406 769 1471 lt doch das Bühnenwerk in
1899 1431 3024 1488 Bischof begleiten durften. (Wenn wir recht gehört haben,
778 1438 1888 1507 sich nan der Vater mit dem Jüngsten und Aeltesten
142 1446 771 1521 Aufbau durch das Zusammen¬
1893 1490 3013 1542 so hat unsere Frau Oberlehrer diese Mädchenkorona
788 1484 1886 1551 spielte, entfernte sich das über drei Jahre alte Mädchen
147 1499 771 1564 ug unseres öffentlichen Lebens
1896 1532 3013 1588 arrangiert.) Das hl. Sakrament der Firmung empfingen
785 1535 1891 1602 unauffällig und konnte bis zur Stunde nicht aufge¬
148 1554 774 1613 kreichische staatliche Einrichtun¬
1899 1585 3033 1641 126 männl. und 140 weibliche Firmlinge, die Prüsung.—
777 1585 1891 1649 funden werden, trotzdem 50 bis 60 Personen die ganze
140 1596 767 1662 stellung hierländischer Zustände
1898 1634 3012 1682 fand in der 2. Klasse in der Schule statt. Die wackeren
782 1634 1891 1700 Nacht hindurch und im Laufe des Tages die Wälder
157 1652 764 1705 Weise dar, daß seine öffent¬
1899 1681 3016 1745 Veteranen und Feuerwehrmänner leßen es sich nicht
1224 1694 1884 1748 Am 28. April nachmittags ge¬
781 1696 1237 1753 durchsucht haben. —
151 1695 767 1756 der zu wahrenden öffentlichen
1891 1726 3016 1790 nehmen, den Herrn Bischof von der Schule zur Pfarrei
774 1728 1892 1787 rieten mehrere Pfosten der unteren Bedielung der hie¬
160 1743 519 1843 n werden kann“.
1895 1780 3015 1850 das Ehengeleite unter ihrer stets bewährten Vereinskapelle
775 1793 1895 1843 wsigen Elbebrücke auf bisher noch unbekannte Weise in
152 1787 773 1872 ehit hialt Herr 2. Jintischta
1900 1824 3023 1915 zu geben. Lange werden Jung und Alt an diesen herr¬
789 1830 1887 1889 Brand. Das Feuer wurde jedoch von einem Sicher¬
154 1858 772 1931 den kath. Gesellenverein einen
1901 1879 2311 1958 lichen Tag denken.
778 1882 1893 1937 heitswachmanne bemerkt und mit Hilfe einer größeren
146 1906 768 1980 rag über das Elbe¬
781 1936 1890 1997 Zahl Passanten gelöscht, bevor es noch größere Dimen¬
161 1962 774 2031 Lindner ergriff das Wort und
1990 1939 3016 2022 Kosel bei Laun. Am Sonntag, den 27. April
795 1986 1893 2047 sionen angenommen hatte. — Am 29. April erschien
155 2008 774 2067 schienen Gäste und Mitglieder
1905 2014 3011 2074 fand hier die hl. Firmung statt. Unser Pfarrsprengel
781 2029 1888 2083 eine Abordnung der hiesigen Gassenkehrer beim Bür¬
150 2059 774 2123 ähnte, daß alle Anwesenden
1900 2070 3015 2112 ist die erste deutsche Pfarrgemeinde, die der hochwür¬
795 2074 1887 2142 germeister unds bat um Erhöhung des Taglohnes von
191 2105 779 2178 Reise durchs Elbtal ohne
1903 2113 3026 2171 digste Herr Bischof auf seiner Firmungsweise in dem
793 2133 1896 2186 2 K 40 h auf 2 K 80 h. Die Deputation erklärte,
140 2151 781 2218 und die Schönheit ihrer Heimat
1900 2167 3017 2232 gemischtsprachigen Libochowstzer Vikariatsbezirke besucht
781 2172 1895 2238 daß die Gassenkehrer, falls ihrem Ansuchen nicht will¬
151 2209 781 2255 hf sang Fräulein Schuck das
1899 2213 3013 2269 hat. Der Empfang des hochwürdigsten Oberhirten war
793 2221 1888 2286 fahrt wirde, an den Samstagen nachmittags und am
141 2255 782 2315 dich, herrlicher Elbestraud“ als
1894 2262 3028 2323 ebenso felerlich und herzlich, wie in den vorangehenden
783 2272 1892 2350 Sonntag von der Gassenreinigung Abstand nehmen
144 2302 770 2358 rauf trat Herr P. Jenatschka
1905 2312 3025 2370 böhmischen Pfarreien. Das katholische Volk beider
783 2320 983 2396 würden.
141 2349 770 2419 ervor. Es war ein genußreicher
1897 2354 3014 2416 Nationalitäten hat eben durch die freudige Aufnahme
875 2364 1892 2439 Türmitz. Wie bekannt, wurde am 4. Feber d. J.
148 2394 785 2466 Bischofs= Musen= und zuletzt
1901 2405 3015 2483 seines Bischofes seiner innersten Ueberzeugung Ausdruck
787 2433 1890 2502 die 40jährige Berginannsgattin Wilhelmine Landovsly
175 2427 774 2513 uns stromabwärts in zirka
1894 2454 3016 2532 verliehen, daß nur die katholische Kirche, deren hohen
786 2482 1892 2548 in der Nähe der Drahlbundkistenfabrik anscheinend
174 2498 781 2558 Der Amateurenphotograf hat
1904 2501 3021 2572 Würdenträger alle sonstigen Gegensätze zu überbrücken
784 2543 1890 2593 ermordet und beraubt aufgefunden. Der Verdacht der
152 2544 781 2619 sten Partien des Elbtals mit
1895 2555 3023 2624 vermag. Bei der Kirche wurde der Herr Bischof von
794 2590 1886 2643 Täterschaft richtete sich gegen den 49jährigen vazierenden
168 2592 775 2666 fesizunageln und uns die
1898 2609 3018 2665 unserem Bürgermeister im Namen der zu unserer
792 2638 1890 2698 Fleischhauergehilfen Josef Znojemsky, der im Zwickauer
150 2633 784 2699 t so naturgetren vorzuführen,
1902 2645 3019 2714 Katastralgemeinde gehörigen Ortsgemeinden begrüßt,
793 2682 1899 2749 Krankenhause ausgeforscht und dem Kreisgerichte in
144 2692 781 2761 rwald versetzt, bald in die
1900 2697 3017 2772 sowie vom gräfl. Domänendirektor als Patronats¬
782 2732 1893 2801 Leitmeritz eingeliefert wurde. Wie nun gemeldet wird,
160 2741 775 2813 oder einer Goldwäscherei am
1905 2750 3016 2805 kommissär. Der Veteranenverein mit der Fahne, sowie
793 2781 1891 2840 mußte die Untersuchung wegen Raubmordes schon nach
139 2796 771 2853 n Sees versetzt glaubte. Ja er
1906 2802 3012 2859 der Feuerwehrverein bildete vor der Kirche Spalier und
786 2842 1895 2890 kurzer Zeit wegen Mangels an Beweisen eingestellt
143 2836 783 2902 hner selbst ins 13. Jahrhundert
1904 2851 3021 2902 bewillkommnete den Kirchenfürsten aufs freundlichste.
793 2878 1894 2947 werden. Znojemsky wurde dem Leitmeritzer Bezirks¬
139 2886 785 2956 dvom Schreckenstein, wo deutsche
1907 2888 3021 2954 Nach Begrüßung durch den Ortsseelsorger las Herr
782 2927 1894 2997 gerichte überstellt und wegen Landstreicherei zu drei¬
137 2935 783 2996 achen vorbei segelten. Eingehend
1902 2940 3017 3005 Bischof die hl. Messe und spendete 164 Firmlingen das
782 2977 1891 3044 monatlichem Arrest verurteilt. Der Tod der Frau
136 2994 774 3050 r Schreiber, um nicht lästig zu
1895 2996 3029 3057 hl. Sakrament der Firmung. Für die Pfarrgemeinde
786 3020 1806 3091 Landovsky bleibt nach wie vor in Dunkel gehüllt.
129 3032 783 3092 r: Die Anlagen der Schützen¬
1909 3048 3029 3102 bleibt der Firmungstag als ein Ehren= und Freudentag.
142 3093 788 3149 Porta Bohemika, das Dubitzer¬
1898 3101 2542 3180 in stets dankbarer Erinnerung.
882 3099 1893 3155 Luschitz bei Bilin. Bei uns traf der Herr
149 3134 776 3199 ichtung, der böhm. Trannstein
780 3140 1906 3215 Bischof am Montag früh ein. Der Empfang gestaltete
1984 3162 3015 3255 Das Flußregulierungsprogramm. Der Pro¬
144 3177 773 3247 sek wo der goldene Sohn der
788 3199 1905 3266 sich zu einer großartigen Kundgebung der Verehrung
139 3235 777 3300 e Kuhwäsche, die Uebersiedelung
1906 3227 3017 3302 grammsentwurf für die zweite Bauperiode der Fluß¬
785 3235 1891 3315 und Anhänglichkeit an den hochwürdigsten Oberhirten.
139 3285 774 3344 ettler, der dem Amateuren nicht
1896 3279 3027 3334 regulierungsaktion sieht u. a. die Errichtung einer
787 3300 1901 3360 Bei der Ehrenpforte erwartete den Herrn Bischof unser
143 3338 786 3386 nachte, da er wahrscheinlich das
1902 3332 3027 3389 Talsperre im Polzengebiete bei
790 3345 1902 3408 hoher Patronatsherr, Seine Durchlaucht Fürst Lobko¬
1908 3374 3025 3441 Wesseln um 1,110.000 K und die Regulierung
159 3381 777 3455 Rohre stand. Auch bekannte
790 3397 1890 3456 witz, Herr Domänendirektor mit Herrn Rentmeister als
1897 3430 3028 3488 des Kamnitzbaches bei Herrnskretschen
152 3430 775 3502 B. bei der Goldwäscherei iden
785 3438 1891 3519 Vertreter des Patronatsamtes, die Vorsteher der einge¬
1904 3474 3021 3535 um 220.000 K vor. Das Flußregulierungsprogramm
147 3474 788 3547 recker u. s. w. Das schönste
1906 3528 3034 3607 weist wieder eine starke Verkürzung des deutschen Ge¬
142 3524 791 3593 Abend am Hafen“ brachte dem
146 3582 780 3652 ur Heimat den 1. Preis. Eine
1896 3581 2617 3662 bietes zugunsten der Tschechen auf.
138 3627 789 3691 die 3jährige Ausdauer seines
2000 3635 3026 3724 Birkigt, 27. April. Fürdie Falken¬
151 3681 791 3744 emit der Schönheit ihrer Heimat
877 3600 1699 3757 Ein gutes Frühstück
1894 3728 3028 3774 dorfer Abbrändler. Um auch ihr Scherflein
150 3724 790 3790 Jenatschka vollführte trotz vieler
1906 3763 3023 3823 für hartbetroffene Abbrändler in Falkendorf beizutragen,
140 3775 797 3833 gen, was Pfarrer Fischer begonnen
1910 3814 3019 3885 hat die Leitung der zur Zeit hier weilenden Theater¬
140 3827 797 3887 die Aufgabe stellte, den heimat¬
1037 3812 1842 3916 ein sröhlicher Eug
1907 3874 3021 3929 gesellschaft Horwitz beschlossen, am Dienstag zu deren
148 3878 797 3934 n herrliche Umgebung der Reihe
1923 3914 3029 3975 Gunsten das Kriegsbild „Die Wacht am Rhein“ auf¬
838 3900 1846 3981 Nur das Beste ist für unsere Fami¬
142 3925 791 3986 hat seine Aufgabe gelöst. Also
1914 3969 3034 4024 zuführen. Dieses Stück, das schon wegen des deutsch¬
141 3961 795 4030 die immer wieder als rückschrittlich
835 3972 1847 4058 lien gut genug. Verwenden Sie im
1917 4021 3037 4078 französischen Krieges ein reges Interesse erweckt und
138 4022 798 4074 Jenatschka hielt bereits 8 Vor¬
1917 4061 3026 4134 reich an trefflichen Szenen ist, wird sicher nicht verfehlen,
837 4041 1851 4135 eigenen Interesse als Kaffee=Zusatz
168 4071 802 4151 welcher stets begeisterten An¬
1741 4108 1827 4150 —
1919 4113 2681 4152 „„L. Ochävarschaft u weveieinen
