3344 4224
697 125 790 192 fe
1675 139 2105 223 box 30/3
308 126 1521 219 25. ProssorBernhandi
201 1116 755 1255 forter Zeitung
934 1457 2043 1516 nung und ursprünglichen Menschentums gegen gewissenloses
929 1499 2045 1540 Strebertum der Fachgenossen, gegen unsinniges Ueberspannen
187 1500 637 1583 neue Schnitzler.
931 1541 2047 1589 vor Einzelfällen zu typischen Vorkommnissen (was die Oeffent¬
924 1575 2051 1630 lichkeit so sehr liebt), gegen „Gesinnungstüchtigkeit" und Jesui¬
203 1572 832 1656 nhardl', Komodie in 5 Akten.
933 1613 2049 1669 tismus. Und durch die Fülle der feinen Einzelzüge, durch die
936 1635 2051 1699 lebendige Charakterisierung des Milieus und der Personen
202 1647 808 1733 im Frankfurter Neuen Theater,
933 1694 2048 1732 (mit spitzem Pinsel, doch nie photographisch sondern immer
198 1702 469 1775 am 22. März.
929 1729 2046 1785 das Wesentliche heraushebend), durch die künstlerische Reser¬
925 1767 2044 1808 viertheit und Vornehmheit, mit der die innere Anteilnahme
195 1765 897 1812 ntleman der Gesinnung. Unanständig¬
920 1807 2051 1848 des Dichters (seine Stellung zum Judentum, zur Kirche, zum
195 1809 900 1861 rgert ihn. Er hat außerdem den Blick
932 1845 2041 1894 Kliquenwesen in Gelehrtenkreisen, zur Journalistik, zur Par¬
199 1847 901 1908 in für die Lächerlichkeit alles Kleinen.
927 1888 2042 1944 teimoral) angedeutet wird, durch die leichte satirische Färbung,
198 1886 897 1933 sind die echten Komödiendichter zusam¬
933 1926 2042 1977 mit der alles Peinliche den Schein poetischer Gerechtigkeit er¬
192 1927 897 1968 ußerdem — Jude, allerdings, aber was
933 1953 2046 2004 hält, durch alle diese Vorzüge wäre „Professor Bernhardi“
193 1964 911 2018 Wesentlichere, er ist Wiener; er hat da¬
929 1993 2043 2053 mehr als ein fesselndes, anregendes, geistreiches Theaterstück
198 2007 903 2046 wo ihm seine Entrüstung, nein sein
928 2041 2048 2102 geworden, wenn nicht der fünfte Akt folgendes Gespräch ent¬
196 2040 804 2097 pnimt. Augenblicke, in denen er
824 2045 895 2107 sich
931 2075 1045 2125 hielt:
198 2077 339 2129 rklich?“
979 2113 2046 2152 „Hofrat: Denn zum Reformator sind Sie ja wahr¬
199 2107 906 2175 en; seiner Ueberzeugung und seiner
970 2154 2050 2212 scheinlich nicht geboren. Bernhardi: Reformator —?
202 2157 900 2217 sein satirischer Geist hin und her. Das
956 2191 1963 2246 Aber ich bitte Sie —. Hofrat: So wenig wie ich
194 2199 900 2241 en Kunstformen, es ergibt Tragödien,
960 2230 2048 2278 Das dürfte wohl daran liegen, daß wir uns doch innerlich
208 2229 895 2297 sind, und umgekehrt. Vor allem aber,
782 2270 816 2303 □
959 2271 2048 2316 nicht bereit fühlen, bis in die letzten Konsequenzen zu gehen
198 2264 895 2321 nsequenzen“. Dieser Mangel an Ten¬
1022 2314 2047 2365 und eventuell selbst unser Leben einzusetzen für unsere
205 2308 904 2362 lichter eine Schwäche) ist des Künst¬
961 2335 1249 2397 Ueberzeugung —
194 2348 906 2416 unserer wurzellosen Zeit vielleicht auch
991 2367 2034 2437 Und dieser Hofrat hat das letzte Wort. Der skeptische Geist
920 2415 2046 2478 einer müden Zeit welt durch diesen letzten Akt. Und er wirft
206 2396 908 2476 einen Intellekt, der die an sich harte
186 2465 901 2510 ns mit einer sonst nur bei Gefühls¬
932 2462 2044 2502 einen alle Lichter dämpfenden Schatten rückwärts auf das
936 2502 2042 2549 ganze Werk. Ein Geist, der nichts me## beweisen will, der
192 2503 902 2552 ren Sensibililät behandelt, so hat man
932 2544 2039 2596 nicht einmal mehr Anti= und Sympathien kennt, der nichts
199 2546 901 2608 zungen, aus dem Schnitzlers „Professor
196 2574 244 2619 ist.
921 2574 2042 2622 wagt und alles versteht, der frivol genannt werden könnte,
933 2617 2051 2653 wenn er nicht selbst dazu zu wenig aggressiv wäre. Aber
208 2610 898 2667 schon mitgeteilte Fabel läßt sich schnell
915 2644 2048 2695 dennoch eben ein Geist. Einer, der drei und eine halbe Stunde
201 2654 904 2700 großen Spital liegt eine Kranke im
922 2690 2043 2739 gescheite Dinge sagen kann, einer, der trotz des Mangels an
189 2696 902 2751 em Schicksal ahnend. Die Schwester läßt
924 2724 2043 2769 fortreißendem Temperament immer zu fesseln versteht, der
189 2732 901 2794 ter holen. Der behandelnde Arzt, zu¬
939 2767 2053 2823 Geist eines Mannes, der klug ist wie die Schlange und ohne
178 2768 903 2827 #uts, will die Sterbende nicht der gnädi¬
935 2802 1339 2865 Falsch wie die Taube.
185 2807 895 2868 n und sucht den Priester zu verhindern,
186 2846 897 2898 alvolle Gewißheit zu geben. Die Aus¬
182 2890 900 2943 r wird unterbrochen. Schon die Mit¬
974 2880 2047 2945 Die Aufführung (Regie: Herr Hellmer) hielt sich an den
212 2916 896 2968 Dieners der Kirche hat der Kranken
929 2916 2047 2979 Titel Komödie. Sie war zu sehr auf den Lustspielton gestellt, sie
1527 2976 1588 3003 #
189 2962 896 3014 d zugleich geschlossen. Aus diesem an
932 2974 2054 3030 verwechselte manchmal Komik und Jronie. Aber sie war in den
1614 3014 1672 3045 Apis
1501 3010 1534 3043 .
1406 3013 1484 3043 vfont
188 3004 897 3049 sollen Vorfall wird eine Affäre. Der
929 3017 2057 3068 ersten drei Akten von anzuerennender Frische und Natürlichkeit
195 3044 898 3099 ens der Religionsstörung öffentlich be¬
927 3048 2047 3105 des Dialogs. In den beiden letzten Akten wurde das Tempo
194 3075 903 3133 teihader greift den zu einer gewalt¬
923 3091 2056 3144 etwas schleppend, wodurch die offenkundigen Schwächen
188 3121 899 3175 er Sakramentserteilung aufgebauschten
931 3130 2059 3189 gerade dieser letzten Akte noch unterstrichen wurden. Es muß
180 3164 894 3217 lenes politisches Objekt auf. Es kommt zu
924 3170 2050 3225 allerdings zugegeben werden, daß die Schwierigkeiten einer
192 3195 894 3246 Arzt, der schon vorher durch die Miß¬
926 3206 2052 3260 Aufführung dieses Werkes nicht gering sind. Außer einer
199 3231 904 3276 gezwungen wird, von seinem Posten
931 3240 2061 3294 Episodenrolle keine weibliche Rolle, keine Liebhaber, keine
203 3277 826 3323 für zwei Monate ins Gefängnis.
927 3277 2061 3352 schwärmerischen Ergüsse, nur kühle oder weniger kühle, aber
201 3305 894 3360 der ersten vier Akte, und würde das
934 3322 2054 3373 immer sachliche Ausemandersetzungen zwischen Männern,
195 3349 896 3406 bürde es ein bürgerliches Schauspiel sein,
926 3357 2057 3397 zwischen ungefähr zwanzig Männern, von denen ein Teil als
197 3387 907 3443 el vom Unterliegen anständiger Gesin¬
918 3398 2083 3452 hervorragende Vertreter ihrer Wissenschaft gelten, andere sind !
1110 3438 1273 3526 —
2081 1468 3201 1522 kluge Diplomaten vom Regierungstische. In der Rolle der Titel¬
2081 1507 3191 1550 helden leistete Herr Senius das seiner Begabung entspre¬
2073 1547 3198 1584 chende:: charmante Art sich zu geben, geschickte Sprechtechnik
2071 1586 3204 1624 (besseres Memorieren könnte dennoch von Vorteil sein) und sym¬
2068 1618 3195 1670 pathisches Innere und Aeußere; um einen Ton weniger lie¬
2067 1659 3200 1708 benswürdig, um einen Grad männlich=reservierter hätte der
2065 1695 3199 1740 Rolle und dem Stück zum Vorteil gereicht. Ausgezeichnet wäre
2078 1735 3197 1784 Herr Schwartze (als Frondeur Ebenwald) gewesen, wenn
2069 1777 3196 1820 er nicht in der großen Sitzungsszene allzusehr outriert hätte.
2082 1812 3195 1856 Immerhin war seine Leistung wie auch die des Herrn Groß¬
2071 1855 3193 1891 mann als Kollege von der Abteilung für Nervenkranke sehr
2077 1891 3192 1940 beachtenswert. Herr Semler war schön und elegant
2068 1924 3063 1973 wie es sich für einen Frauenarzt gehört;
2077 1964 3200 2017 wurde es ihm schwer, die seinem Zivil=Lebensalter
2071 2010 3196 2052 entsprechende Jugendlichkeit mit der Würde seiner grau¬
2078 2045 3197 2094 melierten Perücke in Einklang zu bringen. Viel besser gelang
2067 2074 3198 2122 dies, von dem (beneidenswert) jungfrischen Klang seines
2076 2124 3192 2169 Organs abgesehen, Herrn Bernstein als alter 48er (Prof.
2076 2157 3186 2193 Pflugfelder). Herr Reimann chargierte zu stark, etwas
2075 2190 3200 2240 farblos war Herr Lobe. In kleineren Rollen fielen durch
2079 2233 3187 2278 ihr durchdachtes Spiel auf die Herren Blanckarts, Hille
2082 2268 3191 2323 und Graetz. Der Unterrichtsminister schien Herrn Heding
2067 2309 3191 2349 nicht zu liegen; er gab ihn nicht liebenswürdig, nicht welt¬
2077 2342 3200 2386 männisch genug. Diese ganz besonders gut gelungene Figur
2071 2384 3198 2419 muß durch den Reiz einer anmutigen Persönlichkeit den
2082 2420 3195 2463 Mangel an Intelligenz ersetzen, auch eine Art der Selbstüber¬
2067 2458 3194 2514 hebung, des Sichberauschens am eigenen Wort besitzen, die
2080 2502 3194 2552 nicht erzürnt, nur lächeln macht. Herr Hellmer gab klug
2069 2536 3200 2588 den intelligenten Hofrat, auf sein Telephon=Extempore hätte
2078 2578 3200 2611 man allerdings.gern verzichtet. Vortrefflich in der Charakteristik,
2081 2614 3192 2666 etwas zu gedehnt im Sprechen, gab Herr Kreuzer den
2076 2646 3195 2703 Pfarret. Befriedigendes leisteten die Herren Gutes,
2076 2683 3184 2730 Rainer, Spohn, Groß, Lobe und Frl. Wagner. Das
2081 2722 3181 2777 Publikum folgte den ersten drei Akten mit großem Interesse,
2078 2761 3185 2813 wovon lebhafter Beifall Kunde gab. Die beiden letzten Akte
2071 2794 3198 2857 ermüdeten etwas, jedoch hielt bis zum Schluß der Beifall an.
3013 2841 3161 2895 H. S.
