3344 4320
281 144 461 231 25
754 157 846 214 S S
1637 140 2088 237 box 31/7
468 148 1490 252 PrfeonBernhandi
1156 787 2524 845 Schnitzler hat dieses dramatische Spiegelbild des heutigen Österreich
1054 846 2528 916 eine Komödie genannt. Ein die poetischen Werte weniger behutsam wägender
1056 884 2522 941 Künstler hätte es eine Tragödie genannt. Es sagt darin gegen den Schluss
1057 931 2525 1002 eine Person, die sich in dem Wirrwar der Politik von allen den klarsten Blick
1048 975 2514 1050 bewahrt hat — an Stelle des Dichters: „Wenn man immerfort das Richtige
1055 1019 2528 1092 täte, oder vielmehr wenn man nur einmal in der Früh, so ohne sichs
1057 1059 2526 1135 weiter zu überlegen, anfing das Richtige zu tun und so in einemfort den
1057 1108 2525 1181 ganzen Tag lang das Richtige, so säße man sicher noch vorm Nachtmahl
1055 1150 2520 1225 im Kriminal.“ Das ist auch der Sinn des Stückes. Ein Urmotiv der Tra¬
1042 1195 2516 1269 gödie. Aber freilich, was im Zusammenprall ewiger, großer Konflikte eine
1050 1234 2522 1313 Tragödie ergeben würde, das wirkt in der Jämmerlichkeit der Politik und
1055 1284 2518 1359 den Niederungen der politischen Kämpfe leicht tragikomisch — oder gar
1047 1334 2507 1400 nur komisch. In diesem Sinne nennt sich das ernste, nachdenkliche Stück
1047 1372 2515 1418 mit mehr Recht eine Komödie als manch eines, in dem greifbarere Komik
1042 1413 1408 1467 herrscht als hier.
1146 1458 2499 1516 Der österreichische Zensor hat ein gutes Werk getan, als er die Auf¬
1034 1502 2509 1573 führung verbot. Und wir wollen es dem braven Manne danken, dass er für
1039 1564 2509 1616 das Stück alles getan, was er an seinem Orte dafür tun konnte. Denn
1040 1592 2510 1660 Schnitzlers Komödie vom Professor Bernhardi gehört in die breiteste
1039 1626 1335 1691 Offentlichkeit.
2116 1679 2626 1738 JONAS FRANKEL
1170 2046 2409 2124 BIE PTIORLU
1204 2159 1995 2219 Nr. 368/369 5. FEBRUAR 1913
2072 2165 2374 2230 XIV. JAHR
1660 2311 1910 2382 Glossen
1169 2401 2390 2477 Fern sei es von mir, den -Professor Bernhardis zu lesen
1168 2456 2396 2531 denn läse ich ihn, ich fühlte mich hingerissen, ihn zu zitieren,
1172 2505 2391 2568 und zitierte ich ihn, man läse ihn richtig. Denn ihr alle wisset
1169 2569 2390 2631 doch schon, daß die Dinge, die ihr anderorts mit Wohlgefallen
1170 2613 2392 2683 betrachtet, hier plötzlich ein anderes Gesicht annehmen, indem
1162 2668 2387 2734 sie das werden, was sie sind. Denn mir ist ein Engel erschienen,
1164 2717 2388 2782 der mir sagte: Gehe hin und zitiere sie. So ging ich hin und
1170 2755 2394 2814 zitierte sie. Und kann Existenzen dem Hungertode preisgeben, bloß
1167 2810 2388 2878 dadurch, daß ich sie hier noch einmal und wörtlich das sagen
1158 2861 2386 2926 lasse, wodurch sie Reichtümer erwerben. Und wahrlich ich sage
1166 2906 2388 2978 euch, ich besitze eine Skizze von Salus, welche in der Sonntags¬
1171 2955 2388 3026 „Zeit' erschienen ist. Und wenn ich sie abdrucke, wird sich Europas
1164 2994 2387 3074 Sorgenantlitz glätten und es wird wieder sein wie vor dem Kriege.
1167 3057 2379 3121 Ich aber tue es nicht, weil ich ein anständiger Mensch bin. Diese
1160 3105 2379 3160 geheime Kraft, die mich befähigt, die deutsch-österreichischen
1168 3156 2383 3219 Autoren vor Gott und Menschen mißliebig zu machen, übe ich
1166 3210 2389 3271 mit Bedacht. Schnitzlers-Zeit ist noch nicht vollendet. In zehn
1157 3250 2394 3313 Jahren wird malf wissen. Und aber in zehn Jahren wird man
1159 3304 2390 3365 nicht mehr wissen. Fern sei es von mir, seine besten Sätze
1162 3355 2379 3405 abzudrucken. Denn er ist allen sympathisch und alle würden von
1168 3412 2389 3465 mir sagen, ich sei ungerecht gegen ihn. Was ich aber schon heute
1160 3456 2393 3500 verraten kann, ist, was ich nur vom Hörensagen weiß. Es soll
1158 3492 2393 3554 ein ernstes Stück sein, ein soziales Stück, und Priester und Arzt
1163 3553 2389 3604 reichen sich die Hand über dem Abgrund. Das habe ich gehört
1168 3600 2386 3667 und mache mir Gedanken. Ich weiß, daß es nicht das Lustspiel ist,
1165 3645 2386 3708 das sie von ihm erwartet haben. Denn jegliche Saison, wenn das
1168 3694 2389 3755 Fest der Laubhütten kam, gingen die zehn Altesten hinaus zu
1160 3743 2386 3787 ihm und sahen nach, ob er ihnen schon das Lustspiel geschenkt
1160 3791 2379 3856 hatte. Aber immer kehrten sie um und sagten: Noch nicht, aber fast.
1152 3837 2375 3906 Er sei berufen, seinem Volk dereinst im Volkstheater das Lustspiel
