<?xml version="1.0" encoding="UTF-8" standalone="yes"?>
<PcGts xmlns="http://schema.primaresearch.org/PAGE/gts/pagecontent/2013-07-15" xmlns:xsi="http://www.w3.org/2001/XMLSchema-instance" xsi:schemaLocation="http://schema.primaresearch.org/PAGE/gts/pagecontent/2013-07-15 http://schema.primaresearch.org/PAGE/gts/pagecontent/2013-07-15/pagecontent.xsd">
    <Metadata>
        <Creator>prov=University of Rostock/Institute of Mathematics/CITlab/Gundram Leifert/gundram.leifert@uni-rostock.de:name=ONB_Newseye_GT_M1+(htr_id=10810)::::v=2.4.2
prov=University of Rostock/Institute of Mathematics/CITlab/Tobias Gruening/tobias.gruening@uni-rostock.de:name=de.uros.citlab.module.baseline2polygon.B2PSeamMultiOriented:v=2.4.2
prov=University of Rostock/Institute of Mathematics/CITlab/Tobias Gruening/tobias.gruening@uni-rostock.de:name=/mnt/transkribus/LA/DEA/URO/LA_news_onb_att.pb:de.uros.citlab.segmentation.CITlab_LA_ML:v=2.4.2
Transkribus</Creator>
        <Created>2019-10-07T11:16:34.948+02:00</Created>
        <LastChange>2019-10-08T07:53:02.069+02:00</LastChange>
        <TranskribusMetadata docId="223963" pageId="9499323" pageNr="961" tsid="16506533" status="IN_PROGRESS" userId="40391" imgUrl="https://files.transkribus.eu/Get?id=QICCTJEHRGYOFQTXZKLZDWBX&amp;fileType=view" xmlUrl="https://files.transkribus.eu/Get?id=TKIEQJVDWYZRARRFVPHTTESS" imageId="6189545"/>
    </Metadata>
    <Page imageFilename="223963_0961.jpeg" imageWidth="3344" imageHeight="4352">
        <ReadingOrder>
            <OrderedGroup id="ro_1711442971287" caption="Regions reading order">
                <RegionRefIndexed index="0" regionRef="r1"/>
                <RegionRefIndexed index="1" regionRef="r2"/>
            </OrderedGroup>
        </ReadingOrder>
        <TextRegion orientation="0.0" id="r1" custom="readingOrder {index:0;}">
            <Coords points="220,223 220,2968 1599,2968 1599,223"/>
            <TextLine id="r1l1" custom="readingOrder {index:0;}">
                <Coords points="672,239 681,239 694,252 714,256 739,250 776,255 798,247 797,207 787,206 780,211 757,203 735,217 728,211 714,213 704,204 694,203 682,212 671,212"/>
                <Baseline points="679,244 707,246 735,246 763,244 791,244"/>
                <TextEquiv>
                    <Unicode>S S</Unicode>
                </TextEquiv>
            </TextLine>
            <TextLine id="r1l2" custom="readingOrder {index:1;}">
                <Coords points="212,260 1413,279 1380,204 968,198 872,256 612,254 464,195 213,222"/>
                <Baseline points="220,243 279,248 338,251 397,255 457,257 516,260 575,261 634,263 694,264 753,265 812,265 871,266 931,266 990,266 1049,267 1108,267 1168,268 1227,268 1286,269 1345,270 1405,271"/>
                <TextEquiv>
                    <Unicode>25. ProBernhardi</Unicode>
                </TextEquiv>
            </TextLine>
            <TextLine id="r1l3" custom="readingOrder {index:2;}">
                <Coords points="661,1598 1017,1632 1527,1615 1527,1571 1490,1563 661,1588"/>
                <Baseline points="668,1604 710,1604 753,1604 795,1604 838,1605 881,1606 923,1606 966,1607 1008,1608 1051,1609 1094,1610 1136,1610 1179,1611 1221,1612 1264,1612 1307,1613 1349,1613 1392,1613 1434,1613 1477,1612 1520,1611"/>
                <TextEquiv>
                    <Unicode>44 PROFESSOR BERNHARDI: A PLAY</Unicode>
                </TextEquiv>
            </TextLine>
            <TextLine id="r1l4" custom="readingOrder {index:3;}">
                <Coords points="713,1671 999,1663 1242,1701 1607,1680 1608,1632 972,1644 714,1616"/>
                <Baseline points="721,1662 764,1662 808,1663 852,1663 896,1664 940,1666 984,1666 1028,1668 1072,1669 1116,1671 1160,1672 1203,1673 1247,1674 1291,1674 1335,1675 1379,1675 1423,1675 1467,1675 1511,1674 1555,1673 1599,1672"/>
                <TextEquiv>
                    <Unicode>Pflugfelder: One ought to appeal to the</Unicode>
                </TextEquiv>
            </TextLine>
            <TextLine id="r1l5" custom="readingOrder {index:4;}">
                <Coords points="675,1705 688,1706 707,1720 740,1708 755,1709 763,1718 780,1711 805,1717 821,1709 851,1717 851,1677 835,1672 815,1677 783,1672 744,1680 710,1665 675,1671"/>
                <Baseline points="682,1704 709,1702 736,1701 763,1701 790,1701 817,1702 844,1704"/>
                <TextEquiv>
                    <Unicode>people?</Unicode>
                </TextEquiv>
            </TextLine>
            <TextLine id="r1l6" custom="readingOrder {index:5;}">
                <Coords points="724,1749 1593,1755 1593,1715 1463,1700 1437,1722 1094,1691 1022,1724 724,1717"/>
                <Baseline points="732,1738 774,1739 817,1740 859,1740 902,1741 945,1742 987,1743 1030,1743 1073,1744 1115,1744 1158,1744 1201,1745 1243,1745 1286,1745 1329,1746 1371,1746 1414,1746 1457,1746 1499,1747 1542,1747 1585,1747"/>
                <TextEquiv>
                    <Unicode>Loewenstein: And in the interest of the</Unicode>
                </TextEquiv>
            </TextLine>
            <TextLine id="r1l7" custom="readingOrder {index:6;}">
                <Coords points="681,1789 1600,1787 1581,1752 681,1754"/>
                <Baseline points="688,1777 733,1777 778,1778 823,1779 868,1780 914,1781 959,1782 1004,1783 1049,1784 1094,1785 1140,1785 1185,1786 1230,1787 1275,1787 1320,1787 1366,1787 1411,1787 1456,1786 1501,1786 1546,1785 1592,1783"/>
                <TextEquiv>
                    <Unicode>cause. Bernhardi should serve his two months'</Unicode>
                </TextEquiv>
            </TextLine>
            <TextLine id="r1l8" custom="readingOrder {index:7;}">
                <Coords points="682,1827 694,1832 699,1828 705,1834 733,1821 764,1825 788,1821 803,1826 822,1820 822,1801 796,1802 780,1785 735,1786 720,1794 694,1780 684,1780"/>
                <Baseline points="690,1813 721,1814 752,1815 783,1816 814,1815"/>
                <TextEquiv>
                    <Unicode>term.</Unicode>
                </TextEquiv>
            </TextLine>
            <TextLine id="r1l9" custom="readingOrder {index:8;}">
                <Coords points="715,1856 1404,1880 1605,1859 1586,1826 1281,1809 716,1827"/>
                <Baseline points="723,1852 766,1853 810,1854 854,1855 897,1855 941,1856 985,1857 1028,1858 1072,1858 1116,1859 1160,1859 1203,1860 1247,1860 1291,1861 1334,1861 1378,1861 1422,1862 1465,1862 1509,1862 1553,1862 1597,1862"/>
                <TextEquiv>
                    <Unicode>Pflugfelder: That would show up the in¬</Unicode>
                </TextEquiv>
            </TextLine>
            <TextLine id="r1l10" custom="readingOrder {index:9;}">
                <Coords points="673,1890 711,1907 799,1890 1266,1905 1266,1876 1198,1863 673,1859"/>
                <Baseline points="680,1893 708,1894 737,1894 766,1894 795,1894 824,1894 853,1894 882,1894 911,1894 940,1894 969,1894 997,1894 1026,1894 1055,1894 1084,1894 1113,1895 1142,1895 1171,1896 1200,1896 1229,1897 1258,1898"/>
                <TextEquiv>
                    <Unicode>famy committed against him.</Unicode>
                </TextEquiv>
            </TextLine>
            <TextLine id="r1l11" custom="readingOrder {index:10;}">
                <Coords points="712,1931 1320,1939 1304,1893 1230,1914 712,1906"/>
                <Baseline points="719,1932 748,1932 778,1932 807,1932 837,1932 867,1932 896,1932 926,1932 956,1932 985,1932 1015,1932 1045,1932 1074,1932 1104,1932 1134,1933 1163,1933 1193,1933 1223,1934 1252,1935 1282,1936 1312,1937"/>
                <TextEquiv>
                    <Unicode>(Enter Bernhardi and Oscar.)</Unicode>
                </TextEquiv>
            </TextLine>
            <TextLine id="r1l12" custom="readingOrder {index:11;}">
                <Coords points="722,1976 1223,2000 1499,1973 1524,1994 1601,1965 1447,1931 1419,1954 722,1936"/>
                <Baseline points="729,1966 772,1968 815,1970 858,1971 901,1972 945,1973 988,1974 1031,1975 1074,1975 1117,1976 1161,1976 1204,1976 1247,1977 1290,1977 1333,1977 1377,1977 1420,1977 1463,1977 1506,1977 1549,1977 1593,1977"/>
                <TextEquiv>
                    <Unicode>Bernhardi: Excuse me, gentlemen, for let¬</Unicode>
                </TextEquiv>
            </TextLine>
            <TextLine id="r1l13" custom="readingOrder {index:12;}">
                <Coords points="678,2021 758,2012 822,2019 831,2010 848,2018 871,2009 924,2023 988,2000 988,1978 960,1981 947,1970 865,1984 800,1972 749,1983 726,1968 679,1962"/>
                <Baseline points="686,2005 712,2005 739,2005 766,2006 792,2006 819,2007 846,2007 873,2007 899,2008 926,2008 953,2009 980,2009"/>
                <TextEquiv>
                    <Unicode>ting you wait.</Unicode>
                </TextEquiv>
            </TextLine>
            <TextLine id="r1l14" custom="readingOrder {index:13;}">
                <Coords points="757,2056 1455,2063 1511,2038 1467,2012 1249,2031 1202,2005 757,2016"/>
                <Baseline points="764,2047 801,2046 838,2045 875,2045 912,2045 949,2045 986,2046 1023,2046 1060,2046 1097,2047 1134,2047 1171,2047 1208,2048 1245,2048 1282,2048 1319,2048 1356,2048 1393,2048 1430,2047 1467,2046 1504,2046"/>
                <TextEquiv>
                    <Unicode>yprian: Did you receive an ovation?</Unicode>
                </TextEquiv>
            </TextLine>
            <TextLine id="r1l15" custom="readingOrder {index:14;}">
                <Coords points="721,2091 1603,2088 1603,2063 1514,2045 721,2056"/>
                <Baseline points="728,2078 771,2079 814,2080 858,2081 901,2083 945,2083 988,2084 1031,2085 1075,2086 1118,2087 1162,2088 1205,2088 1248,2088 1292,2089 1335,2089 1379,2089 1422,2089 1465,2088 1509,2088 1552,2087 1596,2086"/>
                <TextEquiv>
                    <Unicode>Bernhardi: Tes! They yelled“ Down with</Unicode>
                </TextEquiv>
            </TextLine>
            <TextLine id="r1l16" custom="readingOrder {index:15;}">
                <Coords points="1398,2115 1408,2117 1414,2116 1416,2117 1417,2115 1421,2119 1428,2121 1434,2093 1426,2091 1417,2093 1416,2092 1408,2093 1402,2091"/>
                <Baseline points="1406,2109 1422,2112"/>
                <TextEquiv>
                    <Unicode></Unicode>
                </TextEquiv>
            </TextLine>
            <TextLine id="r1l17" custom="readingOrder {index:16;}">
                <Coords points="676,2121 1426,2121 1397,2092 676,2090"/>
                <Baseline points="683,2120 719,2119 756,2118 793,2118 830,2118 866,2118 903,2119 940,2120 977,2121 1013,2122 1050,2123 1087,2125 1124,2126 1160,2127 1197,2128 1234,2129 1271,2129 1307,2129 1344,2129 1381,2128 1418,2126"/>
                <TextEquiv>
                    <Unicode>the Jews'’—“ Down with the Masons!“</Unicode>
                </TextEquiv>
            </TextLine>
            <TextLine id="r1l18" custom="readingOrder {index:17;}">
                <Coords points="720,2164 1416,2162 1416,2131 1366,2127 1234,2145 1025,2126 993,2146 937,2123 721,2124"/>
                <Baseline points="728,2159 762,2159 796,2159 830,2159 864,2160 898,2160 932,2161 966,2162 1000,2163 1034,2164 1068,2165 1102,2166 1136,2166 1170,2166 1204,2166 1238,2166 1272,2166 1306,2165 1340,2164 1374,2162 1408,2160"/>
                <TextEquiv>
                    <Unicode>Loewenstein: Just think of that!</Unicode>
                </TextEquiv>
            </TextLine>
            <TextLine id="r1l19" custom="readingOrder {index:18;}">
                <Coords points="717,2200 1201,2209 1215,2208 1216,2171 1015,2172 1002,2158 966,2178 912,2160 717,2169"/>
                <Baseline points="725,2192 750,2192 775,2193 801,2194 826,2194 851,2195 877,2196 902,2197 927,2197 953,2199 978,2199 1004,2199 1029,2200 1054,2201 1080,2201 1105,2202 1130,2202 1156,2202 1181,2202 1207,2202"/>
                <TextEquiv>
                    <Unicode>Bernhardi: Gentlemen!</Unicode>
                </TextEquiv>
            </TextLine>
            <TextLine id="r1l20" custom="readingOrder {index:19;}">
                <Coords points="1224,2204 1562,2212 1602,2203 1602,2167 1224,2174"/>
                <Baseline points="1231,2200 1257,2200 1283,2200 1309,2200 1335,2200 1361,2200 1387,2199 1413,2199 1439,2199 1465,2199 1491,2199 1517,2199 1543,2199 1569,2199 1595,2199"/>
                <TextEquiv>
                    <Unicode>I hope you will</Unicode>
                </TextEquiv>
            </TextLine>
            <TextLine id="r1l21" custom="readingOrder {index:20;}">
                <Coords points="674,2241 1595,2233 1568,2209 674,2204"/>
                <Baseline points="682,2230 727,2232 772,2233 817,2234 863,2236 908,2237 953,2237 999,2238 1044,2239 1089,2239 1135,2239 1180,2239 1225,2239 1270,2239 1316,2239 1361,2239 1406,2238 1452,2237 1497,2236 1542,2235 1588,2234"/>
                <TextEquiv>
                    <Unicode>stay to supper. Oscar, please see that we are</Unicode>
                </TextEquiv>
            </TextLine>
            <TextLine id="r1l22" custom="readingOrder {index:21;}">
                <Coords points="673,2269 1598,2277 1598,2238 673,2240"/>
                <Baseline points="681,2271 726,2272 772,2273 817,2274 863,2275 908,2275 954,2276 999,2276 1045,2276 1090,2276 1136,2276 1181,2276 1227,2276 1272,2276 1318,2276 1363,2276 1409,2276 1454,2275 1500,2275 1545,2275 1591,2275"/>
                <TextEquiv>
                    <Unicode>sufficiently provided. My housekeeper has</Unicode>
                </TextEquiv>
            </TextLine>
            <TextLine id="r1l23" custom="readingOrder {index:22;}">
                <Coords points="672,2316 1589,2326 1589,2281 672,2274"/>
                <Baseline points="679,2308 724,2309 769,2310 814,2310 859,2311 904,2312 949,2312 995,2313 1040,2313 1085,2313 1130,2314 1175,2314 1220,2314 1265,2314 1311,2314 1356,2313 1401,2313 1446,2312 1491,2311 1536,2311 1582,2309"/>
                <TextEquiv>
                    <Unicode>left; her confessor declared that she could not</Unicode>
                </TextEquiv>
            </TextLine>
            <TextLine id="r1l24" custom="readingOrder {index:23;}">
                <Coords points="678,2350 1599,2348 1535,2318 678,2320"/>
                <Baseline points="685,2345 730,2346 775,2347 820,2348 866,2349 911,2349 956,2350 1002,2350 1047,2350 1092,2351 1138,2351 1183,2351 1228,2351 1273,2351 1319,2351 1364,2350 1409,2350 1455,2349 1500,2349 1545,2348 1591,2347"/>
                <TextEquiv>
                    <Unicode>stay in my house without danger to her soul's</Unicode>
                </TextEquiv>
            </TextLine>
            <TextLine id="r1l25" custom="readingOrder {index:24;}">
                <Coords points="665,2386 1579,2394 1508,2355 1364,2374 666,2343"/>
                <Baseline points="673,2381 717,2381 762,2382 807,2383 852,2384 897,2384 942,2385 987,2386 1032,2386 1077,2387 1122,2387 1166,2387 1211,2388 1256,2388 1301,2388 1346,2388 1391,2388 1436,2388 1481,2388 1526,2388 1571,2388"/>
                <TextEquiv>
                    <Unicode>salvation. It will be a frugal meal. But what</Unicode>
                </TextEquiv>
            </TextLine>
            <TextLine id="r1l26" custom="readingOrder {index:25;}">
                <Coords points="663,2426 1576,2438 1567,2395 663,2389"/>
                <Baseline points="671,2420 715,2420 760,2421 805,2421 850,2421 895,2422 940,2422 984,2422 1029,2423 1074,2423 1119,2423 1164,2424 1209,2424 1254,2424 1298,2424 1343,2424 1388,2425 1433,2425 1478,2425 1523,2425 1568,2425"/>
                <TextEquiv>
                    <Unicode>can you expect from the larder of a prospective</Unicode>
                </TextEquiv>
            </TextLine>
            <TextLine id="r1l27" custom="readingOrder {index:26;}">
                <Coords points="659,2459 1590,2476 1590,2442 1535,2431 659,2427"/>
                <Baseline points="666,2459 711,2459 757,2459 803,2460 849,2460 895,2460 940,2460 986,2460 1032,2461 1078,2461 1124,2462 1169,2462 1215,2462 1261,2463 1307,2463 1353,2464 1398,2465 1444,2465 1490,2466 1536,2466 1582,2467"/>
                <TextEquiv>
                    <Unicode>jailbird. Oscar! why, the boy has tears in his</Unicode>
                </TextEquiv>
            </TextLine>
            <TextLine id="r1l28" custom="readingOrder {index:27;}">
                <Coords points="674,2515 806,2487 864,2510 1333,2522 1398,2484 1359,2465 674,2469"/>
                <Baseline points="682,2498 717,2497 752,2497 788,2496 823,2496 859,2496 894,2497 929,2497 965,2498 1000,2499 1036,2499 1071,2500 1106,2500 1142,2501 1177,2502 1213,2502 1248,2502 1283,2502 1319,2502 1354,2501 1390,2500"/>
                <TextEquiv>
                    <Unicode>eyes! Don't be sentimental, Oscar.</Unicode>
                </TextEquiv>
            </TextLine>
            <TextLine id="r1l29" custom="readingOrder {index:28;}">
                <Coords points="712,2530 1271,2553 1271,2520 1235,2509 713,2509"/>
                <Baseline points="720,2532 747,2533 774,2533 801,2534 828,2534 856,2535 883,2535 910,2536 937,2536 964,2536 992,2537 1019,2537 1046,2538 1073,2538 1100,2538 1128,2539 1155,2539 1182,2539 1209,2540 1236,2540 1264,2541"/>
                <TextEquiv>
                    <Unicode>Oscar: I am only furious.</Unicode>
                </TextEquiv>
            </TextLine>
            <TextLine id="r1l30" custom="readingOrder {index:29;}">
                <Coords points="712,2572 777,2583 868,2572 884,2584 894,2576 930,2584 1029,2578 1029,2564 997,2542 953,2550 920,2537 907,2548 864,2536 835,2548 712,2541"/>
                <Baseline points="720,2570 745,2570 770,2570 795,2570 820,2571 845,2571 871,2571 896,2571 921,2572 946,2572 971,2572 996,2572 1022,2573"/>
                <TextEquiv>
                    <Unicode>(Enter Adler.)</Unicode>
                </TextEquiv>
            </TextLine>
            <TextLine id="r1l31" custom="readingOrder {index:30;}">
                <Coords points="711,2615 1595,2616 1542,2577 1438,2602 1364,2563 1300,2593 711,2575"/>
                <Baseline points="718,2606 761,2607 805,2607 848,2608 892,2609 935,2609 979,2610 1022,2611 1066,2611 1109,2611 1153,2612 1196,2612 1240,2612 1283,2613 1327,2613 1370,2613 1414,2613 1457,2613 1501,2613 1544,2613 1588,2613"/>
                <TextEquiv>
                    <Unicode>Bernhardi: Welcome, Doctor Adler. There</Unicode>
                </TextEquiv>
            </TextLine>
            <TextLine id="r1l32" custom="readingOrder {index:31;}">
                <Coords points="676,2643 1514,2670 1595,2658 1596,2627 677,2613"/>
                <Baseline points="684,2640 729,2641 774,2642 819,2643 864,2644 910,2645 955,2646 1000,2647 1045,2648 1090,2648 1136,2649 1181,2650 1226,2651 1271,2651 1316,2652 1362,2652 1407,2653 1452,2653 1497,2654 1542,2654 1588,2655"/>
                <TextEquiv>
                    <Unicode>is more rejoicing over one repentant sinner</Unicode>
                </TextEquiv>
            </TextLine>
            <TextLine id="r1l33" custom="readingOrder {index:32;}">
                <Coords points="663,2675 713,2693 888,2686 990,2705 1060,2686 1177,2694 1178,2669 1083,2652 663,2652"/>
                <Baseline points="671,2680 697,2680 723,2680 749,2681 776,2682 802,2683 828,2684 854,2685 881,2685 907,2686 933,2687 959,2688 986,2688 1012,2689 1038,2689 1064,2689 1091,2688 1117,2688 1143,2687 1170,2685"/>
                <TextEquiv>
                    <Unicode>than over ten just men.</Unicode>
                </TextEquiv>
            </TextLine>
            <TextLine id="r1l34" custom="readingOrder {index:33;}">
                <Coords points="705,2729 1554,2741 1591,2730 1592,2694 705,2691"/>
                <Baseline points="712,2722 755,2722 799,2723 842,2723 886,2723 930,2723 973,2724 1017,2724 1060,2724 1104,2725 1148,2725 1191,2725 1235,2726 1278,2726 1322,2726 1366,2727 1409,2727 1453,2728 1496,2729 1540,2729 1584,2730"/>
                <TextEquiv>
                    <Unicode>Adler: I was never a sinner, Professor. The</Unicode>
                </TextEquiv>
            </TextLine>
            <TextLine id="r1l35" custom="readingOrder {index:34;}">
                <Coords points="664,2752 1582,2776 1570,2737 665,2727"/>
                <Baseline points="672,2757 717,2758 762,2759 807,2759 852,2759 897,2760 942,2760 988,2760 1033,2761 1078,2761 1123,2762 1168,2762 1213,2762 1258,2763 1304,2764 1349,2765 1394,2766 1439,2767 1484,2768 1529,2770 1575,2772"/>
                <TextEquiv>
                    <Unicode>trial of this case seemed a necessity to me</Unicode>
                </TextEquiv>
            </TextLine>
            <TextLine id="r1l36" custom="readingOrder {index:35;}">
                <Coords points="670,2799 1595,2803 1447,2764 1384,2787 1256,2761 1112,2787 670,2776"/>
                <Baseline points="677,2797 722,2797 768,2797 813,2798 859,2798 904,2799 950,2800 995,2801 1041,2802 1086,2803 1132,2804 1177,2804 1223,2805 1268,2806 1314,2806 1359,2807 1405,2807 1450,2807 1496,2807 1541,2806 1587,2806"/>
                <TextEquiv>
                    <Unicode>from the beginning. Of course, I could not</Unicode>
                </TextEquiv>
            </TextLine>
            <TextLine id="r1l37" custom="readingOrder {index:36;}">
                <Coords points="674,2842 1584,2844 1537,2811 674,2803"/>
                <Baseline points="681,2837 725,2838 770,2839 815,2840 860,2841 905,2842 949,2842 994,2843 1039,2843 1084,2843 1129,2844 1173,2844 1218,2844 1263,2844 1308,2844 1353,2844 1397,2844 1442,2844 1487,2844 1532,2844 1577,2844"/>
                <TextEquiv>
                    <Unicode>foresee that the court would rather believe the</Unicode>
                </TextEquiv>
            </TextLine>
            <TextLine id="r1l38" custom="readingOrder {index:37;}">
                <Coords points="664,2868 1591,2884 1591,2859 1504,2843 1456,2867 664,2849"/>
                <Baseline points="672,2875 717,2875 763,2876 808,2876 854,2876 900,2876 945,2877 991,2877 1036,2878 1082,2878 1128,2879 1173,2879 1219,2880 1264,2880 1310,2880 1356,2881 1401,2881 1447,2881 1492,2881 1538,2881 1584,2880"/>
                <TextEquiv>
                    <Unicode>testimony of Mr. Hochroitzpointner, than</Unicode>
                </TextEquiv>
            </TextLine>
            <TextLine id="r1l39" custom="readingOrder {index:38;}">
                <Coords points="668,2916 1279,2924 1279,2899 1216,2882 669,2886"/>
                <Baseline points="676,2908 705,2908 735,2908 765,2908 795,2909 825,2909 854,2909 884,2910 914,2910 944,2911 974,2912 1003,2912 1033,2913 1063,2913 1093,2914 1123,2914 1152,2915 1182,2915 1212,2916 1242,2916 1272,2917"/>
                <TextEquiv>
                    <Unicode>Professor Cyprian’s and mine.</Unicode>
                </TextEquiv>
            </TextLine>
            <TextLine id="r1l40" custom="readingOrder {index:39;}">
                <Coords points="705,2962 1589,2965 1537,2917 705,2921"/>
                <Baseline points="712,2954 755,2955 798,2955 842,2955 885,2955 929,2956 972,2956 1016,2956 1059,2957 1103,2957 1146,2957 1189,2957 1233,2958 1276,2958 1320,2958 1363,2958 1407,2958 1450,2958 1494,2958 1537,2958 1581,2958"/>
                <TextEquiv>
                    <Unicode>Pflugfelder: One ought to get rid of Flint.</Unicode>
                </TextEquiv>
            </TextLine>
            <TextEquiv>
                <Unicode>S S
25. ProBernhardi
44 PROFESSOR BERNHARDI: A PLAY
Pflugfelder: One ought to appeal to the
people?
Loewenstein: And in the interest of the
cause. Bernhardi should serve his two months'
term.
Pflugfelder: That would show up the in¬
famy committed against him.
(Enter Bernhardi and Oscar.)
Bernhardi: Excuse me, gentlemen, for let¬
ting you wait.
yprian: Did you receive an ovation?
Bernhardi: Tes! They yelled“ Down with

the Jews'’—“ Down with the Masons!“
Loewenstein: Just think of that!
Bernhardi: Gentlemen!
I hope you will
stay to supper. Oscar, please see that we are
sufficiently provided. My housekeeper has
left; her confessor declared that she could not
stay in my house without danger to her soul's
salvation. It will be a frugal meal. But what
can you expect from the larder of a prospective
jailbird. Oscar! why, the boy has tears in his
eyes! Don't be sentimental, Oscar.
Oscar: I am only furious.
(Enter Adler.)
Bernhardi: Welcome, Doctor Adler. There
is more rejoicing over one repentant sinner
than over ten just men.
Adler: I was never a sinner, Professor. The
trial of this case seemed a necessity to me
from the beginning. Of course, I could not
foresee that the court would rather believe the
testimony of Mr. Hochroitzpointner, than
Professor Cyprian’s and mine.
Pflugfelder: One ought to get rid of Flint.</Unicode>
            </TextEquiv>
        </TextRegion>
        <TextRegion orientation="0.0" id="r2" custom="readingOrder {index:1;}">
            <Coords points="1580,231 1580,3004 2644,3004 2644,231"/>
            <TextLine id="r2l1" custom="readingOrder {index:0;}">
                <Coords points="1573,259 1673,271 1752,264 1785,242 1869,281 1942,258 1982,271 2028,244 2028,209 1935,189 1862,210 1776,197 1743,219 1637,214 1607,197 1573,209"/>
                <Baseline points="1580,252 1605,251 1631,251 1657,252 1683,252 1709,253 1735,253 1761,254 1787,254 1812,255 1838,255 1864,256 1890,256 1916,255 1942,255 1968,254 1994,253 2020,251"/>
                <TextEquiv>
                    <Unicode>box 31/8</Unicode>
                </TextEquiv>
            </TextLine>
            <TextLine id="r2l2" custom="readingOrder {index:1;}">
                <Coords points="1760,1668 1968,1666 2031,1637 2184,1668 2603,1636 2602,1596 2518,1616 2482,1592 2368,1618 1759,1620"/>
                <Baseline points="1767,1650 1808,1650 1849,1649 1891,1648 1932,1647 1974,1647 2015,1646 2057,1645 2098,1644 2140,1644 2181,1643 2222,1642 2264,1641 2305,1640 2347,1640 2388,1638 2430,1637 2471,1636 2513,1635 2554,1633 2596,1632"/>
                <TextEquiv>
                    <Unicode>PROFESSOR BERNHARDI: A PLAY 45</Unicode>
                </TextEquiv>
            </TextLine>
            <TextLine id="r2l3" custom="readingOrder {index:2;}">
                <Coords points="1725,1718 2502,1713 2607,1688 2606,1651 1724,1684"/>
                <Baseline points="1732,1711 1775,1710 1818,1708 1862,1707 1905,1706 1948,1705 1992,1705 2035,1704 2078,1704 2122,1703 2165,1703 2208,1702 2252,1702 2295,1701 2338,1701 2382,1700 2425,1699 2468,1698 2512,1697 2555,1696 2599,1694"/>
                <TextEquiv>
                    <Unicode>Goldenthal: I always respect the convictions</Unicode>
                </TextEquiv>
            </TextLine>
            <TextLine id="r2l4" custom="readingOrder {index:3;}">
                <Coords points="1697,1762 2091,1741 2090,1723 2013,1709 1696,1725"/>
                <Baseline points="1704,1747 1729,1747 1754,1747 1779,1747 1805,1746 1830,1745 1855,1744 1880,1743 1906,1742 1931,1741 1956,1740 1981,1739 2007,1739 2032,1739 2057,1739 2083,1740"/>
                <TextEquiv>
                    <Unicode>of my adversarics.</Unicode>
                </TextEquiv>
            </TextLine>
            <TextLine id="r2l5" custom="readingOrder {index:4;}">
                <Coords points="1728,1783 2500,1789 2567,1780 2566,1734 1727,1765"/>
                <Baseline points="1735,1785 1776,1783 1817,1782 1858,1781 1899,1780 1941,1779 1982,1778 2023,1777 2064,1777 2105,1776 2147,1775 2188,1775 2229,1774 2270,1774 2311,1773 2353,1772 2394,1771 2435,1770 2476,1769 2517,1768 2559,1767"/>
                <TextEquiv>
                    <Unicode>Loewenstein: The convictions of Flint?</Unicode>
                </TextEquiv>
            </TextLine>
            <TextLine id="r2l6" custom="readingOrder {index:5;}">
                <Coords points="1740,1835 2509,1825 2591,1808 2591,1778 1740,1794"/>
                <Baseline points="1748,1820 1789,1819 1831,1819 1873,1818 1915,1817 1956,1817 1998,1817 2040,1817 2082,1816 2123,1816 2165,1816 2207,1816 2249,1816 2290,1816 2332,1816 2374,1815 2416,1815 2457,1814 2499,1813 2541,1812 2583,1810"/>
                <TextEquiv>
                    <Unicode>Goldenthal: He has to protect the con¬</Unicode>
                </TextEquiv>
            </TextLine>
            <TextLine id="r2l7" custom="readingOrder {index:6;}">
                <Coords points="1698,1873 2608,1849 2608,1821 2485,1814 2282,1837 2191,1813 1698,1820"/>
                <Baseline points="1706,1861 1750,1859 1795,1857 1840,1856 1884,1856 1929,1855 1974,1855 2018,1855 2063,1855 2108,1855 2153,1855 2197,1855 2242,1855 2287,1855 2331,1855 2376,1855 2421,1854 2465,1854 2510,1852 2555,1851 2600,1849"/>
                <TextEquiv>
                    <Unicode>victions of others. Believe me, gentlemen</Unicode>
                </TextEquiv>
            </TextLine>
            <TextLine id="r2l8" custom="readingOrder {index:7;}">
                <Coords points="1691,1899 2597,1900 2617,1850 2506,1876 2384,1853 1690,1871"/>
                <Baseline points="1698,1900 1743,1899 1789,1898 1834,1898 1880,1897 1926,1896 1971,1896 2017,1895 2062,1894 2108,1894 2154,1894 2199,1893 2245,1893 2290,1892 2336,1892 2382,1892 2427,1891 2473,1891 2518,1891 2564,1890 2610,1890"/>
                <TextEquiv>
                    <Unicode>there are things one should not touch, and</Unicode>
                </TextEquiv>
            </TextLine>
            <TextLine id="r2l9" custom="readingOrder {index:8;}">
                <Coords points="1696,1937 2617,1929 2571,1892 1696,1904"/>
                <Baseline points="1703,1937 1748,1936 1793,1935 1839,1935 1884,1934 1929,1933 1975,1933 2020,1932 2065,1932 2111,1932 2156,1932 2201,1931 2247,1931 2292,1931 2337,1931 2383,1930 2428,1930 2473,1929 2519,1929 2564,1928 2610,1928"/>
                <TextEquiv>
                    <Unicode>which should not be permitted to be touched.</Unicode>
                </TextEquiv>
            </TextLine>
            <TextLine id="r2l10" custom="readingOrder {index:9;}">
                <Coords points="1746,1984 2578,1975 2612,1938 1746,1944"/>
                <Baseline points="1753,1971 1795,1971 1838,1971 1880,1971 1923,1971 1965,1971 2008,1970 2050,1970 2093,1970 2135,1969 2178,1969 2221,1968 2263,1968 2306,1968 2348,1967 2391,1967 2433,1967 2476,1966 2518,1966 2561,1966 2604,1966"/>
                <TextEquiv>
                    <Unicode>Pflugfelder: Why—if I may ask? It is</Unicode>
                </TextEquiv>
            </TextLine>
            <TextLine id="r2l11" custom="readingOrder {index:10;}">
                <Coords points="1702,2019 2603,2015 2615,1967 1702,1988"/>
                <Baseline points="1710,2014 1754,2013 1799,2011 1844,2010 1889,2009 1934,2008 1979,2008 2023,2007 2068,2007 2113,2007 2158,2006 2203,2006 2248,2006 2293,2005 2337,2005 2382,2004 2427,2004 2472,2003 2517,2001 2562,2000 2607,1998"/>
                <TextEquiv>
                    <Unicode>only because someone has had the courage to</Unicode>
                </TextEquiv>
            </TextLine>
            <TextLine id="r2l12" custom="readingOrder {index:11;}">
                <Coords points="1704,2062 2496,2063 2632,2039 2632,2006 1704,2018"/>
                <Baseline points="1711,2053 1756,2052 1802,2051 1847,2050 1893,2049 1939,2048 1984,2048 2030,2047 2076,2047 2121,2046 2167,2046 2213,2046 2258,2045 2304,2045 2350,2044 2395,2043 2441,2043 2487,2042 2532,2040 2578,2039 2624,2037"/>
                <TextEquiv>
                    <Unicode>touch those things, that the world’s progress is</Unicode>
                </TextEquiv>
            </TextLine>
            <TextLine id="r2l13" custom="readingOrder {index:12;}">
                <Coords points="1698,2109 1777,2093 1793,2102 1875,2102 1889,2091 1924,2098 1998,2089 1998,2076 1953,2052 1823,2065 1698,2063"/>
                <Baseline points="1706,2089 1731,2089 1757,2088 1783,2088 1809,2087 1835,2087 1860,2087 1886,2086 1912,2086 1938,2087 1964,2087 1990,2088"/>
                <TextEquiv>
                    <Unicode>accomplished.</Unicode>
                </TextEquiv>
            </TextLine>
            <TextLine id="r2l14" custom="readingOrder {index:13;}">
                <Coords points="1745,2136 1995,2109 2065,2139 2606,2117 2518,2076 2318,2094 2087,2068 2050,2095 1745,2099"/>
                <Baseline points="1753,2123 1795,2124 1837,2124 1879,2124 1922,2124 1964,2124 2006,2124 2049,2124 2091,2123 2133,2123 2176,2122 2218,2121 2260,2121 2302,2120 2345,2119 2387,2118 2429,2117 2472,2116 2514,2115 2556,2113 2599,2112"/>
                <TextEquiv>
                    <Unicode>Goldenthal: I think that our frend, Bern¬</Unicode>
                </TextEquiv>
            </TextLine>
            <TextLine id="r2l15" custom="readingOrder {index:14;}">
                <Coords points="1696,2170 2589,2163 2624,2127 1696,2142"/>
                <Baseline points="1703,2167 1748,2166 1794,2165 1839,2164 1885,2163 1931,2163 1976,2162 2022,2162 2068,2162 2113,2161 2159,2161 2205,2161 2250,2160 2296,2160 2342,2159 2387,2158 2433,2157 2479,2156 2524,2154 2570,2152 2616,2150"/>
                <TextEquiv>
                    <Unicode>hardi, will gladly admit that he had no in¬</Unicode>
                </TextEquiv>
            </TextLine>
            <TextLine id="r2l16" custom="readingOrder {index:15;}">
                <Coords points="1703,2206 1854,2230 2617,2205 2616,2172 2522,2153 1703,2184"/>
                <Baseline points="1711,2209 1755,2207 1800,2207 1845,2206 1890,2205 1935,2204 1980,2204 2025,2204 2070,2203 2115,2203 2160,2202 2204,2202 2249,2201 2294,2200 2339,2199 2384,2198 2429,2196 2474,2195 2519,2192 2564,2190 2609,2187"/>
                <TextEquiv>
                    <Unicode>tention of contributing to the progress of the</Unicode>
                </TextEquiv>
            </TextLine>
            <TextLine id="r2l17" custom="readingOrder {index:16;}">
                <Coords points="1714,2259 1749,2253 1753,2248 1779,2250 1789,2245 1810,2257 1845,2243 1863,2248 1863,2231 1851,2230 1821,2211 1807,2217 1795,2211 1773,2217 1713,2215"/>
                <Baseline points="1721,2242 1747,2241 1774,2240 1801,2239 1828,2240 1855,2242"/>
                <TextEquiv>
                    <Unicode>world.</Unicode>
                </TextEquiv>
            </TextLine>
            <TextLine id="r2l18" custom="readingOrder {index:17;}">
                <Coords points="1749,2290 2621,2278 2620,2237 2497,2227 1749,2250"/>
                <Baseline points="1757,2278 1799,2277 1842,2277 1885,2277 1928,2276 1971,2276 2013,2275 2056,2275 2099,2274 2142,2274 2185,2273 2227,2272 2270,2272 2313,2271 2356,2270 2399,2270 2441,2269 2484,2268 2527,2267 2570,2267 2613,2266"/>
                <TextEquiv>
                    <Unicode>Loewenstein: Seme day it may be shown</Unicode>
                </TextEquiv>
            </TextLine>
            <TextLine id="r2l19" custom="readingOrder {index:18;}">
                <Coords points="1699,2328 2347,2319 2346,2279 2259,2274 1737,2284 1699,2308"/>
                <Baseline points="1707,2319 1738,2318 1770,2318 1801,2317 1833,2316 1865,2315 1896,2315 1928,2314 1959,2314 1991,2313 2023,2313 2054,2312 2086,2312 2117,2311 2149,2311 2181,2310 2212,2310 2244,2309 2275,2308 2307,2307 2339,2306"/>
                <TextEquiv>
                    <Unicode>that he has done just that thing.</Unicode>
                </TextEquiv>
            </TextLine>
            <TextLine id="r2l20" custom="readingOrder {index:19;}">
                <Coords points="1752,2358 2593,2357 2619,2316 1752,2325"/>
                <Baseline points="1759,2351 1801,2352 1844,2354 1886,2354 1929,2355 1972,2355 2014,2354 2057,2354 2100,2353 2142,2352 2185,2351 2228,2350 2270,2349 2313,2347 2356,2346 2398,2345 2441,2344 2484,2343 2526,2343 2569,2342 2612,2342"/>
                <TextEquiv>
                    <Unicode>Pflugfelder: As matters stand now, your</Unicode>
                </TextEquiv>
            </TextLine>
            <TextLine id="r2l21" custom="readingOrder {index:20;}">
                <Coords points="1700,2401 2347,2401 2614,2386 2625,2362 1700,2379"/>
                <Baseline points="1707,2393 1752,2394 1798,2394 1843,2394 1889,2394 1934,2394 1980,2394 2025,2393 2071,2392 2116,2391 2162,2390 2208,2389 2253,2388 2299,2387 2344,2385 2390,2384 2435,2383 2481,2381 2526,2380 2572,2379 2618,2377"/>
                <TextEquiv>
                    <Unicode>affair has to be handled from a general stand¬</Unicode>
                </TextEquiv>
            </TextLine>
            <TextLine id="r2l22" custom="readingOrder {index:21;}">
                <Coords points="1717,2443 2633,2421 2579,2383 1716,2408"/>
                <Baseline points="1725,2434 1770,2434 1815,2434 1860,2434 1905,2433 1950,2432 1995,2431 2040,2430 2085,2429 2130,2428 2175,2426 2220,2425 2265,2423 2310,2422 2355,2420 2400,2419 2445,2418 2490,2417 2535,2416 2580,2415 2626,2415"/>
                <TextEquiv>
                    <Unicode>point. The prosecuting attorney was not a bit</Unicode>
                </TextEquiv>
            </TextLine>
            <TextLine id="r2l23" custom="readingOrder {index:22;}">
                <Coords points="1704,2474 2471,2477 2595,2469 2629,2425 1704,2449"/>
                <Baseline points="1712,2472 1757,2470 1803,2469 1848,2468 1894,2467 1939,2466 1985,2466 2030,2465 2076,2465 2121,2464 2167,2464 2212,2464 2258,2463 2303,2462 2349,2462 2394,2461 2440,2460 2485,2459 2531,2457 2576,2455 2622,2453"/>
                <TextEquiv>
                    <Unicode>bashful in beginning that way. Did you not</Unicode>
                </TextEquiv>
            </TextLine>
            <TextLine id="r2l24" custom="readingOrder {index:23;}">
                <Coords points="1714,2527 1785,2511 2126,2518 2126,2476 1713,2479"/>
                <Baseline points="1721,2508 1747,2508 1774,2508 1800,2508 1827,2508 1853,2507 1880,2507 1906,2506 1933,2506 1959,2505 1986,2504 2012,2504 2039,2503 2065,2502 2092,2502 2119,2502"/>
                <TextEquiv>
                    <Unicode>notice that, Doctor?</Unicode>
                </TextEquiv>
            </TextLine>
            <TextLine id="r2l25" custom="readingOrder {index:24;}">
                <Coords points="1752,2555 2311,2562 2394,2539 2469,2562 2584,2549 2644,2497 1751,2515"/>
                <Baseline points="1760,2548 1803,2548 1847,2548 1891,2548 1935,2547 1979,2547 2023,2546 2066,2545 2110,2545 2154,2544 2198,2542 2242,2542 2286,2541 2330,2540 2373,2538 2417,2537 2461,2536 2505,2535 2549,2534 2593,2533 2637,2532"/>
                <TextEquiv>
                    <Unicode>Goldenthal: It is not my duty to do politics;</Unicode>
                </TextEquiv>
            </TextLine>
            <TextLine id="r2l26" custom="readingOrder {index:25;}">
                <Coords points="1720,2597 1760,2599 1794,2584 1861,2596 1920,2585 1982,2596 2043,2579 2043,2563 2003,2549 1936,2560 1921,2551 1848,2561 1719,2555"/>
                <Baseline points="1727,2583 1752,2584 1778,2584 1804,2584 1829,2584 1855,2584 1881,2583 1906,2583 1932,2582 1958,2581 1983,2581 2009,2581 2035,2581"/>
                <TextEquiv>
                    <Unicode>but to defend—</Unicode>
                </TextEquiv>
            </TextLine>
            <TextLine id="r2l27" custom="readingOrder {index:26;}">
                <Coords points="1759,2628 1911,2651 2033,2613 2109,2637 2652,2620 2651,2594 2551,2556 2375,2586 1759,2589"/>
                <Baseline points="1766,2621 1809,2621 1853,2621 1897,2621 1941,2620 1985,2620 2029,2619 2073,2618 2117,2617 2161,2616 2205,2615 2248,2614 2292,2613 2336,2612 2380,2612 2424,2611 2468,2611 2512,2611 2556,2611 2600,2611 2644,2612"/>
                <TextEquiv>
                    <Unicode>Pflugfelder: If you had accomplished that</Unicode>
                </TextEquiv>
            </TextLine>
            <TextLine id="r2l28" custom="readingOrder {index:27;}">
                <Coords points="1715,2667 1729,2670 1739,2665 1743,2670 1751,2667 1779,2675 1813,2665 1830,2671 1835,2666 1850,2667 1863,2655 1878,2656 1878,2640 1858,2635 1824,2641 1799,2626 1783,2633 1760,2632 1741,2618 1728,2626 1714,2623"/>
                <Baseline points="1723,2661 1752,2659 1782,2657 1811,2656 1841,2656 1871,2659"/>
                <TextEquiv>
                    <Unicode>task—</Unicode>
                </TextEquiv>
            </TextLine>
            <TextLine id="r2l29" custom="readingOrder {index:28;}">
                <Coords points="1755,2718 2039,2720 2071,2698 2325,2722 2535,2693 2427,2653 2307,2675 2203,2658 2112,2678 2019,2648 1886,2682 1754,2669"/>
                <Baseline points="1763,2706 1801,2706 1839,2707 1877,2708 1915,2708 1954,2708 1992,2707 2030,2707 2068,2706 2106,2705 2145,2703 2183,2702 2221,2701 2259,2700 2297,2699 2336,2697 2374,2696 2412,2694 2450,2693 2488,2692 2527,2690"/>
                <TextEquiv>
                    <Unicode>Berhardi: But I shall not permit—</Unicode>
                </TextEquiv>
            </TextLine>
            <TextLine id="r2l30" custom="readingOrder {index:29;}">
                <Coords points="1756,2759 2499,2753 2633,2739 2632,2694 1755,2739"/>
                <Baseline points="1764,2757 1807,2757 1850,2756 1893,2756 1936,2755 1979,2754 2022,2754 2065,2753 2108,2752 2151,2751 2195,2749 2238,2748 2281,2747 2324,2746 2367,2744 2410,2741 2453,2739 2496,2738 2539,2736 2582,2733 2626,2731"/>
                <TextEquiv>
                    <Unicode>Goldenthal: Never mind, Professor. This is</Unicode>
                </TextEquiv>
            </TextLine>
            <TextLine id="r2l31" custom="readingOrder {index:30;}">
                <Coords points="1724,2800 2596,2792 2637,2787 2637,2750 1723,2759"/>
                <Baseline points="1731,2795 1775,2794 1820,2793 1865,2793 1910,2792 1955,2791 2000,2791 2045,2790 2090,2789 2135,2789 2180,2788 2224,2788 2269,2787 2314,2786 2359,2785 2404,2784 2449,2782 2494,2781 2539,2779 2584,2777 2629,2775"/>
                <TextEquiv>
                    <Unicode>getting interesting. So you think that I did</Unicode>
                </TextEquiv>
            </TextLine>
            <TextLine id="r2l32" custom="readingOrder {index:31;}">
                <Coords points="1725,2839 2151,2842 2198,2834 2197,2792 1724,2799"/>
                <Baseline points="1733,2832 1758,2832 1783,2832 1809,2831 1834,2831 1860,2831 1885,2831 1911,2830 1936,2830 1962,2830 1987,2829 2012,2828 2038,2828 2063,2827 2089,2826 2114,2825 2140,2824 2165,2823 2191,2821"/>
                <TextEquiv>
                    <Unicode>not defend my client?</Unicode>
                </TextEquiv>
            </TextLine>
            <TextLine id="r2l33" custom="readingOrder {index:32;}">
                <Coords points="1764,2882 2566,2876 2637,2834 1764,2848"/>
                <Baseline points="1771,2875 1816,2875 1861,2875 1906,2875 1951,2875 1997,2874 2042,2873 2087,2873 2132,2872 2177,2871 2223,2870 2268,2869 2313,2868 2358,2867 2403,2865 2449,2864 2494,2863 2539,2862 2584,2861 2630,2860"/>
                <TextEquiv>
                    <Unicode>Pflugfelder: According to my idea—no.</Unicode>
                </TextEquiv>
            </TextLine>
            <TextLine id="r2l34" custom="readingOrder {index:33;}">
                <Coords points="1716,2918 2638,2899 2637,2861 1716,2890"/>
                <Baseline points="1723,2916 1768,2917 1813,2917 1859,2917 1904,2917 1950,2916 1995,2916 2040,2915 2086,2914 2131,2912 2177,2911 2222,2910 2267,2908 2313,2906 2358,2905 2404,2904 2449,2903 2494,2901 2540,2900 2585,2900 2631,2899"/>
                <TextEquiv>
                    <Unicode>Why, listening to you, one got an idea that all</Unicode>
                </TextEquiv>
            </TextLine>
            <TextLine id="r2l35" custom="readingOrder {index:34;}">
                <Coords points="1726,2953 2638,2948 2649,2922 2595,2901 1725,2930"/>
                <Baseline points="1733,2955 1778,2955 1823,2956 1869,2955 1914,2955 1960,2954 2005,2954 2050,2953 2096,2952 2141,2950 2187,2949 2232,2948 2277,2946 2323,2945 2368,2943 2414,2942 2459,2940 2504,2939 2550,2937 2595,2936 2641,2934"/>
                <TextEquiv>
                    <Unicode>the religious sentiments of the whole world,</Unicode>
                </TextEquiv>
            </TextLine>
            <TextLine id="r2l36" custom="readingOrder {index:35;}">
                <Coords points="1735,3003 2505,3004 2651,2980 2650,2946 1734,2970"/>
                <Baseline points="1742,2994 1787,2994 1832,2994 1877,2993 1922,2993 1967,2992 2012,2991 2057,2990 2102,2988 2147,2987 2192,2985 2237,2984 2282,2982 2327,2980 2372,2979 2417,2977 2462,2975 2507,2974 2552,2973 2597,2972 2643,2971"/>
                <TextEquiv>
                    <Unicode>from the Pope down to the humblest parish</Unicode>
                </TextEquiv>
            </TextLine>
            <TextEquiv>
                <Unicode>box 31/8
PROFESSOR BERNHARDI: A PLAY 45
Goldenthal: I always respect the convictions
of my adversarics.
Loewenstein: The convictions of Flint?
Goldenthal: He has to protect the con¬
victions of others. Believe me, gentlemen
there are things one should not touch, and
which should not be permitted to be touched.
Pflugfelder: Why—if I may ask? It is
only because someone has had the courage to
touch those things, that the world’s progress is
accomplished.
Goldenthal: I think that our frend, Bern¬
hardi, will gladly admit that he had no in¬
tention of contributing to the progress of the
world.
Loewenstein: Seme day it may be shown
that he has done just that thing.
Pflugfelder: As matters stand now, your
affair has to be handled from a general stand¬
point. The prosecuting attorney was not a bit
bashful in beginning that way. Did you not
notice that, Doctor?
Goldenthal: It is not my duty to do politics;
but to defend—
Pflugfelder: If you had accomplished that
task—
Berhardi: But I shall not permit—
Goldenthal: Never mind, Professor. This is
getting interesting. So you think that I did
not defend my client?
Pflugfelder: According to my idea—no.
Why, listening to you, one got an idea that all
the religious sentiments of the whole world,
from the Pope down to the humblest parish</Unicode>
            </TextEquiv>
        </TextRegion>
    </Page>
</PcGts>
