3344 4320
1596 254 2026 339 box 30/1
229 268 1433 354 25 Professor Bernhandi
655 815 764 884 796
1526 830 1916 908 Die Gegenwart.
2628 857 2809 926 Nr. 50
636 953 1682 1034 rühmlich; daß er dann nicht Ueberlegenheit,
1752 971 2797 1057 len. Sie wirft die Vokale mit fanatischer
644 1005 1683 1088 Stilklarheit, Zynismus meinetwegen genug
1754 1048 2787 1117 Charakteristik als helle Pfeile, heulende Ku¬
648 1078 1681 1160 aufbrachte, um wenigstens einen erfolg¬
1760 1096 2796 1176 geln, dumpfe Blöcke, schneidende Speere durch
647 1139 1686 1220 reichen Reißer zu schreiben, scheint mir eine
1771 1159 2807 1232 den Sturm der Konsonanten. Und kriecht
643 1206 1685 1276 Verstärkung des Blamablen. Er mußte doch
1757 1215 2795 1297 plötzlich zu unruhigen Klagen zusammen, die
632 1246 1684 1329 wissen, daß alle Feinheiten und Klugheiten,
1764 1283 2799 1353 wie eintöniges Winseln des Käuzchens klingen.
644 1295 1674 1395 in diesen Rahmen gestellt, nie reinen Eigen¬
1750 1335 2803 1416 Und erhebt sich plötzlich zu nüchtern hartem
643 1370 1683 1451 wert gewinnen, sondern nur das eigentliche
1758 1384 2028 1464 Sprechton.
632 1430 1683 1510 Oeldruck=Bild diskreditieren. Nein: Schnitzler,
1856 1435 2786 1520 Aber .. diese Plötzlichkeiten.. hängt es
634 1494 1671 1569 der ein Poet des melancholischen Zuschauer¬
1754 1514 2792 1585 mit ihnen zusammen, daß man am Ende fast
638 1535 1677 1628 tums ist, konnte die Laune, als liberaler Agi¬
1758 1572 2796 1646 so kalt wie vor dem Anfang ist? Man fühlt,
638 1597 1671 1684 tationsschriftsteller glänzen zu wollen, nur mit
1745 1637 2789 1691 wie an den Worten gerissen, gerüttelt, bittend
641 1656 1152 1729 einer Blamage zahlen.
1751 1688 2781 1766 gepocht wird — und hört doch mehr diese Ge¬
731 1727 1663 1791 Denn ich glaube auch nicht an die äußere
1752 1743 2787 1825 räusche als die Musik der Dichtung. Nicht
634 1778 1675 1868 Bühnenkraft des stilistisch=buntscheckigen,
1750 1801 2778 1865 der Seele des Ganzen widmet sich die
623 1844 1674 1913 schwunglos breiten, redselig witzelnden
1757 1854 2770 1936 Sprechende, sondern eher der zerstückten Kör¬
634 1904 1650 1972 Stückes, obwohl es jetzt im „Kleinen Theater“
1747 1921 2767 1992 perlichkeit der einzelnen Perioden, ja der Sil¬
631 1960 1674 2018 viel Beifall hat. Dort werden die 18 Männer
1745 1978 2772 2055 ben und Buchstaben. Für die etwas äußerliche
620 2009 1668 2095 (es ist fast frauenlos dies Stück!) durchweg
1750 2043 2768 2113 (sehr weibliche!) Auffassung ist bezeichnend
617 2078 1672 2156 so amüsant gespielt, daß man sich nie langweilt
1746 2103 2768 2158 eine gewisse ungeistige „direkte“ Wortmal ei.
695 2129 1667 2211 aber wieviel Bühnen können das noch?
1741 2152 2764 2228 Wenn sie zu sagen hat: „die Stimme schwoll
618 2184 1669 2267 Uebrigens amüsant gespielt, aber nicht immer
1746 2212 2770 2291 an — so schwillt ihre Stimme an; „ungeheurer
613 2231 1656 2328 richtig. Dieser Minister z. B. ist einer jener
1739 2269 2767 2342 Sturm“ wird mit ungeheurem Atem gesprochen.
613 2303 1655 2385 gefährlichen Impressionisten, die stets für „ihre
1732 2335 2760 2401 Erschütterndes wird leicht durch gewaltsamen,
623 2362 1659 2441 heilige Sache“ — aber viertelstündlich für eine
1737 2392 2770 2460 Sehnsüchtiges durch gedehnten Ton, der Aus¬
622 2428 1659 2504 andere entbrannt sind, und er wurde in Ton
1745 2446 2768 2528 druck „weinen“ durch Schluchzen vermittelt.
614 2481 1645 2549 und Tempo eines blasierten Weltmanns ge¬
1726 2498 2772 2583 Reiner Rezitationskunst steht diese bedeutende
616 2556 1655 2618 geben. Und hätte die ganze Aufführung nicht
1735 2563 2334 2635 Schauspielerin heute fern.
618 2594 1652 2679 vielleicht einen brutalen Versuch machen sollen,
1826 2622 2753 2695 So mißlang es ihr besonders, die wol¬
613 2652 1661 2740 das ganze Stück rein auf die agitatorisch scharfe
1730 2673 2756 2760 lüstig ätherhafte Intellektualität Rilkes, dieses
609 2722 1651 2792 oder auf die komödienhaft ironische Note zu
1736 2738 2762 2798 geistigsten Mannes, zu geben. Sehr wirkungs¬
610 2765 1646 2860 bringen? Aber vielleicht ist das zuviel verlangt
1725 2793 2751 2874 voll aber stellte sie „Belsazar" und Altes
674 2837 1651 2909 vielleicht ist der Regisseur doch nicht dazu
1726 2844 2755 2937 Cestament dar und Valentins feine Österskizze
607 2887 1648 2968 da, dem unwissenden Dichter zu sagen, was
1718 2907 2388 2985 hüllte sie in herzlichere Töne.
600 2938 1209 3027 er eigentlich gewollt hat!
2115 2972 2711 3057 Alfred Wolfenstein.
1185 3004 1637 3108 Julius Bab.
1054 3080 1180 3142 62n
2120 3055 2363 3161 6
599 3130 865 3200 Tia Rosen
1868 3173 2595 3266 Das entfesselte Schicksal.
697 3187 1657 3284 Sie las gut gewählte Stücke aus dem Kreise
2136 3250 2336 3334 Roman
596 3260 1643 3340 des alten und neuen Testaments. (Dies wird
2185 3320 2311 3380 von
585 3314 1639 3399 wohl der einzige Betracht sein, darin ihre Kö.per¬
2025 3362 2436 3444 Eduard Rod.
597 3384 1635 3446 lichkeit keine populäre Erwähnung findet...)
599 3446 1641 3518 Vom ersten Ton bis zum letzten ist ihre
2071 3436 2403 3519 (Fortsetzung.)
592 3498 1626 3572 Hingebung an den Vortrag märchenhaft ge¬
1904 3509 2732 3591 etzt begann Herr Motiers de Fraisse
597 3559 1635 3635 steigert, grenzenlos, wild bis zur Selbst¬
1923 3574 2747 3640 ein anderes Kapitel aus dem Leben
592 3621 1629 3694 zerstörung. Die Stimme scheint den Saal
1922 3621 2738 3696 Lermantes'. Er hatte die Absicht,
1708 3613 2729 3744 2 Schritt für Schritt dieser ereignis¬
584 3676 1626 3754 zu vergessen und im Gesang der Goethi¬
1704 3720 2388 3782 reichen Existenz zu folgen.
2437 3727 2739 3794 Ja, dieses
590 3740 1637 3818 schen Erzengel die Welt durchdringen zu wol¬
1709 3765 2738 3830 Leben war mehr bewegt als vorsichtig gewesen,
2415 4096 2538 4191 S
2931 4095 2983 4169 92
