3392 4352
1696 149 2147 244 box 30/1
334 161 1546 253 25. ProfessoBernha
343 804 475 894 396
3023 831 3384 916 1913. Nr. 14
1169 943 1329 1070 1e
1423 875 2014 1063 Cultur de.
2013 869 2803 1075 r.Gegenwart
355 1002 1461 1113 WL
339 1100 1135 1183 er die Kraft seiner rücksichtslosen In¬
2575 1124 3373 1183 einzuschleichen und die von diesem er¬
334 1167 1151 1225 gend eingesetzt, dann für Hauptmann,
2573 1183 3379 1234 worbene Stellung zu benutzen, als ob
340 1217 1141 1275 dessen Aufstieg und Entwicklung ohne
2572 1215 3375 1279 man sie selbst erworben hätte. Man
336 1255 1144 1313 die starke, gläubige Freundschaft Brahms,
2578 1272 3380 1333 gründete ein Geschäft in derselben
341 1300 1140 1355 der auch den Mißerfolgen kühl und
2567 1321 3373 1389 Straße, man stellte Leute auf mit
338 1336 1140 1402 unbeweglich in seiner. Direktionsloge
2563 1356 3384 1405 Kappen und Schildern., die an das
334 1379 1145 1448 trotzte, gar nicht zu denken war. Er
2566 1400 3370 1459 Geschäft der Konkurrenten erinnerten,
337 1424 1133 1495 hat eine Reihe der vorzüglichsten deut¬
2575 1451 3369 1494 man fing die Gäste ab, die in ein be¬
336 1465 1145 1526 schen Schauspieler herangezogen, hat
2573 1488 3380 1555 stimmtes Hotel wollten, als ob das
336 1517 1148 1578 ihnen den Stil gegeben und die Rollen,
2566 1528 3375 1587 eigne Hotel das von dem Gast ge¬
333 1558 1149 1629 hat ihr Talent durch große Aufgaben
2573 1578 3370 1633 wählte wäre, und suchte so in hundert¬
345 1601 1141 1667 gefördert. Rittner und Bassermann,
2560 1615 3372 1680 facher Weise dem andern das Wasser
341 1646 1137 1710 Sauer und Reicher, die Lehmann und
2570 1666 3381 1731 abzugraben. Frühere Zeiten waren
336 1697 1148 1752 die Sorma haben unter seiner Führung
2572 1700 3376 1764 dagegen mehr oder weniger empfin¬
337 1739 1153 1805 das Beste gegeben. Und der heute
2564 1752 3368 1807 dungslos und ließen derartige Miß¬
341 1782 1140 1828 berühmteste, rührigste, kühnste und
2573 1793 3372 1862 bräuche geschehen; wir aber haben ein
339 1819 1140 1876 noch in seinen Fehlern interessanteste
2572 1846 3371 1897 gesteigertes Rechtsbewußtsein, und wir
342 1868 1139 1929 deutsche Theatermann war als Schau¬
2572 1887 3379 1935 erklären alle diese Praktiken für un¬
337 1918 1140 1965 spieler, ist als Bühnenleiter sein Schü¬
2565 1927 3376 1988 erlaubt und brandmarken sie unter der
340 1965 1146 2025 ler: Maxr Reinhardt. Und noch eins
2569 1981 3371 2041 Bezeichnung des unlauteren Wettbe¬
342 2005 1138 2056 nicht zu vergessen: man hat dem
2575 2029 3376 2074 werbs, der „concurrence déloyale“.
338 2049 1149 2113 Theater (besonders wieder in jüngster
2636 2064 3380 2109 Ganz besonders wichtig ist bei den
335 2093 1137 2149 Zeit) viel vorgeworfen und pflegt den
2565 2111 3371 2171 verschiedensten Waren die Ortsbezeich¬
333 2140 1139 2188 Betrieb der Bühne nicht gerade schlecht¬
2567 2152 3381 2195 nung: Naturprodukte, die speziell nur
333 2170 1142 2246 hin als moralische Anstalt zu betrach¬
2562 2199 3368 2252 an gewissen Orten gedeihen, werden
334 2217 1137 2289 ten. Brahm stand als Mensch und
2563 2240 3370 2305 nach diesen Orten benannt; sehr häufig
335 2261 1138 2319 Direktor ganz einwandfrei da. Er war
2560 2284 3379 2348 drückt gerade die Lage der Ortlichkeit
337 2312 1144 2370 wortkarg — aber er hielt sein Wort.
2572 2330 3366 2394 dem Erzeugnis den eigentümlichen
333 2352 1154 2419 Er duldete keine Intrigen, nur der
2573 2376 3382 2436 Stempel auf. Ich brauche nur auf
338 2399 1142 2461 künstlerische Wert entschied. Er war
2564 2399 3378 2485 die Weinkultur zu verweisen, und wie
334 2438 1140 2507 finanziellen Experimenten abhold und
2566 2469 3377 2523 es hier Boden, Lage, Witterungsver¬
339 2489 1138 2550 zuweilen vielleicht zu vorsichtig spar¬
2570 2498 3368 2569 hältnisse sind, die dem Wein die eigen¬
333 2537 1142 2591 sam, aber er beunruhigte auch niemals
2560 2548 3366 2605 tümlichen Eigenschaften verleihen und
329 2577 1153 2646 seine Geldgeber. In der Zeit der
2562 2593 3366 2653 es bewirken, daß die eine Sorte feurig,
335 2618 1141 2688 Operetten und Revuen, des Bluffs
2558 2629 3367 2695 die andre mild, die eine herb, die andre
324 2669 1138 2717 und des Ausstattungskitschs führte der
2567 2671 3371 2739 süß ist, und wie eine jede Sorte wieder
335 2711 1146 2778 Sohn des Naturalismus, der Biograph
2573 2724 3369 2772 ihre besondere Blume hat, die sie dem
331 2755 1140 2817 Kleists eine deutsche Musterbühne, die
2571 2770 3377 2833 feinschmeckenden Gaumen empfiehlt.
328 2800 1137 2848 künstlerisch das höchste Niveau hatte,
2574 2809 3378 2872 Aber auch bei Fabrikationsprodukten
328 2843 1140 2910 keine Konzessionen an die Tageslaunen
2569 2860 3371 2915 kommen die Ortlichkeiten in Betracht.
329 2878 1145 2951 des Publikums machte und doch Geld
2579 2901 3370 2956 An manchen Orten sind die Produk¬
1347 2903 2336 2966 Szene aus Arthur Schnitzlers Professor Bernaardi“
328 2935 1139 2993 verdiente ... Nachmachen, inessieurs!
2570 2950 3376 3003 tionsbedingungen besonders günstig; die
1234 2951 2473 3046 Mag Landa (Minister Flint) und Dacarli (Professor Bernhandi))
2563 2988 3367 3038 Arbeiter sind eingeschult, die dort be¬
663 2980 1098 3060 Rudolf Presber
2573 3029 3371 3087 zogenen Zutaten ganz besonders wirk¬
1339 3045 2367 3134 Namentlich aber müssen alle diejenigen Praktiken
2364 3079 3366 3142 sam; und so kommt es, daß beispielsweise bei
1335 3118 2345 3175 vermieden werden, wodurch der eine es versucht,
2549 3112 3363 3178 ###ntion die Lillichkeit eine sehr große
420 3039 1178 3194 Vefeie n Gerestekaf
1343 3148 2348 3213 sich in die Persönlichkeit eines andern einzu¬
2351 3141 3368 3221 Rolle spielt. Münchener und Pilsener Bier sind
337 3158 518 3239 Kl
1146 3153 1334 3247 1
1346 3201 2356 3257 schleichen und den Schein zu erwecken, als ob seine
2358 3204 3368 3256 die zwei Pole der Bierbereitung: hier spielt die
404 3232 1260 3300 Über den unlauteren Wettbewerb
1346 3243 2356 3312 Leistungen von dem andern herrührten. Gerade
2368 3250 3370 3311 Ortlichkeit eine sehr große Rolle. Vielfach haben
396 3269 1333 3352 Die freie Konkurrenz unter Kaufleuten darf
1339 3289 2351 3346 in dieser Beziehung ist unendlich viel gefehlt
2362 3296 3364 3354 auch Industriebezirke von alters her einen be¬
333 3317 1326 3386 nicht in Zuchtlosigkeit ausarten; der ganze Ver¬
1342 3332 2344 3393 worden; man hat sich darum veranlaßt gesehen,
2355 3338 3370 3398 sonderen Ruhm darin erblickt, eine bestimmte
332 3378 1332 3423 kehr kann nur dann gedeihen, wenn jeder die
1338 3380 2350 3432 durch scharfe äußerliche Mittel eine solche Tren¬
2356 3380 3368 3440 Ware in höchster Vollkommenheit herzustellen,
1343 3421 2345 3481 nung der einzelnen Verkehrtreibenden herzu¬
335 3416 1332 3471 Persönlichkeit seines Konkurrenten achtet, wenn
2363 3429 3372 3480 und so haben die dortigen Erzeugnisse einen großen
1341 3460 2356 3520 stellen, daß Vermischungen und Verwischungen
327 3468 1344 3526 er ihn nicht durch Täuschung zu übertrumpfen
2352 3474 3367 3531 Namen erworben; oft haben sich hier Produktions¬
324 3508 1337 3566 und ihn nicht durch unsittliche Mittel herabzu¬
1344 3512 2351 3562 möglichst verhütet werden. So hat man das
2367 3514 3376 3579 weisen durch ganze Generationen hindurch fort¬
319 3550 1328 3608 drücken sucht; denn der Verkehr ist gebaut auf
1340 3547 2359 3596 Firmenrecht gegründet und bestimmt, daß jeder
2354 3557 3364 3615 geerbt, und eine Menge schätzenswerter Hand¬
332 3591 1329 3646 Ehrlichkeit: wir leben in einer ehrlichen Gesel!.
1344 3593 2346 3646 Handeltreibende seine feste Bezeichnung haben
2352 3610 3359 3663 griffe, die sich aus jahrelanger Übung ergaben,
329 3642 1341 3705 schaft und sollen in einer ehrlichen Gesellschaft
1348 3642 2342 3697 solle, wodurch er sich genan vom andern unter¬
2354 3645 3362 3720 haben den Erzeugnissen ein besonderes Ansehen
331 3686 1321 3736 leben. Würden etwa verwerfliche Mittel in Ge¬
1339 3679 2359 3728 scheidet; man hat ferner die Sitte eingeführt,
2354 3687 2580 3746 verliehen.
1334 3729 2349 3777 daß der einzelne Verkehrtreibende seine Ware
320 3722 1334 3780 brauch kommen, so würde die Ehrlichkeit durch
2427 3713 3362 3791 Auch hier hat die unehrliche Konkurrenz ein¬
1349 3766 2346 3823 durch besondere Zeichen (Marken oder Waren¬
321 3762 1335 3820 die Unehrlichkeit überboten, und der Ehrliche hätte
2354 3793 3372 3839 gesetzt, und hier war es namentlich ein Trick,
325 3812 1340 3883 nur die Wahl, entweder selber nnehrlich zu werden
1346 3818 2346 3871 zeichen) als von ihm herrührend kundgibt, und
2353 3820 3373 3868 dessen man sich bediente, um den Ortlichkeits¬
329 3865 1341 3915 oder sein Geschäft aufzugeben. Wie bei inem
1351 3856 2346 3909 man hat besondere Veranstaltungen getroffen,
2349 3869 3367 3931 namen zu mißbrauchen: man behauptete nämlich,
332 3904 2343 3961 Wettlauf und überhaupt bei jedem Einzelwirken, daß diese Marken registriert und auf solche Weise
2358 3910 3361 3970 daß die Ortlichkeitsbezeichnung nicht die Ortlich¬
326 3946 2343 4002 mehrerer, worin der eine den andern zu überholen der Umkreis eines jeden genau bestimmt werde.
2355 3949 3367 4013 keit als solche, sondern die Art der Ware kundgebe,
324 3989 2356 4058 sucht, so müssen auch hier gewisse Kampfregeln Mit diesen Mitteln suchte man in früheren Zeiten
2360 3996 3360 4054 wie sie an diesem Orte hergestellt werde, und
331 4035 1338 4091 beobachtet werden, denn sonst würde der Sieg
1328 4037 2345 4099 zu wirken, und sie haben natürlich eine relative
2354 4034 3359 4099 daß jede Ware ähnlicher Art mit demselben Ortlich¬
325 4077 2344 4138 nicht demjenigen zukommen, der am besten für Bedeutung gewonnen. Das Recht der Waren¬
2355 4084 3365 4143 keitsnamen benannt werden dürfe. Vielfach sind
