<?xml version="1.0" encoding="UTF-8" standalone="yes"?>
<PcGts xmlns="http://schema.primaresearch.org/PAGE/gts/pagecontent/2013-07-15" xmlns:xsi="http://www.w3.org/2001/XMLSchema-instance" xsi:schemaLocation="http://schema.primaresearch.org/PAGE/gts/pagecontent/2013-07-15 http://schema.primaresearch.org/PAGE/gts/pagecontent/2013-07-15/pagecontent.xsd">
    <Metadata>
        <Creator>prov=University of Rostock/Institute of Mathematics/CITlab/Gundram Leifert/gundram.leifert@uni-rostock.de:name=ONB_Newseye_GT_M1+(htr_id=10810)::::v=2.4.2
prov=University of Rostock/Institute of Mathematics/CITlab/Tobias Gruening/tobias.gruening@uni-rostock.de:name=de.uros.citlab.module.baseline2polygon.B2PSeamMultiOriented:v=2.4.2
prov=University of Rostock/Institute of Mathematics/CITlab/Tobias Gruening/tobias.gruening@uni-rostock.de:name=/mnt/transkribus/LA/DEA/URO/LA_news_onb_att.pb:de.uros.citlab.segmentation.CITlab_LA_ML:v=2.4.2
Transkribus</Creator>
        <Created>2019-10-07T11:14:45.543+02:00</Created>
        <LastChange>2019-10-08T04:14:28.703+02:00</LastChange>
        <TranskribusMetadata docId="223963" pageId="9497632" pageNr="601" tsid="16500613" status="IN_PROGRESS" userId="40391" imgUrl="https://files.transkribus.eu/Get?id=CLLMBYSPTNKMRHCYRLXPZJRK&amp;fileType=view" xmlUrl="https://files.transkribus.eu/Get?id=HWJJUPUKSSKYPLESVLPHYCCQ" imageId="6187859"/>
    </Metadata>
    <Page imageFilename="223963_0601.jpeg" imageWidth="3392" imageHeight="4352">
        <ReadingOrder>
            <OrderedGroup id="ro_1711442719294" caption="Regions reading order">
                <RegionRefIndexed index="0" regionRef="r1"/>
            </OrderedGroup>
        </ReadingOrder>
        <TextRegion orientation="0.0" id="r1" custom="readingOrder {index:0;}">
            <Coords points="266,180 266,4158 2065,4158 2065,180"/>
            <TextLine id="r1l1" custom="readingOrder {index:0;}">
                <Coords points="1628,211 1655,227 1688,211 1761,224 1837,208 1958,229 2072,197 2072,168 1979,144 1890,165 1866,150 1798,175 1766,162 1685,173 1628,148"/>
                <Baseline points="1636,207 1661,206 1686,206 1711,205 1736,205 1762,205 1787,206 1812,206 1837,206 1863,207 1888,207 1913,207 1938,207 1964,207 1989,206 2014,206 2039,205 2065,203"/>
                <TextEquiv>
                    <Unicode>box 31/4</Unicode>
                </TextEquiv>
            </TextLine>
            <TextLine id="r1l2" custom="readingOrder {index:1;}">
                <Coords points="259,230 1467,245 1422,155 260,177"/>
                <Baseline points="266,212 325,215 385,217 445,220 504,221 564,223 624,224 683,225 743,226 803,226 863,227 922,227 982,227 1042,227 1101,227 1161,227 1221,227 1280,227 1340,227 1400,228 1460,229"/>
                <TextEquiv>
                    <Unicode>25. ProfesserBernhandi</Unicode>
                </TextEquiv>
            </TextLine>
            <TextLine id="r1l3" custom="readingOrder {index:2;}">
                <Coords points="914,641 1564,628 1838,580 1916,604 2011,573 2006,479 1839,539 1767,493 1627,508 1579,475 1351,568 1243,512 1138,513 910,575"/>
                <Baseline points="921,631 975,628 1029,626 1083,624 1137,621 1191,619 1245,616 1300,613 1354,610 1408,607 1462,603 1516,600 1570,596 1624,593 1679,589 1733,586 1787,582 1841,578 1895,574 1949,570 2004,566"/>
                <TextEquiv>
                    <Unicode>L AC</Unicode>
                </TextEquiv>
            </TextLine>
            <TextLine id="r1l4" custom="readingOrder {index:3;}">
                <Coords points="919,760 2055,682 2051,625 1939,590 914,678"/>
                <Baseline points="925,734 981,733 1037,732 1093,729 1149,727 1205,724 1261,722 1317,718 1373,714 1429,711 1486,707 1542,702 1598,698 1654,694 1710,691 1766,687 1822,683 1878,680 1934,677 1990,674 2047,671"/>
                <TextEquiv>
                    <Unicode>DURRANTS PREss CurTInos,</Unicode>
                </TextEquiv>
            </TextLine>
            <TextLine id="r1l5" custom="readingOrder {index:4;}">
                <Coords points="924,836 2012,772 2059,744 2056,693 922,791"/>
                <Baseline points="931,814 987,812 1043,810 1099,806 1155,803 1211,801 1267,797 1323,793 1379,789 1435,785 1491,781 1547,777 1603,773 1659,770 1715,766 1771,762 1827,758 1883,754 1939,751 1995,748 2051,745"/>
                <TextEquiv>
                    <Unicode>St. Andrew’s House, 32 to 34 Holborn Viaduct,</Unicode>
                </TextEquiv>
            </TextLine>
            <TextLine id="r1l6" custom="readingOrder {index:5;}">
                <Coords points="928,888 1076,912 1366,858 1625,881 1734,833 2068,829 2018,781 1750,805 1687,770 1169,851 1068,810 927,878"/>
                <Baseline points="936,890 992,886 1048,882 1104,878 1160,874 1216,870 1272,866 1329,863 1385,860 1441,856 1497,853 1553,850 1609,846 1665,843 1722,840 1778,836 1834,833 1890,830 1946,825 2002,822 2059,818"/>
                <TextEquiv>
                    <Unicode>and 3. St. Andrew Street, Holborn Circus, B.C.1.</Unicode>
                </TextEquiv>
            </TextLine>
            <TextLine id="r1l7" custom="readingOrder {index:6;}">
                <Coords points="1227,918 1312,937 1594,918 1619,898 1744,906 1772,895 1769,849 1646,877 1526,864 1496,885 1451,858 1379,883 1225,893"/>
                <Baseline points="1235,933 1261,932 1288,930 1314,928 1341,926 1367,924 1394,922 1420,920 1447,919 1473,917 1500,916 1526,914 1553,912 1579,910 1606,908 1632,906 1659,905 1685,903 1712,901 1738,899 1765,897"/>
                <TextEquiv>
                    <Unicode>TalephonhI GITV 49981</Unicode>
                </TextEquiv>
            </TextLine>
            <TextLine id="r1l8" custom="readingOrder {index:7;}">
                <Coords points="1486,946 1494,946 1498,948 1499,950 1506,948 1507,946 1515,947 1518,914 1509,914 1506,910 1499,911 1490,910"/>
                <Baseline points="1495,933 1509,934"/>
                <TextEquiv>
                    <Unicode>—</Unicode>
                </TextEquiv>
            </TextLine>
            <TextLine id="r1l9" custom="readingOrder {index:8;}">
                <Coords points="1143,1055 1499,1058 1549,1029 1624,1045 1692,1015 1916,997 1913,962 1855,941 1795,962 1728,940 1674,969 1592,948 1543,979 1494,955 1418,984 1358,964 1139,996"/>
                <Baseline points="1149,1047 1187,1044 1225,1043 1263,1040 1301,1038 1339,1035 1377,1033 1415,1031 1453,1028 1491,1025 1529,1023 1567,1020 1605,1017 1643,1015 1681,1012 1719,1010 1757,1008 1795,1006 1833,1003 1871,1002 1909,1000"/>
                <TextEquiv>
                    <Unicode>Birmingham Post</Unicode>
                </TextEquiv>
            </TextLine>
            <TextLine id="r1l10" custom="readingOrder {index:9;}">
                <Coords points="1246,1121 1513,1103 1619,1123 1650,1092 1808,1083 1805,1020 1751,1052 1593,1028 1508,1071 1438,1053 1243,1070"/>
                <Baseline points="1254,1112 1281,1111 1308,1109 1336,1108 1363,1107 1390,1105 1418,1104 1445,1102 1472,1100 1500,1099 1527,1098 1554,1096 1582,1094 1609,1093 1636,1091 1664,1089 1691,1087 1718,1085 1746,1083 1773,1081 1801,1079"/>
                <TextEquiv>
                    <Unicode>36 New Street, Bigmingham.</Unicode>
                </TextEquiv>
            </TextLine>
            <TextLine id="r1l11" custom="readingOrder {index:10;}">
                <Coords points="1809,1146 1845,1141 1857,1148 1861,1144 1874,1148 1881,1140 1912,1144 1906,1055 1895,1060 1884,1058 1826,1016 1800,1012"/>
                <Baseline points="1816,1136 1845,1134 1874,1130 1904,1132"/>
                <TextEquiv>
                    <Unicode>944</Unicode>
                </TextEquiv>
            </TextLine>
            <TextLine id="r1l12" custom="readingOrder {index:11;}">
                <Coords points="936,1220 1105,1239 1434,1195 1550,1221 1694,1177 2006,1165 1975,1084 1873,1148 1518,1169 1402,1139 1324,1174 1023,1159 934,1191"/>
                <Baseline points="943,1219 995,1218 1048,1216 1101,1214 1153,1212 1206,1210 1259,1207 1311,1204 1364,1201 1417,1198 1470,1195 1522,1191 1575,1187 1628,1183 1680,1179 1733,1175 1786,1171 1838,1167 1891,1162 1944,1158 1997,1153"/>
                <TextEquiv>
                    <Unicode>Cuting from issue datedr e-r</Unicode>
                </TextEquiv>
            </TextLine>
            <TextLine id="r1l13" custom="readingOrder {index:12;}">
                <Coords points="1064,1348 1979,1376 1975,1289 1656,1288 1593,1325 1518,1284 1066,1281"/>
                <Baseline points="1072,1333 1117,1335 1162,1336 1207,1337 1252,1338 1297,1340 1342,1341 1387,1342 1432,1344 1477,1345 1522,1346 1567,1347 1612,1349 1657,1350 1702,1351 1747,1352 1792,1354 1837,1355 1882,1356 1927,1357 1972,1358"/>
                <TextEquiv>
                    <Unicode>PLAYS AND PLAYERS.</Unicode>
                </TextEquiv>
            </TextLine>
            <TextLine id="r1l14" custom="readingOrder {index:13;}">
                <Coords points="1137,1518 1340,1545 1488,1523 1834,1543 1871,1565 1897,1506 1659,1459 1522,1483 1394,1454 1312,1478 1138,1469"/>
                <Baseline points="1144,1514 1181,1515 1218,1517 1255,1518 1292,1519 1330,1521 1367,1522 1404,1523 1441,1524 1478,1525 1516,1527 1553,1528 1590,1529 1627,1530 1664,1531 1702,1531 1739,1532 1776,1533 1813,1533 1850,1533 1888,1533"/>
                <TextEquiv>
                    <Unicode>PROFESSCR BERNHARDI.</Unicode>
                </TextEquiv>
            </TextLine>
            <TextLine id="r1l15" custom="readingOrder {index:14;}">
                <Coords points="1093,1697 1974,1723 1975,1675 1902,1688 1794,1645 1725,1668 1640,1634 1524,1677 1381,1667 1321,1629 1095,1648"/>
                <Baseline points="1101,1686 1144,1688 1187,1690 1230,1693 1274,1695 1317,1696 1360,1697 1404,1698 1447,1700 1490,1701 1534,1702 1577,1703 1620,1704 1663,1705 1707,1706 1750,1707 1793,1708 1837,1710 1880,1711 1923,1713 1967,1715"/>
                <TextEquiv>
                    <Unicode>Before 1914, it was quite the fashion to</Unicode>
                </TextEquiv>
            </TextLine>
            <TextLine id="r1l16" custom="readingOrder {index:15;}">
                <Coords points="1071,1749 1972,1770 1973,1734 1908,1711 1073,1694"/>
                <Baseline points="1079,1732 1123,1734 1167,1735 1211,1737 1256,1738 1300,1740 1344,1741 1389,1742 1433,1744 1477,1745 1522,1746 1566,1748 1610,1749 1654,1750 1699,1751 1743,1753 1787,1753 1832,1755 1876,1755 1920,1756 1965,1757"/>
                <TextEquiv>
                    <Unicode>admire the comedies of Arthur Schnitzler. It</Unicode>
                </TextEquiv>
            </TextLine>
            <TextLine id="r1l17" custom="readingOrder {index:16;}">
                <Coords points="1072,1787 1878,1821 1979,1811 1981,1769 1073,1751"/>
                <Baseline points="1079,1781 1123,1781 1168,1781 1213,1782 1257,1783 1302,1784 1347,1786 1391,1787 1436,1789 1481,1790 1526,1792 1570,1794 1615,1796 1660,1797 1704,1799 1749,1800 1794,1801 1838,1802 1883,1802 1928,1803 1973,1802"/>
                <TextEquiv>
                    <Unicode>is true that the admiration was centred largely</Unicode>
                </TextEquiv>
            </TextLine>
            <TextLine id="r1l18" custom="readingOrder {index:17;}">
                <Coords points="1063,1834 1952,1867 1976,1821 1063,1801"/>
                <Baseline points="1070,1825 1114,1827 1159,1828 1204,1829 1249,1831 1294,1832 1339,1834 1383,1835 1428,1837 1473,1838 1518,1839 1563,1841 1608,1842 1653,1843 1697,1845 1742,1846 1787,1847 1832,1847 1877,1848 1922,1849 1967,1850"/>
                <TextEquiv>
                    <Unicode>upon Anatol, tlie gracious, elegant, cynical</Unicode>
                </TextEquiv>
            </TextLine>
            <TextLine id="r1l19" custom="readingOrder {index:18;}">
                <Coords points="1060,1875 1970,1906 1971,1865 1883,1852 1061,1833"/>
                <Baseline points="1068,1871 1112,1872 1157,1873 1202,1875 1247,1876 1291,1877 1336,1879 1381,1880 1426,1882 1470,1883 1515,1884 1560,1886 1605,1887 1649,1888 1694,1889 1739,1890 1784,1890 1828,1891 1873,1891 1918,1891 1963,1890"/>
                <TextEquiv>
                    <Unicode>cyele of plays about the love affairs of that</Unicode>
                </TextEquiv>
            </TextLine>
            <TextLine id="r1l20" custom="readingOrder {index:19;}">
                <Coords points="1064,1920 1885,1952 1948,1945 1970,1905 1065,1880"/>
                <Baseline points="1072,1915 1116,1916 1160,1918 1205,1919 1249,1921 1294,1922 1338,1923 1383,1925 1427,1926 1472,1927 1516,1928 1560,1930 1605,1931 1649,1932 1694,1933 1738,1934 1783,1935 1827,1937 1872,1938 1916,1939 1961,1940"/>
                <TextEquiv>
                    <Unicode>Viennese exquisite, and particularly upon the</Unicode>
                </TextEquiv>
            </TextLine>
            <TextLine id="r1l21" custom="readingOrder {index:20;}">
                <Coords points="1054,1969 1720,1979 1838,2007 1959,1989 1960,1942 1447,1923 1055,1949"/>
                <Baseline points="1062,1963 1106,1963 1151,1964 1195,1965 1240,1966 1284,1967 1329,1967 1373,1969 1418,1970 1462,1971 1507,1972 1551,1973 1596,1974 1640,1975 1685,1976 1729,1978 1774,1979 1818,1980 1863,1982 1907,1983 1952,1985"/>
                <TextEquiv>
                    <Unicode>mnost amusing of them.“ The Fareweli Supper,</Unicode>
                </TextEquiv>
            </TextLine>
            <TextLine id="r1l22" custom="readingOrder {index:21;}">
                <Coords points="1059,2008 1929,2044 1968,2034 1969,1992 1059,1980"/>
                <Baseline points="1066,2007 1110,2007 1155,2008 1200,2008 1244,2009 1289,2010 1334,2012 1378,2013 1423,2015 1468,2016 1513,2018 1557,2020 1602,2021 1647,2022 1691,2024 1736,2025 1781,2025 1825,2026 1870,2026 1915,2026 1960,2025"/>
                <TextEquiv>
                    <Unicode>where he is“ chucked'’ by a chorus-girl. The</Unicode>
                </TextEquiv>
            </TextLine>
            <TextLine id="r1l23" custom="readingOrder {index:22;}">
                <Coords points="1056,2049 1969,2082 1948,2036 1057,2016"/>
                <Baseline points="1063,2050 1110,2051 1157,2053 1204,2054 1252,2056 1299,2058 1346,2059 1394,2061 1441,2062 1488,2064 1536,2066 1583,2067 1630,2068 1678,2069 1725,2071 1772,2071 1820,2072 1867,2072 1914,2072 1962,2072"/>
                <TextEquiv>
                    <Unicode>cyele was published with a prologue by Hugo</Unicode>
                </TextEquiv>
            </TextLine>
            <TextLine id="r1l24" custom="readingOrder {index:23;}">
                <Coords points="1060,2101 1982,2120 1893,2080 1061,2061"/>
                <Baseline points="1068,2100 1113,2100 1158,2101 1203,2102 1249,2103 1294,2104 1339,2105 1385,2106 1430,2108 1475,2109 1521,2111 1566,2112 1611,2113 1656,2115 1702,2116 1747,2117 1792,2119 1838,2119 1883,2120 1928,2121 1974,2121"/>
                <TextEquiv>
                    <Unicode>von Hofmannstal, a lovely thing which</Unicode>
                </TextEquiv>
            </TextLine>
            <TextLine id="r1l25" custom="readingOrder {index:24;}">
                <Coords points="1052,2132 1356,2177 1469,2142 1525,2171 1975,2151 1899,2121 1626,2136 1516,2105 1109,2121 1053,2088"/>
                <Baseline points="1060,2142 1105,2144 1150,2146 1196,2147 1241,2148 1287,2150 1332,2151 1377,2151 1423,2152 1468,2153 1514,2154 1559,2155 1604,2156 1650,2157 1695,2157 1741,2158 1786,2159 1831,2160 1877,2161 1922,2162 1968,2163"/>
                <TextEquiv>
                    <Unicode>described them as “ satires in silk.?' After</Unicode>
                </TextEquiv>
            </TextLine>
            <TextLine id="r1l26" custom="readingOrder {index:25;}">
                <Coords points="1067,2186 1733,2225 1942,2223 1967,2195 1068,2146"/>
                <Baseline points="1075,2184 1119,2187 1163,2190 1207,2192 1251,2193 1296,2195 1340,2197 1384,2198 1428,2199 1472,2200 1517,2201 1561,2202 1605,2203 1649,2204 1693,2204 1738,2205 1782,2206 1826,2207 1870,2207 1914,2208 1959,2210"/>
                <TextEquiv>
                    <Unicode>*Anatol,' the comedy of light love, came</Unicode>
                </TextEquiv>
            </TextLine>
            <TextLine id="r1l27" custom="readingOrder {index:26;}">
                <Coords points="1054,2216 1127,2250 1289,2231 1407,2264 1592,2239 1715,2268 1977,2258 1978,2220 1909,2214 1055,2201"/>
                <Baseline points="1061,2225 1106,2229 1151,2232 1197,2235 1242,2238 1288,2240 1333,2242 1378,2243 1424,2244 1469,2246 1515,2247 1560,2248 1605,2248 1651,2249 1696,2250 1742,2251 1787,2251 1832,2252 1878,2253 1923,2255 1969,2256"/>
                <TextEquiv>
                    <Unicode>* Liebelei.'' its tragedy, in which, under the</Unicode>
                </TextEquiv>
            </TextLine>
            <TextLine id="r1l28" custom="readingOrder {index:27;}">
                <Coords points="1038,2310 1225,2277 1898,2324 1975,2301 1967,2256 1640,2252 1582,2280 1040,2236"/>
                <Baseline points="1046,2280 1092,2281 1138,2282 1184,2283 1230,2284 1276,2285 1322,2287 1368,2288 1414,2289 1460,2291 1506,2292 1552,2293 1598,2295 1644,2296 1690,2297 1736,2298 1782,2299 1828,2300 1874,2301 1920,2302 1967,2303"/>
                <TextEquiv>
                    <Unicode>title of Light o' Love, Mr. Ainley, the</Unicode>
                </TextEquiv>
            </TextLine>
            <TextLine id="r1l29" custom="readingOrder {index:28;}">
                <Coords points="1034,2350 1886,2357 1974,2345 1975,2320 1230,2278 1098,2299 1036,2269"/>
                <Baseline points="1042,2331 1088,2330 1134,2329 1180,2329 1226,2329 1273,2329 1319,2330 1365,2331 1411,2333 1457,2334 1504,2335 1550,2337 1596,2338 1642,2339 1688,2341 1735,2342 1781,2343 1827,2343 1873,2344 1919,2343 1966,2343"/>
                <TextEquiv>
                    <Unicode>young and radiant Henry Ainley of those</Unicode>
                </TextEquiv>
            </TextLine>
            <TextLine id="r1l30" custom="readingOrder {index:29;}">
                <Coords points="1043,2377 1832,2407 1970,2383 1824,2340 1588,2361 1092,2328 1044,2351"/>
                <Baseline points="1051,2372 1096,2372 1142,2372 1187,2372 1233,2373 1278,2374 1324,2374 1369,2375 1415,2377 1460,2378 1506,2380 1552,2381 1597,2383 1643,2384 1688,2385 1734,2387 1779,2387 1825,2388 1870,2389 1916,2389 1962,2389"/>
                <TextEquiv>
                    <Unicode>days, played Fritz. This was during Sir</Unicode>
                </TextEquiv>
            </TextLine>
            <TextLine id="r1l31" custom="readingOrder {index:30;}">
                <Coords points="1051,2431 1954,2451 1972,2412 1052,2383"/>
                <Baseline points="1058,2414 1103,2415 1148,2416 1193,2418 1239,2419 1284,2420 1329,2421 1374,2422 1420,2423 1465,2424 1510,2426 1555,2427 1601,2428 1646,2430 1691,2431 1736,2433 1782,2434 1827,2435 1872,2437 1917,2438 1963,2440"/>
                <TextEquiv>
                    <Unicode>Herbert Tree's venture at His Majesty’s,</Unicode>
                </TextEquiv>
            </TextLine>
            <TextLine id="r1l32" custom="readingOrder {index:31;}">
                <Coords points="1046,2482 1912,2493 1973,2482 1974,2451 1047,2422"/>
                <Baseline points="1054,2464 1099,2464 1145,2464 1190,2465 1236,2465 1282,2466 1327,2467 1373,2468 1418,2469 1464,2470 1510,2472 1555,2473 1601,2475 1646,2476 1692,2477 1738,2478 1783,2479 1829,2480 1874,2481 1920,2481 1966,2481"/>
                <TextEquiv>
                    <Unicode>called the Afternoon Theatre. It would be</Unicode>
                </TextEquiv>
            </TextLine>
            <TextLine id="r1l33" custom="readingOrder {index:32;}">
                <Coords points="1044,2513 1886,2534 1955,2528 1982,2487 1045,2469"/>
                <Baseline points="1052,2505 1098,2506 1144,2508 1190,2509 1236,2510 1282,2512 1328,2513 1374,2514 1420,2515 1466,2516 1512,2517 1558,2519 1604,2519 1650,2521 1696,2522 1742,2523 1788,2524 1834,2525 1880,2527 1926,2528 1973,2530"/>
                <TextEquiv>
                    <Unicode>idlo to pretend that any ordinary knowledge of</Unicode>
                </TextEquiv>
            </TextLine>
            <TextLine id="r1l34" custom="readingOrder {index:33;}">
                <Coords points="1056,2559 1928,2589 1955,2582 1957,2527 1057,2522"/>
                <Baseline points="1064,2551 1108,2553 1152,2554 1196,2555 1240,2556 1285,2557 1329,2559 1373,2560 1417,2561 1461,2563 1506,2564 1550,2565 1594,2567 1638,2569 1682,2570 1727,2572 1771,2574 1815,2576 1859,2578 1903,2580 1948,2583"/>
                <TextEquiv>
                    <Unicode>German was enptglisto Teild Liebelei! in</Unicode>
                </TextEquiv>
            </TextLine>
            <TextLine id="r1l35" custom="readingOrder {index:34;}">
                <Coords points="1044,2598 1967,2632 1957,2574 1850,2597 1046,2556"/>
                <Baseline points="1052,2595 1097,2597 1142,2599 1188,2600 1233,2602 1278,2603 1324,2605 1369,2607 1414,2608 1460,2609 1505,2611 1550,2612 1596,2614 1641,2615 1686,2616 1732,2617 1777,2618 1822,2620 1868,2621 1913,2622 1959,2623"/>
                <TextEquiv>
                    <Unicode>the original, for it was written in the colloquial</Unicode>
                </TextEquiv>
            </TextLine>
            <TextLine id="r1l36" custom="readingOrder {index:35;}">
                <Coords points="1042,2653 1836,2682 1957,2653 1941,2628 1640,2642 1044,2598"/>
                <Baseline points="1049,2641 1094,2641 1139,2643 1184,2644 1229,2646 1274,2647 1319,2649 1364,2651 1409,2653 1454,2655 1499,2657 1544,2659 1589,2661 1634,2662 1679,2664 1724,2665 1769,2666 1814,2667 1859,2667 1904,2667 1949,2666"/>
                <TextEquiv>
                    <Unicode>idiomatie Viennese dialect— not merely</Unicode>
                </TextEquiv>
            </TextLine>
            <TextLine id="r1l37" custom="readingOrder {index:36;}">
                <Coords points="1050,2685 1179,2712 1494,2689 1597,2727 1732,2702 1815,2731 1929,2713 1931,2675 1051,2646"/>
                <Baseline points="1057,2688 1100,2688 1143,2689 1186,2689 1230,2691 1273,2692 1316,2694 1359,2695 1403,2697 1446,2699 1489,2701 1532,2702 1576,2704 1619,2706 1662,2708 1705,2710 1749,2712 1792,2713 1835,2714 1878,2715 1922,2716"/>
                <TextEquiv>
                    <Unicode>Wiener but Weaner.“' However, Anatol?</Unicode>
                </TextEquiv>
            </TextLine>
            <TextLine id="r1l38" custom="readingOrder {index:37;}">
                <Coords points="1048,2732 1898,2781 1949,2741 1050,2684"/>
                <Baseline points="1056,2731 1100,2733 1144,2735 1188,2736 1232,2738 1277,2739 1321,2741 1365,2742 1409,2744 1453,2746 1498,2748 1542,2749 1586,2751 1630,2753 1674,2754 1719,2756 1763,2757 1807,2759 1851,2760 1895,2762 1940,2763"/>
                <TextEquiv>
                    <Unicode>was beautifully translated by Granville Barker,</Unicode>
                </TextEquiv>
            </TextLine>
            <TextLine id="r1l39" custom="readingOrder {index:38;}">
                <Coords points="1034,2782 1874,2827 1960,2806 1943,2765 1368,2765 1036,2722"/>
                <Baseline points="1042,2773 1087,2775 1133,2778 1178,2780 1224,2782 1269,2784 1315,2786 1360,2787 1406,2789 1451,2791 1497,2793 1543,2795 1588,2796 1634,2797 1679,2799 1725,2800 1770,2801 1816,2803 1861,2804 1907,2805 1953,2807"/>
                <TextEquiv>
                    <Unicode>and" Leibelei,“ under the title of“ Playi.g</Unicode>
                </TextEquiv>
            </TextLine>
            <TextLine id="r1l40" custom="readingOrder {index:39;}">
                <Coords points="1036,2817 1730,2867 1945,2853 1946,2814 1803,2804 1037,2790"/>
                <Baseline points="1043,2820 1087,2822 1132,2824 1177,2826 1221,2828 1266,2829 1311,2832 1355,2833 1400,2835 1445,2837 1490,2839 1534,2840 1579,2842 1624,2844 1668,2845 1713,2847 1758,2849 1802,2851 1847,2852 1892,2854 1937,2855"/>
                <TextEquiv>
                    <Unicode>with Love? was rendered quite delightfully oy</Unicode>
                </TextEquiv>
            </TextLine>
            <TextLine id="r1l41" custom="readingOrder {index:40;}">
                <Coords points="1020,2880 1816,2916 1948,2893 1912,2860 1023,2821"/>
                <Baseline points="1028,2868 1073,2868 1119,2869 1164,2870 1210,2871 1256,2873 1301,2874 1347,2877 1393,2879 1438,2881 1484,2883 1530,2885 1575,2888 1621,2889 1667,2891 1712,2893 1758,2894 1804,2896 1849,2897 1895,2897 1941,2898"/>
                <TextEquiv>
                    <Unicode>Morton Shand, in atranslation which appeared</Unicode>
                </TextEquiv>
            </TextLine>
            <TextLine id="r1l42" custom="readingOrder {index:41;}">
                <Coords points="1025,2907 1940,2948 1941,2905 1026,2883"/>
                <Baseline points="1032,2912 1077,2914 1122,2915 1167,2917 1212,2919 1257,2920 1302,2922 1347,2924 1392,2926 1437,2928 1482,2929 1527,2931 1572,2933 1617,2935 1662,2936 1707,2937 1752,2938 1797,2940 1842,2940 1887,2941 1933,2942"/>
                <TextEquiv>
                    <Unicode>only a very few weeks before the outbreak of</Unicode>
                </TextEquiv>
            </TextLine>
            <TextLine id="r1l43" custom="readingOrder {index:42;}">
                <Coords points="1029,2946 1131,2983 1953,2989 1930,2947 1031,2909"/>
                <Baseline points="1036,2958 1081,2959 1126,2961 1172,2962 1217,2964 1263,2966 1308,2967 1354,2969 1399,2971 1445,2972 1490,2975 1535,2977 1581,2979 1626,2980 1672,2983 1717,2984 1763,2986 1808,2987 1854,2989 1899,2990 1945,2991"/>
                <TextEquiv>
                    <Unicode>war, and I remember at that timie writing, with</Unicode>
                </TextEquiv>
            </TextLine>
            <TextLine id="r1l44" custom="readingOrder {index:43;}">
                <Coords points="1032,3010 1839,3053 1939,3050 1941,3005 1033,2964"/>
                <Baseline points="1040,3003 1084,3005 1129,3006 1173,3008 1218,3010 1263,3012 1307,3013 1352,3015 1396,3017 1441,3018 1486,3020 1530,3022 1575,3024 1619,3026 1664,3027 1709,3029 1753,3030 1798,3031 1842,3033 1887,3034 1932,3035"/>
                <TextEquiv>
                    <Unicode>the aid of sundry French translations, a</Unicode>
                </TextEquiv>
            </TextLine>
            <TextLine id="r1l45" custom="readingOrder {index:44;}">
                <Coords points="1026,3055 1935,3097 1947,3045 1108,3022 1028,2991"/>
                <Baseline points="1034,3047 1079,3049 1124,3051 1169,3052 1215,3054 1260,3056 1305,3057 1350,3059 1396,3061 1441,3063 1486,3064 1531,3065 1577,3067 1622,3068 1667,3070 1712,3071 1758,3072 1803,3074 1848,3075 1893,3076 1939,3077"/>
                <TextEquiv>
                    <Unicode>ca#nserte upon Arthur Schnitzler, which was</Unicode>
                </TextEquiv>
            </TextLine>
            <TextLine id="r1l46" custom="readingOrder {index:45;}">
                <Coords points="1024,3088 1932,3138 1909,3081 1025,3066"/>
                <Baseline points="1031,3092 1075,3093 1120,3095 1165,3097 1210,3099 1254,3100 1299,3102 1344,3104 1389,3106 1433,3108 1478,3110 1523,3112 1568,3113 1612,3115 1657,3116 1702,3118 1747,3119 1791,3120 1836,3121 1881,3122 1926,3123"/>
                <TextEquiv>
                    <Unicode>destined never to appear in print. And, of</Unicode>
                </TextEquiv>
            </TextLine>
            <TextLine id="r1l47" custom="readingOrder {index:46;}">
                <Coords points="1022,3128 1334,3172 1405,3150 1934,3173 1935,3139 1754,3117 1103,3117 1024,3088"/>
                <Baseline points="1030,3138 1074,3140 1119,3141 1164,3142 1209,3144 1254,3146 1299,3148 1343,3149 1388,3151 1433,3153 1478,3155 1523,3157 1568,3158 1613,3161 1657,3162 1702,3164 1747,3166 1792,3166 1837,3168 1882,3169 1927,3170"/>
                <TextEquiv>
                    <Unicode>his several plays it seemed to me that the</Unicode>
                </TextEquiv>
            </TextLine>
            <TextLine id="r1l48" custom="readingOrder {index:47;}">
                <Coords points="1010,3203 1731,3231 1899,3223 1939,3188 1063,3156 1013,3123"/>
                <Baseline points="1018,3183 1063,3185 1109,3186 1154,3188 1200,3189 1246,3191 1291,3193 1337,3194 1382,3196 1428,3197 1474,3199 1519,3201 1565,3203 1610,3205 1656,3207 1702,3208 1747,3210 1793,3212 1838,3214 1884,3217 1930,3218"/>
                <TextEquiv>
                    <Unicode>greatest, the most austere, was “ Professor</Unicode>
                </TextEquiv>
            </TextLine>
            <TextLine id="r1l49" custom="readingOrder {index:48;}">
                <Coords points="1008,3235 1061,3244 1099,3235 1116,3245 1157,3237 1185,3255 1208,3237 1275,3232 1276,3197 1206,3196 1168,3211 1136,3194 1115,3207 1096,3191 1075,3201 1032,3185 1009,3190"/>
                <Baseline points="1016,3226 1041,3226 1066,3226 1091,3226 1116,3226 1141,3227 1166,3228 1191,3230 1216,3231 1241,3233 1267,3236"/>
                <TextEquiv>
                    <Unicode>Bernhardi.“</Unicode>
                </TextEquiv>
            </TextLine>
            <TextLine id="r1l50" custom="readingOrder {index:49;}">
                <Coords points="1051,3268 1173,3298 1919,3317 1920,3276 1817,3256 1052,3242"/>
                <Baseline points="1058,3270 1100,3273 1143,3275 1186,3277 1228,3280 1271,3282 1314,3284 1356,3285 1399,3288 1442,3289 1485,3292 1527,3293 1570,3295 1613,3297 1655,3298 1698,3299 1741,3301 1783,3302 1826,3303 1869,3304 1912,3304"/>
                <TextEquiv>
                    <Unicode>There is very little of the Arthur Schnitzler</Unicode>
                </TextEquiv>
            </TextLine>
            <TextLine id="r1l51" custom="readingOrder {index:50;}">
                <Coords points="1021,3318 1323,3352 1924,3348 1925,3317 1884,3309 1022,3288"/>
                <Baseline points="1028,3315 1072,3317 1116,3320 1161,3322 1205,3323 1250,3325 1294,3327 1339,3329 1383,3331 1428,3333 1472,3335 1516,3337 1561,3339 1605,3340 1650,3342 1694,3344 1739,3345 1783,3347 1828,3349 1872,3351 1917,3352"/>
                <TextEquiv>
                    <Unicode>who wrote Anatol and“ Playing With</Unicode>
                </TextEquiv>
            </TextLine>
            <TextLine id="r1l52" custom="readingOrder {index:51;}">
                <Coords points="1014,3363 1920,3397 1904,3359 1796,3347 1016,3324"/>
                <Baseline points="1022,3366 1066,3367 1111,3367 1155,3369 1200,3370 1244,3371 1289,3372 1333,3374 1378,3376 1422,3378 1467,3380 1512,3382 1556,3384 1601,3386 1645,3387 1690,3389 1734,3390 1779,3391 1823,3392 1868,3393 1913,3394"/>
                <TextEquiv>
                    <Unicode>Love“ in" Professor Bernhardi,' which has</Unicode>
                </TextEquiv>
            </TextLine>
            <TextLine id="r1l53" custom="readingOrder {index:52;}">
                <Coords points="1009,3428 1917,3448 1907,3396 1518,3407 1012,3367"/>
                <Baseline points="1018,3410 1062,3411 1107,3413 1151,3414 1196,3416 1241,3417 1285,3419 1330,3421 1375,3423 1419,3425 1464,3427 1509,3428 1553,3430 1598,3432 1643,3434 1687,3436 1732,3437 1777,3438 1821,3439 1866,3440 1911,3440"/>
                <TextEquiv>
                    <Unicode>nothing whatever to commend it to idle play¬</Unicode>
                </TextEquiv>
            </TextLine>
            <TextLine id="r1l54" custom="readingOrder {index:53;}">
                <Coords points="1016,3465 1920,3489 1915,3448 1018,3429"/>
                <Baseline points="1024,3458 1068,3458 1112,3459 1157,3460 1201,3462 1246,3463 1290,3465 1335,3467 1379,3469 1424,3471 1468,3473 1512,3475 1557,3477 1601,3478 1646,3480 1690,3482 1735,3483 1779,3484 1824,3485 1868,3485 1913,3486"/>
                <TextEquiv>
                    <Unicode>goers or idle readers. It has now been trans¬</Unicode>
                </TextEquiv>
            </TextLine>
            <TextLine id="r1l55" custom="readingOrder {index:54;}">
                <Coords points="1016,3512 1918,3544 1919,3507 1817,3494 1018,3467"/>
                <Baseline points="1024,3502 1068,3503 1112,3504 1157,3506 1201,3508 1245,3509 1290,3511 1334,3513 1378,3515 1423,3516 1467,3518 1511,3521 1556,3522 1600,3524 1644,3525 1689,3527 1733,3528 1777,3530 1822,3531 1866,3532 1911,3532"/>
                <TextEquiv>
                    <Unicode>lated into English by Miss Hetty Landstone</Unicode>
                </TextEquiv>
            </TextLine>
            <TextLine id="r1l56" custom="readingOrder {index:55;}">
                <Coords points="1001,3567 1931,3591 1933,3537 1003,3522"/>
                <Baseline points="1010,3546 1055,3548 1101,3550 1147,3552 1192,3553 1238,3555 1284,3557 1329,3559 1375,3560 1421,3562 1467,3564 1512,3565 1558,3567 1604,3569 1649,3570 1695,3572 1741,3574 1786,3575 1832,3576 1878,3578 1924,3580"/>
                <TextEquiv>
                    <Unicode>(Faber and Gwyer, 68.). There was a previous</Unicode>
                </TextEquiv>
            </TextLine>
            <TextLine id="r1l57" custom="readingOrder {index:56;}">
                <Coords points="996,3595 1872,3639 1920,3599 997,3565"/>
                <Baseline points="1004,3589 1049,3591 1094,3594 1140,3596 1185,3598 1231,3600 1276,3601 1321,3603 1367,3605 1412,3606 1458,3608 1503,3609 1548,3611 1594,3612 1639,3614 1685,3615 1730,3617 1775,3618 1821,3621 1866,3622 1912,3624"/>
                <TextEquiv>
                    <Unicode>translation into American by Mrs. Emil Polhi,</Unicode>
                </TextEquiv>
            </TextLine>
            <TextLine id="r1l58" custom="readingOrder {index:57;}">
                <Coords points="1004,3635 1198,3668 1848,3682 1918,3680 1920,3626 1005,3611"/>
                <Baseline points="1011,3636 1056,3637 1101,3638 1146,3640 1191,3643 1236,3644 1281,3646 1326,3649 1371,3651 1416,3652 1461,3654 1506,3656 1551,3658 1596,3660 1641,3662 1686,3663 1731,3664 1776,3665 1821,3666 1866,3666 1911,3666"/>
                <TextEquiv>
                    <Unicode>who compressed it very crudely and other¬</Unicode>
                </TextEquiv>
            </TextLine>
            <TextLine id="r1l59" custom="readingOrder {index:58;}">
                <Coords points="1006,3690 1879,3735 1912,3690 1007,3655"/>
                <Baseline points="1013,3681 1057,3683 1102,3684 1146,3687 1191,3688 1235,3690 1280,3692 1324,3693 1369,3695 1413,3697 1458,3698 1502,3700 1547,3702 1591,3703 1636,3705 1680,3707 1725,3708 1769,3710 1814,3712 1858,3713 1903,3714"/>
                <TextEquiv>
                    <Unicode>wise altered it. I looked with a certain</Unicode>
                </TextEquiv>
            </TextLine>
            <TextLine id="r1l60" custom="readingOrder {index:59;}">
                <Coords points="1005,3732 1922,3765 1923,3737 1807,3716 1006,3704"/>
                <Baseline points="1013,3727 1058,3729 1103,3730 1148,3732 1193,3734 1238,3736 1283,3738 1328,3740 1373,3742 1418,3743 1463,3745 1508,3747 1553,3748 1598,3750 1643,3751 1688,3753 1733,3754 1778,3755 1823,3756 1868,3757 1914,3758"/>
                <TextEquiv>
                    <Unicode>amount of curiosity to discover what the</Unicode>
                </TextEquiv>
            </TextLine>
            <TextLine id="r1l61" custom="readingOrder {index:60;}">
                <Coords points="999,3784 1906,3812 1907,3777 1842,3764 1001,3733"/>
                <Baseline points="1008,3771 1052,3773 1097,3776 1141,3778 1186,3779 1230,3781 1275,3783 1319,3785 1364,3786 1408,3788 1453,3789 1497,3791 1542,3792 1586,3794 1631,3796 1675,3797 1720,3798 1764,3800 1809,3802 1853,3804 1898,3805"/>
                <TextEquiv>
                    <Unicode>various authors, English and American, who</Unicode>
                </TextEquiv>
            </TextLine>
            <TextLine id="r1l62" custom="readingOrder {index:61;}">
                <Coords points="990,3814 1904,3866 1906,3818 991,3790"/>
                <Baseline points="997,3818 1042,3820 1087,3821 1132,3823 1177,3825 1222,3827 1267,3828 1312,3830 1357,3833 1402,3834 1447,3835 1492,3837 1537,3839 1582,3841 1627,3842 1672,3844 1717,3845 1762,3847 1807,3848 1852,3849 1897,3851"/>
                <TextEquiv>
                    <Unicode>have discoursed upon Modern European</Unicode>
                </TextEquiv>
            </TextLine>
            <TextLine id="r1l63" custom="readingOrder {index:62;}">
                <Coords points="994,3888 1165,3861 1911,3910 1887,3863 996,3823"/>
                <Baseline points="1002,3863 1047,3865 1092,3868 1137,3869 1182,3872 1227,3873 1272,3875 1317,3877 1362,3879 1407,3880 1452,3882 1497,3883 1542,3884 1587,3886 1632,3888 1677,3889 1722,3890 1767,3892 1812,3893 1857,3895 1903,3897"/>
                <TextEquiv>
                    <Unicode>Drama“ have said abeut it, but so far as my</Unicode>
                </TextEquiv>
            </TextLine>
            <TextLine id="r1l64" custom="readingOrder {index:63;}">
                <Coords points="983,3928 1907,3949 1885,3903 1359,3901 985,3860"/>
                <Baseline points="990,3909 1035,3911 1080,3913 1126,3915 1171,3918 1217,3920 1262,3921 1308,3923 1353,3924 1399,3925 1444,3927 1489,3929 1535,3930 1580,3931 1626,3933 1671,3934 1717,3936 1762,3938 1808,3940 1853,3942 1899,3944"/>
                <TextEquiv>
                    <Unicode>own library is a testimony their silence is</Unicode>
                </TextEquiv>
            </TextLine>
            <TextLine id="r1l65" custom="readingOrder {index:64;}">
                <Coords points="997,3955 1894,3993 1896,3949 1803,3941 1502,3954 999,3919"/>
                <Baseline points="1005,3954 1049,3956 1093,3958 1137,3959 1181,3961 1225,3963 1269,3964 1313,3966 1357,3968 1401,3969 1446,3971 1490,3973 1534,3975 1578,3976 1622,3978 1666,3980 1710,3981 1754,3983 1798,3985 1842,3986 1887,3989"/>
                <TextEquiv>
                    <Unicode>unanhnous. There is a solitary exception.</Unicode>
                </TextEquiv>
            </TextLine>
            <TextLine id="r1l66" custom="readingOrder {index:65;}">
                <Coords points="988,4008 1524,4021 1589,4049 1780,4028 1898,4056 1900,3998 1863,3989 990,3966"/>
                <Baseline points="996,3996 1040,3998 1085,4001 1130,4003 1175,4005 1220,4007 1264,4009 1309,4011 1354,4013 1399,4014 1444,4016 1488,4017 1533,4018 1578,4019 1623,4021 1668,4022 1712,4024 1757,4025 1802,4027 1847,4027 1892,4029"/>
                <TextEquiv>
                    <Unicode>That cosmopolitan eritic of drama, musie and</Unicode>
                </TextEquiv>
            </TextLine>
            <TextLine id="r1l67" custom="readingOrder {index:66;}">
                <Coords points="984,4043 1862,4085 1908,4049 985,4016"/>
                <Baseline points="991,4040 1036,4044 1081,4047 1127,4050 1172,4052 1218,4055 1263,4056 1308,4058 1354,4059 1399,4061 1445,4062 1490,4063 1535,4064 1581,4065 1626,4066 1672,4068 1717,4069 1762,4070 1808,4072 1853,4074 1899,4076"/>
                <TextEquiv>
                    <Unicode>art, the late James Huneker, of Now York,</Unicode>
                </TextEquiv>
            </TextLine>
            <TextLine id="r1l68" custom="readingOrder {index:67;}">
                <Coords points="981,4076 1717,4129 1926,4126 1928,4092 982,4043"/>
                <Baseline points="988,4087 1034,4090 1081,4092 1127,4094 1174,4096 1220,4098 1267,4100 1313,4102 1360,4103 1406,4105 1453,4106 1500,4108 1546,4110 1593,4111 1639,4113 1686,4115 1732,4116 1779,4118 1825,4120 1872,4122 1919,4124"/>
                <TextEquiv>
                    <Unicode>had an account of it in his" Ivory. Apes, and —</Unicode>
                </TextEquiv>
            </TextLine>
            <TextLine id="r1l69" custom="readingOrder {index:68;}">
                <Coords points="976,4116 1008,4138 1467,4148 1468,4114 1450,4110 1260,4124 1172,4101 1080,4109 977,4080"/>
                <Baseline points="984,4128 1009,4130 1034,4133 1059,4136 1084,4138 1109,4139 1134,4140 1159,4141 1184,4142 1209,4142 1234,4142 1259,4142 1284,4143 1309,4143 1334,4143 1359,4144 1384,4144 1409,4146 1434,4146 1459,4148"/>
                <TextEquiv>
                    <Unicode>Peacocks.“ in ihich be</Unicode>
                </TextEquiv>
            </TextLine>
            <TextEquiv>
                <Unicode>box 31/4
25. ProfesserBernhandi
L AC
DURRANTS PREss CurTInos,
St. Andrew’s House, 32 to 34 Holborn Viaduct,
and 3. St. Andrew Street, Holborn Circus, B.C.1.
TalephonhI GITV 49981
—
Birmingham Post
36 New Street, Bigmingham.
944
Cuting from issue datedr e-r
PLAYS AND PLAYERS.
PROFESSCR BERNHARDI.
Before 1914, it was quite the fashion to
admire the comedies of Arthur Schnitzler. It
is true that the admiration was centred largely
upon Anatol, tlie gracious, elegant, cynical
cyele of plays about the love affairs of that
Viennese exquisite, and particularly upon the
mnost amusing of them.“ The Fareweli Supper,
where he is“ chucked'’ by a chorus-girl. The
cyele was published with a prologue by Hugo
von Hofmannstal, a lovely thing which
described them as “ satires in silk.?' After
*Anatol,' the comedy of light love, came
* Liebelei.'' its tragedy, in which, under the
title of Light o' Love, Mr. Ainley, the
young and radiant Henry Ainley of those
days, played Fritz. This was during Sir
Herbert Tree's venture at His Majesty’s,
called the Afternoon Theatre. It would be
idlo to pretend that any ordinary knowledge of
German was enptglisto Teild Liebelei! in
the original, for it was written in the colloquial
idiomatie Viennese dialect— not merely
Wiener but Weaner.“' However, Anatol?
was beautifully translated by Granville Barker,
and" Leibelei,“ under the title of“ Playi.g
with Love? was rendered quite delightfully oy
Morton Shand, in atranslation which appeared
only a very few weeks before the outbreak of
war, and I remember at that timie writing, with
the aid of sundry French translations, a
ca#nserte upon Arthur Schnitzler, which was
destined never to appear in print. And, of
his several plays it seemed to me that the
greatest, the most austere, was “ Professor
Bernhardi.“
There is very little of the Arthur Schnitzler
who wrote Anatol and“ Playing With
Love“ in" Professor Bernhardi,' which has
nothing whatever to commend it to idle play¬
goers or idle readers. It has now been trans¬
lated into English by Miss Hetty Landstone
(Faber and Gwyer, 68.). There was a previous
translation into American by Mrs. Emil Polhi,
who compressed it very crudely and other¬
wise altered it. I looked with a certain
amount of curiosity to discover what the
various authors, English and American, who
have discoursed upon Modern European
Drama“ have said abeut it, but so far as my
own library is a testimony their silence is
unanhnous. There is a solitary exception.
That cosmopolitan eritic of drama, musie and
art, the late James Huneker, of Now York,
had an account of it in his" Ivory. Apes, and —
Peacocks.“ in ihich be</Unicode>
            </TextEquiv>
        </TextRegion>
    </Page>
</PcGts>
