3392 4256
1798 239 2046 302 Sonntag
1113 315 2376 390 Wiener verlielt sind, in Berlin kalt lassen kann, so lassen auch
1108 364 2378 409 die New=Yorker nicht immer als schön gelten, was den Europäern
1106 397 2368 475 gesällt. Die Amerikaner sind dennoch sehr urteilsfähig, sie sind
1105 457 2373 519 sehr anspruchsvoll, aber sie halten auch treu zu einem, den sie
1114 505 2362 545 einmal liebgewonnen haben, sie sind ebenso treu wie die Wiener.
1108 559 2330 617 Das kann man bekanntlich den Berlinern nicht nachsagen —
1112 595 2377 662 hier muß sich ein Mime jeden Tag aufs neue seinen Platz vor
1102 645 2369 702 dem Publikum erkämpfen. Das mag für die Kunst gut sein, für
1104 689 1671 751 den Schauspieler ist es hart.
1230 726 2418 808 Alexander Moissi würde den Amerikanern wahrscheinlichg
1105 799 2367 850 gefallen, sicher ist das keineswegs, und darum dürfte ihm ein
1113 839 2384 901 Direktor, der ein verständiger Kaufmann ist, außer der freien
1106 889 2404 957 Fahrt, für das erste Gastspiel kaum die Hälfte des Honorars
1105 932 2381 1007 gewähren, das er in Europa bekommt. Soviel ich höre, erhält
1109 991 2373 1043 Moissi als Gast zirka 1200 Mark pro Abend. Wenn dagegen
1106 1020 2370 1092 Moissi drüben durchgreifende Erfolge hätte, bekäme er bald die
1107 1075 2372 1137 sechsfache Gage, die man ihm hier zahlt, und er könnte in
1112 1109 1991 1184 Amerika schnell ein steinreicher Mann werden.
1226 1157 2375 1222 Die meisten Schauspieler haben jedoch die Gewohnheit, das
1104 1213 2371 1281 ganze Risiko, das mit einem Gastspiel verbunden ist, auf den
1116 1266 2352 1310 Direktor abwälzen zu wollen, und wenn sie das Wort „Amerika“
1113 1313 2377 1357 hören, dann glauben sie, sie müßten gleich beim ersten Abschluß
1114 1357 2376 1434 Millionen auf den Tisch gelegt bekommen. So unterbleiben
1103 1399 1810 1470 manche aussichtsvollen Engagements.
1225 1423 2416 1527 Ich bin — beiläufig gesagt — in dieser Saison auch kein!
1114 1496 2367 1579 Millionär geworden, aber ich hatte sogar mit einem kleinen
1099 1548 2353 1595 Defizit gerechnet und habe einen ansehnlichen Gewinn erzielt, ob¬
1109 1593 2372 1640 wohl neben den natürlichen Schwierigkeiten einer ersten Saison
1106 1639 2373 1698 auch sonst nicht alles nach Wunsch ging. Vor allem hatten wir
1113 1697 2362 1759 einen abscheulichen Blizzard, wie er seit Jahrzehnten nicht da
1110 1731 2368 1819 war. Volle vier Wochen lag der Schnee mannshoch auf den
1107 1776 2359 1851 Sraßen; selbstverständlich stockt da der Verkehr, denn die Menschen
1105 1816 2356 1895 können nicht aus dem Hause, und außerdem haben sie andere
1100 1878 2370 1952 Sorgen, als ins Theater zu gehen. Ein deutscher Theaterleiter
1098 1913 2360 1989 hat in New=York auch aus dem Grunde einen schweren Stand,
1092 1974 2360 2045 weil er ein großes Ensemble mit sich führen muß — er muß
1106 2016 2346 2086 für alle Fälle, Krankheit der Mitglieder, Kontraktbrüche und der¬
1098 2067 2384 2132 gleichen, gewappnet sein, denn er kann natürlich keinen Ersatz
1095 2115 2354 2196 schaffen, es gibt keinen Schauspielermarkt wie hier, man ist wie
1093 2165 1619 2220 auf einer einsamen Insel.
1207 2191 2364 2289 Der deutsche Theaterdirektor hätte es drüben auch dann
1095 2253 2355 2325 etwas leichter, wenn die deutschen Dichter und die deutschen
1083 2293 2344 2373 Verleger endlich einsehen wollten, daß die Aufführung ihrer
1087 2360 2367 2424 Stücke in deutscher Sprache die englischen Aufführungen durchaus
1085 2403 2375 2479 nicht schädigt, sondern ihnen nur nützt. Die englischen Bühnen¬
1096 2446 2379 2524 leiter sind glücklich, wenn sie die Stücke, die sie aufführen wollen,
1090 2486 2356 2565 zunächst auf der deutschen Bühne sehen, wenn sie auf solche Art
1088 2547 2354 2627 zu beurteilen vermögen, was sich aus dem Stücke auf der Szene
1094 2577 1357 2653 machen läßt.
1202 2617 2387 2719 Gegenwärtig machen die englischen Theaterdirektoren folgen¬
1087 2673 2357 2770 des: Zum Beispiel zahlt Herr Schuberts, einer der größten
1086 2735 2344 2814 unter ihnen, eine Kaution von 5000 Mark dafür, daß er „Hans
1083 2777 2332 2868 Sonnenstößers Höllenfahrt" von Apel oder „Nur ein Traum“
1091 2827 2400 2911 von Lothar Schmidt innerhalb drei Jahren aufführen wird. Dann sk
1088 2882 2384 2955 paßt es Schuberts aus irgendwelchen Gründen nicht, die Stücke
1084 2932 2351 2999 zu spielen. Er hat ja seinen Zweck erreicht, wenn er der Kon¬
1085 2981 2374 3032 kurrenz einen guten Braten wegschnappt, er läßt die Kaution,:
1086 3028 2350 3075 eine wahre Kleinigkeit für den Millionär, der hundert englische
1081 3062 2379 3151 Theater hat, verfallen, und der Autor hat außer den 5000 Mark!:
1076 3124 2339 3190 das Nachsehen, denn nach drei Jahren ist das Stück für amerika¬
1068 3177 2335 3237 nische Begriffe veraltet. Hat aber eine deutsche Aufführung einen
1071 3214 2336 3284 anständigen Erfolg, dann ist es sicher, daß sich Schuberts oder
1076 3273 2345 3336 Vellasco 2c. das Stück zu ganz anderen Bedingungen — unter
1072 3315 2119 3384 anderem mit einer Aufführungsverpflichtung — sichern.
1194 3349 2336 3436 Dazu kommt noch, daß das deutsche Theater in New=York
1073 3415 2341 3480 der englischen Bühne keine wirksame Konkurrenz machen
1077 3446 2349 3551 kann. Denn die fünfzigmalige Aufführung eines Stückes in
1070 3510 2336 3581 deutscher Sprache ist etwas Ungewöhnliches. Ich hatte in dieser
1075 3553 2338 3602 Saison einen ganz großen Treffer gezogen: „Kasernenluft“ von
1068 3602 2329 3692 Stein und Söhnge, ein Militärdrama, das in der Mannschaft
1075 3640 2327 3710 spielt, ein sozusagen mit dem Hammer zurechtgemachtes Stück, aber
1074 3689 2330 3762 keineswegs ein ordinärer Reißer, denn die Sthilderung des Milieus
1072 3734 2321 3800 ist glänzend. Das ist etwa sechzigmal gegangen. Gute Erfolge
1070 3790 2332 3859 hatte ich noch mit Goethes „Faust“, dann mit Bernard Shaws
1070 3825 2330 3896 „Pygmalion“ mit Ibsens Stützen der Gesellschaft“, und nächst
1070 3889 2327 3961 „Kasernenluft“ zog am meisten Artur Schnitzlers „Pro¬
1066 3917 2328 3998 fessor Bernhardi“. Schnitzler stelle ich übrigens unter
1063 3976 2325 4045 den zeitgenössischen Dichtern am höchsten; ich bin auch ein Ver¬
1058 4016 2317 4095 ehrer von Hermann Bahr, dessen Stücke imwer amüsant sind.
1059 4086 2307 4130 Unter den deutschen Dichtern ist in Amerika keiner so vopulär
