3392 4352
-2 3073 54 3140 e
-10 1167 70 1272 5
-2 2807 67 2889 6
1 2279 70 2348 r
-20 2317 67 2389 6
1689 174 2137 268 box 30/1
317 166 1553 293 25. Professor Bernhardi
2960 971 3096 1064 und
2932 1051 3004 1121 18
518 1109 1798 1192 lebt man sich selbst ... so sehr ist das Leben unser aller ein
1813 1118 3100 1183 Austausch von „Gerechtigkeiten“ erblickte. In Wirklichkeit ist
516 1166 1797 1237 See, in den kein Stein fällt, ohne daß seine entferntesten Ufer¬
1809 1160 3107 1228 sie von jenem tragischen Humor, der Shaw heißt — dabei viel
511 1194 1792 1283 ränder beben. Nicht das Thematische reizt mich. Was ist es
1806 1210 2836 1277 weniger auftrumpfend, knochennackt und deiktisch.
511 1255 1806 1305 mir, daß Bernhardi ein Arzt und ein Jude, daß sein Wieder¬
1861 1239 3094 1310 Nicht deiktisch zu sein: diese ihm stets teure Tugend köstete
519 1302 1799 1372 sacher ein Priester ist? Daß sich der Liberale am Klerikalen
1799 1301 3098 1355 Schnitzler diesmal fast die Halswirbel. Es treiben da in dem
507 1338 1802 1417 warmreibt und der Antisemit am Fortschrittsmann explodiert,
1808 1352 3092 1413 recht dickgeschwollenen zweiten und dritten Alt recht zahlreiche
221 1343 497 1439 tten Jahren
522 1384 1795 1444 was ist er mir? Aber daß ich meinen Arm nicht bewegen
1809 1386 3103 1464 liberale Leitartikel herum, häßliche Geschwülste — konnte da
210 1404 507 1473 Formproblem
511 1432 1796 1505 werde, ohne einen Reflex davon in eine Straße Pekings zu
1808 1442 3092 1499 nicht Schnitzler demonstrativer gestalten, daß ihm der Fort¬
209 1454 499 1519 Eldote wächst
508 1472 1792 1547 treiben (durch eben jene geheimnisvolle und höchst wahnsinnige
1802 1485 3086 1542 schrittler genau so gleichgiltig sei wie der Christlichsoziale?
225 1498 500 1565 vor Gegen¬
503 1532 1794 1577 Macht, die nicht schreckenloser wird, wenn man sie Kausal¬
1806 1516 3097 1587 Nunmehr verwechselten ihn die Morgenblätter (ja; ungestraft
211 1538 504 1606 e keine toten
513 1574 1804 1621 nexus nennt): diese Erkenntnis, die ich nach Kleist niemandem
1809 1571 3086 1650 schreibt man die Antithese „Kirchenbau — Krankenhausbau“
208 1587 496 1649 nchen Feder¬
1795 1621 3093 1678 eben heute nicht mehr hin, Herr Doktor!) mit ... Anton
507 1613 1791 1672 verdankte, verdanke ich nach niemandem Schnitzler. Das Wun¬
211 1632 501 1696 wisse Seiten
505 1659 1796 1734 dervollste, was der Naturalismus zeigte (nein: bildete, da Kunst
1792 1660 3090 1731 Ohorn, und ein Vergleich mit Anton Ohorn kann da dieser
232 1681 504 1756 n Intimität
1799 1704 3097 1762 Autor viel aufklärender, freiheitlicher, lichtbringender schreibt,
514 1707 1794 1758 nicht zeigt) war, daß das Entfernteste auf mich wirkt. Beran¬
237 1724 513 1802 ohne doch
512 1754 1782 1816 schender nost ist die Erkenntnis — sie bejaht mich grenzenlos
1800 1749 3095 1813 immer nur zu Ungunsten Schnitzlers ausfallen. Aber im
267 1771 506 1835 Zwischen
1804 1794 3095 1855 Ernst: daß Schnitzler überhaupt soweit mißverstanden werden
563 1800 1787 1868 daß auch ich auf das Entfernteste wirke, daß mein Handeln
223 1814 502 1879 Monde-pour-
1802 1822 3090 1901 konnte, spricht sehr gegen ihn; von dem Lob der Bürger, min¬
508 1837 1788 1898 (mögen mich seine Folgen dann noch so bedipodeisch ver¬
233 1858 498 1923 b ein Stück,
498 1867 1793 1961 stricken) nicht untergeht. Und niemand fühlt, wie die Dichtung
1802 1885 3090 1939 destens zwei Akte lang ein liberales Thsenstück geschrieben zu
267 1889 496 1982 ein von
1792 1928 3083 1981 haben, wird kein ehrlicher Anwalt ihn reinwaschen können.
503 1928 1791 1981 vom „Professor Bernhardi“ ganz voll ist von diesen Urdingen,
227 1933 411 2014 Stück.
502 1974 1783 2025 die jenseits alles Anekdotalen, Pragmatischen schweben? Und
1801 1972 3082 2033 Recht um die Hälfte stürzt damit das Werk das „Professors
231 1983 493 2065 überschätzen
492 2013 1776 2074 dabei ist hier nicht Kleist=Epigonismus, den, da dieser Dichter
1795 2019 3086 2077 Bernhardi“ herunter. Es ist sehr schade. Gerne hätte man
226 2039 506 2111 seit der Ur¬
1787 2055 3085 2144 in einem Kunstwerk von so großen Maßen diese Kleinlichkeit
508 2064 1788 2124 nicht ganz unbekannt ist, jeder empfunden haben würde, son¬
240 2085 505 2153 mit einem
1798 2104 2029 2178 vermißt..
502 2112 1786 2160 dern, die man zu empfinden zögert, Kleist=Ebenbürtigkeit. Im
231 2128 496 2207 Erkenntnis
503 2151 1791 2213 einzelsten. Für tausend Jahre innerer Novellentechnik wird vor¬
1850 2162 3088 2221 Wäre dem Regisseur Barnowsky bisher nichts anderes ein¬
211 2167 498 2249 lerhistorische
504 2191 1796 2269 bildlich sein, wie harmlos das dae Katastrophenreihe auslösende
1793 2203 3077 2254 gefallen als dies: während der Streit zwischen Bernhardi und
218 2222 498 2300 zweier Stile
501 2247 1793 2300 Geschehnis im Michael Kohlhaas (das Zurückbehalten der
1800 2247 3080 2315 dem Pfarrer zum heiligen Florian ausbricht, die übrigen
510 2285 1787 2349 Pferde) ursprünglich aussieht, ehe es Zähne, Klauen, Fänge
1794 2294 3082 2357 Schauspieler wegzuhalten, sie mit Kleinigkeiten zu beschäftigen,
213 2304 439 2390 te Kleist -
503 2318 1794 2393 bekommt und wie ein Raubvogel über die erschrockene Zukunft
1786 2331 3087 2392 so daß sie nicht zuhören — dadurch wird nicht etwa, materia¬
219 2369 495 2438 genommen;
507 2376 1784 2430 stürzt: nur beobachtet einmal, wie wunderbar leise und schein¬
1790 2387 3081 2437 listisch, nur dargetan, daß diese Szene widersprechende Zeugen¬
241 2416 499 2484 geheimnis¬
500 2426 1787 2477 bar nichtssagend auch die Lawinenkern=Szene bei Schnitzler
1800 2427 3080 2474 aussagen später aufweisen kann, sondern, daß dies Geschehnis
223 2457 498 2525 cht schrecken¬
497 2451 1789 2537 (das Rekontre zwischen Bernhardi und dem Priester) vor sich
1788 2464 3090 2536 selbst ursprünglich ganz geringfügig, unwichtig, ungefährlich
217 2497 500 2573 nennt) be¬
492 2513 1321 2580 geht. Partarit mus, nascuntur montes.
1787 2517 3081 2571 auch den Darumstehenden erscheint — wäre diesem Regisseur
202 2539 493 2619 igenen Tode.
1787 2550 3079 2609 sonst nie etwas gelungen, er wäre schon der Einzige in Berlin,
557 2540 1777 2609 Aber das weitaus größte an dieser großen Dichtung ist nicht
205 2591 504 2669 Nihil seine
1790 2605 3077 2680 der neben Reinhardt in Betracht kommt. Er brachte diesmal
495 2592 1772 2661 das Antlitz Kleists, zu dem ihre Züge sich manchmal zusammen¬
264 2635 493 2709 mit ihr
1794 2647 3075 2711 mit den Seinen (Adalbert, Landa, Klein=Rhoden, Marx, Platen,
488 2649 1783 2710 schließen, sondern die wunderbare Verwandlung, die aus diesem
236 2671 499 2752 Interessen,
1784 2697 3090 2750 Herzfeld, Gottowt, Abel) alles, aber auch restlos alles heraus,
491 2695 1786 2749 Gesicht langsam die Züge Shaws macht. Denn auch hier: Eben¬
217 2729 497 2792 und Lawine
1785 2732 3083 2796 was Schnitzler wollte; sämtliche Halbstimmen, Zwischentöne,
490 2734 1774 2804 bürtigkeit. Wen der Roßkamm in seiner tausendfüßigen
227 2766 503 2840 seit Kleist
1790 2777 3085 2841 Seitenlichter. Er sorgte nicht nur, daß sich der Leitartikel ver¬
494 2766 1781 2842 Macht sich auf die tausendfüßige Macht des Junkers, den Staat,
251 2819 498 2884 „Professor
1781 2821 3079 2879 menschlichte: er übersah auch nicht die kleinen Lieblichkeiten in
498 2816 1778 2885 stürzt, so sind es immerhin zwei Willen, die auf einander platzen.
211 2864 494 2928 hauses weist
1778 2868 3076 2928 diesen Szenen. Wenn das Wort Euphorie auftauchte — die
499 2874 1783 2942 An der Perpherie beider Sterne mögen manche Moleküle
213 2907 495 2972 ndie Sakra¬
1786 2909 3077 2972 ganz bekannte Bezeichnung eines Zustandes, der vor dem Tode
500 2920 1780 2967 lässiger denken, die beiden Zentren eilen jedenfalls aus wütend¬
205 2941 496 3026 Schwelle, daß
1777 2958 3071 3022 manchmal eintritt und der dem Kranken die süßesten Lebens¬
486 2963 1777 3021 stem Willen gegeneinander. Aber Bernhardi? Aber der Priester?
200 2997 494 3058 auch nie er¬
1779 2999 3081 3066 hoffnungen vorgankelt — so war es, als ob sich auf einmal
495 3007 1772 3064 Schnitzler ist in den genialen Einfall geraten, daß diese beiden
207 3032 494 3110 verantwort¬
1781 3047 3072 3105 etwas Süßes, Wohlduftendes in diesem Aerztezimmer verbreite:
485 3051 1783 3094 Lawinenferne eigentlich nicht Lawinenkerne sein wollen, daß
222 3091 487 3152 ,sei es auch
1775 3082 3073 3146 ein Blumenstrauß mochte, verborgen in einem einzigen Worte
487 3093 1771 3154 sie eigentlich Quietisten sind, daß sie am liebsten von innen aus
229 3128 487 3189 Das Mäd¬
1778 3128 3076 3189 und der Spiegelung, die es auf den Gesichtern der anderen
486 3129 1777 3204 gegen ihre Peripherie, ihre Anhänger, revoltieren möchten.
200 3160 490 3238 des Priesters
1783 3174 3063 3235 hervorbringt, vorübergetragen worden sein. — Die Tat Bar¬
488 3187 1772 3238 Die Szene, in der sie sich dies gegenseitig entdecken, und sich
194 3219 484 3281 Religionsver¬
1775 3221 3073 3282 nowskys ist um so höher anzuschlagen, als sie entschieden gegen
491 3218 1772 3283 beide zaghaft zu nähern beginnen (Bernhardi handelt denn
199 3253 496 3340 des Kranken¬
1777 3266 3068 3322 den Willen seines Hauptdastellers Decarli erfolgte, in dessen
491 3265 1778 3333 später nach seiner Erkenntnis, während der Priester, teilweise
218 3300 486 3378 Ein Wort¬
1776 3303 3085 3386 Unzulänglichkeit, ohne den Regisseur die Vorzüge dieser Auf¬
495 3313 1771 3374 aus Feigheit, teilweise aus heroischem Politismus schließlich
203 3349 490 3424 konflikt, Ge¬
488 3358 2870 3435 in seiner einmal angenommenen Meinungskugel verbleibt) hat) führung wie in ein Vakuum hineingestürzt wären.
235 3402 3132 3481 so wenig man edelmuttriefend genannt, weil man darin einen seltenen 1 U.mr Heinrich Eduard Jacob.
1802 4082 1944 4157 —
2894 4078 3106 4170 —
