3392 4256
778 49 847 90 (
729 47 895 111 S 80
995 49 1080 113 Be
1639 52 2084 145 box 31/1
270 40 1551 142 25 PrfEnhandi
2392 1272 2476 1353 S
1809 1337 2884 1399 nen wir dieses Nicht=ernst=nehmen des Stückes und seines
1811 1372 2873 1440 Helden nicht schon vom ersten Akt an tun? Oder besser
1820 1422 2871 1463 noch früher? Das Gescheiteste wäre das; denn wir
1814 1455 2857 1536 könnten es uns dann ersparen, uns die Komödie anzu¬
1820 1500 2058 1552 sehen .....
2055 1504 2868 1576 Gespielt wird sie jetzt (mit wenigen Aus¬
687 1505 1634 1595 Ausschnitt aus Münchner Zeitung
1819 1549 2856 1609 nahmen) fist noch flotter wie früher. Herr Gerdes ist
1810 1584 2860 1651 ein Profes c Bernhardi, den man sich kaum besser denken
703 1588 911 1666 vom:7
1193 1583 1514 1671 München
1816 1619 2862 1688 kann und anders wünschen möchte. Herr Weigert gibt
1809 1667 2853 1727 die heikle Rolle des Pfarrers mit rühmenswertem Takt,
1813 1705 2866 1770 nur vielleicht um eine Kleinigkeit zu theatralisch. Herr
816 1686 1732 1773 R. B. [Schauspielhaus.] Man kann Artur Schl
1804 1743 2853 1809 Günther hat uns den Unterrichtsminister schon vor
750 1723 1807 1808 „Drs Komodie „Professor Bernhardi“ nicht ge¬
1820 1786 2862 1844 drei Jahren zu Dank gespielt. An alter Stelle stehen
739 1792 1792 1848 rade eine politische Komödie nennen; denn der eigentliche
1815 1828 2862 1905 ferner der ausgezeichnete Ebenwald des Herrn Eßlair,
747 1834 1792 1881 Konflikt des Stückes liegt auf ethischem Gebiet, oder sagen
1813 1869 2866 1937 der jugendlich=feurige Pflugfelder des Herrn Peppler
745 1879 1795 1929 wir es rund heraus: es handelt sich hier letzten Endes
743 1920 1794 1970 um das Recht auf Menschlichkeit. Aber da religiöse Mo¬
1807 1908 2862 1981 und noch viele andere, z. B. die Herren Burghardt.
1812 1947 2867 2023 Heller, Siegfried Raabe, Seger usw. Der Schlei¬
749 1960 1798 2015 mente dabei eine entscheidende Rolle spielen und der
1813 1993 2859 2059 cher Filitz war eine „gemähte Wiese“ für Herrn Weyd¬
756 1995 1795 2057 Schauplatz der ganzen Geschichte Wien, also Oesterreich,
1812 2032 2863 2102 ner. Der Hofrat des vom Gärtnertheater freundlichst ge¬
751 2040 1799 2098 (das zerrissene Oesterreich vor dem Kriege) ist, so wird
759 2071 1794 2126 die Komödie von selbst zu einer politischen. Und es frägt
1810 2074 2860 2143 liehenen Herrn Wonger dagegen war recht farblos;
757 2117 1797 2172 sich deshalb, ob es besonders richtig war dieses Stück mit
1810 2117 2861 2179 man durfte da wirklich nicht an den seligen Herrn Ran¬
750 2152 1792 2225 seinen Debatten über Antisemitismus und christlich¬
1810 2154 2859 2230 dolf denken. Natürlich fand die Aufführung wieder vielen
742 2194 1795 2248 soziale Weltenschauung, über christliche und andere Stand¬
1805 2194 2836 2256 Beifall; unn das Publikum wird sich hoffentlich durch
744 2247 1794 2296 punkte und über hundert Dinge, die wir im Wirbel der
1808 2243 2842 2302 meine ziemlich negative Meinung über das Stück nur erst
745 2281 1787 2337 Gegenwart für einige Zeit wenigstens untergegangen
1809 2285 2841 2348 recht veranlaßt fühlen, die drei Stunden abzusitzen. Das
743 2317 2224 2374 „meinten, gerade jetzt wieder neu einzustudieren. Aber ist es sich doch schuldig.
751 2360 1802 2418 schließlich ist das ebenso Sache des Taktes, wie die Hand¬
733 2406 1804 2442 lungsweise Professor Bernhardis, und bekanntlich läßt
749 2442 1804 2502 sich über solche Dinge nicht streiten, zum mindesten nicht
743 2488 1796 2541 mit einiger Aussicht auf Erfolg. Doch auch abgesehen von
737 2525 1795 2578 all dem: man kann dieses Stück, das an dem Schnitzler¬
754 2563 1794 2620 schen Erbfehler des Redens ohne Ende in manchmal fast
736 2604 1807 2666 veinlicher Weise krankt, auch dann für nicht übermäßig
740 2647 1796 2697 unterhaltend ansehen, wenn man die Vorzüge des klugen
743 2696 1793 2745 und witzigen Dialogs und die Wirksamkeit einiger dra¬
735 2711 1801 2779 matischer „Kniffe“ ohne weiteres und bewundernd an¬
731 2777 1788 2829 erkennt. Vielleicht leidet dieses Stück daran, daß alles
727 2813 1793 2865 zu sehr bis ans letzte Ende und weiter noch, bis in sein
730 2842 1801 2908 Gegenteil, durchdacht ist. Wer zu viel gibt, gibt unter
734 2879 1796 2950 Umständen gar nichts oder zu wenig, und wenn Schnitzler
733 2931 1806 2995 sich am Schluß über seinen Bernhardi, diesen Märtyrer
740 2961 1802 3036 des Eigensinns, selbst lustig macht, so hat er — zum ersten
731 3002 1800 3064 Male in diesen fünf langen Akten! — vollkommen recht.
730 3057 1803 3114 Sollen wir also päpstlicher sein als der Vaust! Und kön¬
