3436 4256
1602 174 2067 283 box 31/6
231 180 1593 300 25. BrofesBernhand
660 1017 1212 1107 "  „y g.Umopig..
3093 1062 3161 1126 50
2014 1103 2244 1182 eeseseeeee
1830 1172 3321 1249 die Existenz vieler tausend Menschen abhängt, wird das Baums „M
984 1159 1539 1277 Feuillefon.
1838 1223 3329 1310 Beispiel ihrer materialistischen Schwestern befolgen, für das Ze
843 1234 965 1328 20
1839 1268 3319 1341 auch ihre Generaldirektoren werden, gerade wenn sie Tragikomöl
701 1283 787 1372 I1
1832 1306 3066 1405 ihre Kunstziele erreichen wollen, sich zur Rationali¬
3057 1336 3327 1403 Kutisker=S
924 1307 1601 1421 Premierensturm.
508 1338 662 1437 29
1841 1370 2587 1447 sierung zusammenfinden müssen.
3043 1367 3323 1446 gleisung er
842 1384 1650 1494 Das Rennen der Berliner Theater.
1930 1403 3329 1490 Auch am Wegesrand dieses goldgesegneten Jahres wurde unte
1838 1450 3334 1549 stehen mehrere Direktorengräber. Selbst der Leiter der das Piscate
1380 1461 1828 1552 Berlin, im März.
1834 1511 3069 1579 Staatstheater, die — von Zuschüssen genährt, von der
717 1536 1844 1610 Im Berliner Theaterbetrieb gibt es kaum eine
1845 1560 3090 1618 Steuer befreit — noch den leichtesten Existenzkampf
3139 1572 3298 1657 Das
630 1557 1844 1676 Atempause. Die Saison geht zur Neige. Aber gerade
1840 1615 3067 1672 haben, selbst Leopold Jeßner stürzte von seinem
624 1636 1842 1708 jetzt hebt sich noch einmal die Theaterflut. Jede Bühne
3058 1621 3327 1705 Piskatorian
1843 1665 3070 1722 Intendantenthron, weil er in Kompromissen sich zerrieb
3054 1689 3330 1755 Agitation
621 1683 1839 1754 will noch eine große Karte ausspielen, jede behielt noch
1840 1715 3061 1780 und einen Rekord an leeren Bänken erreichte. Dabei
625 1724 1852 1788 ein vermeintliches Zugstück in der Hinterhand. Und
3051 1740 3121 1798 sic
1839 1749 3056 1824 stürzte er nicht unglücklich, sondern die Treppe hinauf,
614 1768 1842 1841 wirksame Szenen allein füllen noch kein Haus. Immer
3257 1793 3322 1849 18
1843 1809 3054 1885 die er bei seinen Inszenierungen so liebt. Er wurde
629 1834 1840 1916 müssen auch große Schauspielernamen auf dem Zettel
1833 1852 3047 1926 seinem eigentlichen Regisseurberuf mit einer Gagen¬
630 1871 829 1946 stehen.
3044 1883 3098 1947 9
1833 1903 3060 1972 erhöhung von 20,000 Mark zurückgegeben. Seine erste
724 1925 1851 1999 So fiebert dieser großstädtische Theaterbetrieb von
3048 1933 3108 1993 st
1838 1954 3066 2026 Inszenierung nach dem steigenden Fall, Goehrings
619 1945 1850 2044 Erfolgen zu Krisen und wieder zu einer Blüte, von
1838 2005 3055 2066 allzu epische, aber immer wieder stimmungstiefe „Süd¬
612 2019 1847 2088 der man nicht weiß: ist sie die Euphorie vor dem letzten
1842 2054 3059 2109 polexpedition des Kapitäns Scott“ vom Maler Neher
3047 2068 3251 2142 rhythmis
626 2072 1843 2129 Hauch oder wirklich die Genesung? Geht es empor,
1845 2097 3194 2177 magisch illuminiert, war nicht ohne Ehren. Von einem bracht
631 2120 1848 2177 geht es hinab? Auch dieses chaotische Gebrodel, das
1844 2147 3183 2223 Umschwung bei den Staatsbühnen ist auch jetzt noch Saiso
622 2168 1840 2232 nur den Nahestehenden verwirrt, wird zu neuer Form
1837 2195 2358 2272 nicht viel zu bemerken.
623 2218 1847 2282 sich runden. Aber von bewußter Führung, von inner¬
616 2251 1858 2322 lichem Wachstum kann bei diesem wilden, von der
3055 2250 3141 2326 mit
1919 2279 3066 2359 Unterlegen sind eigentlich nur die Bühnenleiter,
613 2313 1851 2380 Operette, der Revue, dem Tonfilm noch gepeitschten
3044 2313 3140 2370 Fer
1841 2326 3055 2406 deren Kunstfreude von der wirtschaftlichen Beherrschung
629 2345 1783 2434 Rennen der Sprechtheater kaum mehr die Rede sein
3047 2358 3153 2431 In
1844 2392 3277 2471 des Apparats ungenügend unterstützt wurde Ein sie in dor
721 2391 1838 2463 Dabei haben in den letzten Monaten die Berliner
1839 2433 3054 2505 Sonderfall war der Pistolenschuß, mit dem Leo Walter
618 2447 1849 2522 Theater im Parterre und in den Rängen so viel
3062 2455 3331 2518 „Vom Teuf
1844 2487 3051 2547 Stein, ein erfolggewohnter Fabrikant leichter Ver¬
617 2494 1848 2564 Publikum beisammen gesehen, wie schon lange nicht.
3043 2498 3285 2568 Mosheim,
1845 2547 3318 2619 gnügungsdramen, seinem Leben ein Ende machte. Er Höflich noch
616 2547 1843 2609 Es gab beispiellose Serienerfolge. Und dennoch: die
614 2589 3310 2661 schon irrsinnigen Gagen der Protagonisten und selbst konnte mit den direktorialen Schwierigkeiten im Ganz Berli
622 2638 3057 2699 der sich selbst hocheinschätzenden zweiten Garnitur — die „Trianontheater“ auch dann nicht fertig werden, als er
3042 2648 3238 2721 Juliane,
610 2686 3283 2753 Gipfel ragen schon über die 1000=Mark=Grenze sich eine gewesene Herzogin von Anhalt als anmutige aus dessen
1837 2729 2476 2799 Schauspielerin zu Hilfe rief.
612 2731 1836 2806 hinaus —, die gigantischen Pachtsummen und die fünf
3041 2732 3324 2819 scher Vergn
1918 2770 3052 2852 Mit phantastischer Schnelligkeit erreichte Piscator
621 2787 1849 2856 Prozent der Bruttoeinnahmen fressende Lustbarkeits¬
3129 2789 3320 2863 Auch V
617 2833 3048 2900 steuer sind ein Ensemble, vor dem selbst ein starkes bei seinem zweiten Versuch, den Berliner Kurfürsten¬
3043 2828 3322 2908 Eugen Rob¬
624 2882 3052 2944 Direktorenherz zu zittern beginnt. Schlagen am Ende damm zum Stalinismus zu bekehren, ein Defizit von
3039 2885 3318 2953 unter den
614 2922 3338 3006 die beneideten Sieger das Hauptbuch auf dann wissen800,000 Mark. Sein Nachfolger und Erbe, Direktor Gestalten im
616 2969 3330 3023 sie nicht, wie lange #e ihren kostspieligen Triumph noch Klopfer, füllt das Nollendorftheater jetzt ohne zum Gewint
615 3034 3319 3096 aushalten werden. Auch die Theaterindustrie, von der literarische Ambitionen, Abend für Abend, mit Vicki englischen
