3436 4256
328 228 2168 326 25. Professor Bernhardi box 30/3
817 766 1289 843 (Quellenangabe ohne Gewähr.)
1005 746 1597 857 Dchw abischter Merku
1163 836 1445 926 Stuttgart
517 857 962 929 Ausschnitt aus:
744 929 1044 1014 19 JAR 1314
543 962 717 1029 vom:
454 1005 807 1080 ten dem Aufruf.
487 1047 1600 1099 2 Tübingen 18. Jon. Mit Arthur Schnitzlers 5aktiger Ko¬
456 1091 1605 1141 mödie „Professor Bernhardi“ hat die Kgl. Hofbühne ihre
457 1131 1609 1181 Gastspiele im Muséuptssaal im neuen Jahr wieder aufgenom¬
2047 1096 3015 1206 27ö#i#s russburger Post
3133 1160 3406 1219 terialbeamten
459 1172 1613 1228 men. Es bedeutet gin großes Entgegenkommen der Inten¬
1879 1166 2083 1247 vom:
3132 1189 3406 1263 hardi im Inter
456 1209 1622 1255 danz. uns mit esyem Stück aufzuwarten, das 22 Darsteller
2707 1211 3107 1298 (Fortsetzung folgt.)
3139 1239 3399 1296 kämpft und
460 1245 1619 1292 erfordert. Der „Wiener Dichter beschäftigt sich bekanntlich
3124 1273 3399 1335 Das Wei ist
463 1280 1614 1325 in diesem Werk u. a. mit einer Frage, die wohl geeignet ist,
3123 1317 3388 1380 selbst es sagt,
2190 1293 2849 1400 Straßburger Stadttheater.
463 1325 1624 1374 akademische Kreise zu interessieren, mit der Möglichkeit eines
3155 1358 3402 1417 Und nun de
469 1363 1618 1409 Konflikts zwischen Arzt und Seelsorger am Lager einer dem
2299 1368 2758 1447 Professor Bernhardi.
3130 1397 3405 1457 hardi, der ärzt
459 1395 1627 1448 Tod geweihten Sünderin“. Man muß ihm zugestehen, daß
2518 1419 3102 1498 K. S. Straßburg, 27. Januar.
463 1437 1608 1483 er sein heikles Thema, das wohl besser in einer wissenschaft¬
3094 1424 3380 1497 Kranken eine
3130 1478 3395 1533 geweiht ist. Di
452 1470 1622 1542 lichen Zeitschrift erörtert würde, mit taktvollem Ernst und
1943 1464 3130 1546 Ein eigener Zufsll hat es gefügt, daß der Spielplan der deutschen
3133 1518 3401 1568 glückselig. Sie
1896 1480 3129 1587 * Theater in diesem/„ Jahre drei Stücke enthält, die sich mehr oder
3131 1555 3404 1609 der ungetreue
444 1536 1612 1591 maßvoller Zurückhaltung behandelt, ohne es freilich einer ve¬
1894 1543 3121 1616 weniger gründlich mit jüdischen Fragen beschäftigen. Zuerst er¬
3128 1591 3391 1649 keit ihr Puls
446 1591 1598 1641 friedigenden Lösung zuzuführen. Es ist ihm auch offenbar
1906 1584 3126 1655 schienen die munkeren Fünf Frankfurter, deren liebenswürdiger Humor
3139 1626 3401 1694 Wissen Bernha
440 1627 1596 1684 gar nicht ausschließlich um eine gründliche und erschöpfende
1904 1614 3117 1703 die Bühnen im Sturm eroberte und den Theaterdirektoren gute Ein¬
3131 1669 3400 1726 stungen ihrer
433 1658 1603 1720 Durcharbeitung seines Problems zu tun gewesen; er schiebt
1905 1660 3134 1743 nahmen brachte/+ Rothschild in Wien behauptete bekanntlich, Rößler,
444 1706 1600 1743 os des öfteren auf längere Zeit bei Seite.um dem Aulifenll.,
3126 1705 3392 1764 Priester den
1893 1707 3130 1771 der Verfasser des Frankfurter Judengassenstücks, sei der einzige, der mit
442 1741 1589 1791 tismus auf den Leib zu rücken, fürs Freimaurertum eine
3129 1746 3404 1811 d' letzte glück
1895 1740 3118 1818 dem Hau'e Röthschild ein Geschäft mache, von dem die Firma selbst
446 1768 1587 1816 Lanze zu brechen, allerlei östreichische Verhältnisse ironisch
3137 1770 3381 1840 wissen, von
1887 1771 3124 1856 keinen Nutzen habs —, dann kam der Däne Nathansen mit dem
447 1807 1590 1866 zu beleuchten u. a. m. Er wendet dabei seinen ganzen Geist¬
3134 1830 3404 1884 iern, und Got
1887 1819 3114 1896 ernsteren, freilich alcch längst nicht so zugkräftigen Schauspiel Hinter
441 1847 1584 1892 reichtum auf und fesselt vielfach durch wirklich sein geschliffe¬
3130 1865 3406 1924 Die Handlungs
1895 1859 3111 1935 Mauern, und endlich schrieb Arthur Schnitzler seine fünfaktige
440 1893 1587 1934 nen Dialog, liefert verschiedene äußerst wirksame Bühnenbil¬
3123 1904 3408 1961 Haß gegen der
1890 1900 3117 1974 Komödie Professor Bernhardi, die, in Oesterreich verboten, neben
447 1914 1587 1978 der, reißt aber den Faden der Handlung des öfteren willkür¬
3119 1942 3398 1998 verständlich nich
1887 1939 3102 2012 Jüdischem allerdings auch vielerlei Christliches=Allzuchristliches und —
444 1957 1587 2016 lich ab, um Gelegenheit zu bekommen zur Aus prache all
3116 1982 3386 2047 tischen Kreisen
1880 1988 3032 2041 über das Konfessionelle higaus — auch Rein=Menschliches bringt.
444 1994 1581 2039 dessen, was sein Herz bewegte, als daß noch von einem
3158 2027 3400 2073 — nach Ansicht
1927 2016 3114 2085 Wir kennen Schnitzler auf der Straßburger Bühne von seinem
447 2028 1590 2098 straffen, konzentrierten Aufbau seines Dramas die Rede sein
3128 2054 3401 2122 Kunst den christ
1879 2057 3111 2132 bunten Renaissance=Gemälde Der Schleier der Beatrice und seinen
436 2066 1592 2134 könnte. In der Charakterzeichnung bewährt er sich als
3121 2102 3388 2160 Anzeigen des
1885 2089 3110 2169 zierlichen Anatol=Einaktern. Wenn dieser Dichter plaudert, ist er voller
437 2110 1590 2170 Meister. Die Stuttgarter Künstlerschar brachte unter Leitung
3114 2126 3402 2203 Juden Bernhar
1889 2146 3107 2211 Charme und geistreich wie ein Franzose. Er kennt die Frauenherzen
437 2153 1580 2210 des Intendanzrats V. Stephani eine in jedem Betracht
3111 2177 3385 2235 kottiert. Dann
1879 2177 3103 2245 besser als irgend ein anderer österreichlscher Schriftsteller, er weiß von
445 2190 1592 2249 musterhafte Aufführung zustande. Besonders gefeiert vurde
3120 2219 3392 2282 welche Konzessic
1877 2219 3108 2290 der Liebe Lust und Leid uns die zierlichsten und wehmütigsten Dinge zu
431 2211 1585 2279 vom Publikum der Darsteller der Titelrolle E. Richter.
3110 2259 3404 2317 verfeindet sichn
439 2264 1583 2319 Neben ihm behautpteien sich R. Tenhaeff (Minister), O. Hof¬
1882 2252 3097 2327 sagen. Weniger gut findet er sich in den Stil der großen Komödie.
3117 2300 3399 2357 Herren Fühlung
446 2297 1586 2350 meister (Dr. Cyprian), M. Marx (Vizedirektor), W. Franke
1889 2285 3100 2364 Seine feuilletonistische Art, die in der Skizze so springquellfrisch sprudelt
444 2333 1584 2385 (Hofrat), K. Junker (Pfarrer), wie überhaunt alle im Stück
3105 2336 3394 2393 legenheit in Fo
1874 2329 3101 2401 und ein Bonmot nach dem andern emporwirft, reicht nicht ganz aus
439 2375 630 2442 Beschäft
781 2378 1104 2443 haus ehrenvoll.
1139 2384 1594 2431 Einem Ruf der Mu¬
1874 2362 3107 2443 zur Darstellung großer Begebenheiten und schwerer Lebensschicksale. Er
3107 2379 3385 2434 in einer stürmis
1096 2390 1582 2476 ## lch die Berliner
3113 2418 3386 2472 des Krankenhauf
1877 2407 3095 2483 haftet zu fest am Kleinen und Einzelnen und findet infolgedessen nie¬
1266 2443 1586 2513 5.5. Karl und
1870 2452 3092 2520 mals die große dramatische Linie, die ein machtvolles Bühnenstück haben
3111 2453 3400 2510 Gegnern das Fe
1336 2490 1584 2546 ##stern erst¬
3106 2490 3402 2554 Unterrichtsminist
1877 2484 3097 2563 muß, wenn es uns fortgesetzt fesseln soll. Seine Technik ist die eines fleißigen
1476 2517 1592 2575 Ge¬
1867 2523 3096 2602 Webers, der Fadenum Faden zu zarten Geweben fügt und dennoch kein klares
3111 2533 3400 2592 ihm aber entfren
1473 2561 1600 2622 gen¬
3096 2570 3389 2628 seinen Lebenswe
1863 2551 3091 2633 und festes Muster zustande bringt. Wir hören unendlich viel Geist¬
3095 2609 3391 2667 die Jnstizbehörde
1862 2604 3088 2676 reiches in seinen Stücken, zum Schluß jedoch sind wir ernüchtert und
3098 2652 3392 2708 die Angelegenhe
1867 2635 3090 2719 unbefriedigt, weil wir nichts wahrhaft Erschütterndes und Zwingendes
3106 2695 3393 2743 wied wegen Stö
1867 2690 3088 2756 erlebt haben. Diese Erfahrung mahten wir Samstag Abend von
3091 2726 3398 2785 ureilt. Im letzt
1866 2730 3082 2796 neuem bei seinem Professor Bernhardi. Was hat der Dichter nicht
3099 2769 3369 2825 Feit aus der
1864 2763 3080 2833 alles in diesen fünf Akten zusammengesaßt! Wir lernen die ärztlichen
3097 2805 3386 2864 werden wird, erf
1865 2791 3080 2875 Infassen eines ganzen Krankenhauses kennen und hören mehr als genug
3097 2845 3386 2898 aus dem Gefäng
1861 2836 3078 2914 Medizinisches; wir werden Zeugen einer verblüffend eingehend behandelten
3086 2884 3389 2945 Fitunde und jetzi
1854 2858 3079 2952 Aufsichtsratssitzung und nehmen teil an langen politischen Erörterungen
1856 2906 3081 2991 über die Stellung des Judentums in der heutigen österreichischen Ge¬
3090 2924 3381 2979 köcien beide sich
1848 2956 3074 3026 sellschaft und die Macht des Kierus; ernste und fröhliche Männer der
3095 2964 3391 3016 Eit munterer Ho
1857 2994 3082 3064 Wissenschaft und Schurken und Heuchler tauchen auf und verschwinden,
3089 3005 3383 3054 fingst, Bernhard
3088 3040 3400 3098 Minsch mische sich
1857 3025 3079 3111 und endlich, wenn der meist hinter der Szene sich abspielende Kampf
1841 3078 3395 3157 vorüber ist. müssen wir von dem Dichter derch:###nd eineg Mini¬nich angehen; i
