3392 4352
151 1535 198 1588 3
141 1964 211 2021 n
1601 166 2060 265 box 31/72
243 159 1456 274 25 Professer Bernhandi
635 756 1163 842 (Tell, 1. Akt, 1. Szene.)
2650 838 2695 872 „
2213 833 3143 908 Doch um auf den prattischen Mediziner Artun
1248 865 2178 926 Jawohl, nur ein Arzt konnte diese starke, von!
176 875 1183 938 und die Affäre war beigelegt, ehe sie zu einer solchen
2154 868 3144 939 Schnitzler zurückzukommen: Ein besonders gesiichter
1167 905 2141 962 so viel Medizin durchdrungene Komödie schreiben,
2149 918 3144 981 Arzt ist er eigentlich nie gewesen. Aber eine „schöne
187 919 598 997 hätte werden können.
1176 949 2140 1004 die dem Fall des Professors Bernhardi gewidmet
2143 961 3124 1030 Ordination“ hat er — was das Aeußerliche betrifft —
1174 995 2140 1048 ist. Stets säh man (obwohl keine der vorkommenden
259 972 1158 1061 Wie freuten sich Direktor Weisse und Drama¬
2147 994 3137 1066 vohl gehabt. Der Schreiber dieser Zeilen weiß sich
1168 1041 2139 1088 Personen ihm dem Wesen nach gleicht) den Vater
184 1035 1158 1093 turg Glücksmann, als das Buch von „Professor
2149 1042 3147 1116 ihrer noch genau zu erinnern: Empfangs= und Ordi¬
1169 1083 2135 1133 des Dichters, den Laryngologen Professor Doktor
169 1086 1177 1171 Bernhardi“ fertig in ihren Händen lag! Aber in ein
2153 1086 3148 1152 nationsraum befanden sich zunächst in der Grillparzer¬
1168 1124 2141 1182 Johann Schnitzler, in schattenhafter Gestalt über die
194 1130 1172 1195 paar Tagen war alle Hoffnung begraben. Die Wiener
2149 1127 3168 1189 traße — das war die erste Junggesellenwohnung des
1167 1168 2140 1228 Szene schreiten. Professor Schnitzler sen. ist seiner¬
200 1175 1161 1241 Polizei und Statthalterei sagten bestimmtest:
2154 1190 3149 1240 Arzies Dr. Schnitzler — also in einem noblen Viertel;
1164 1206 2140 1264 zeit als Opfer seines Berufes gestorben, an einer
194 1218 816 1292 Nein! Der Rekurs nützte nichts.
2152 1219 3152 1285 dann übersiedelte er in ein noch teureres: in das Haus
1177 1247 2145 1308 Infektion, die er in der Praxis sich zugezogen hatte.
267 1232 1170 1321 Da erhält Glücksmann die Nachricht, die
2157 1265 3154 1328 Kärntnerring 12! Dort ist seit vielen Jahren eines
1181 1288 2143 1344 Merkwürdig, welche Hoffnung des alten Professors
202 1296 1159 1366 Reichenberger Zensurbehörde habe dem dortigen
2162 1316 3155 1376 der berühmiesten heimischen Modeaieliers unte¬¬
1178 1340 2141 1399 Schnitzler Eltern einst an seine Person geknüpft
194 1345 1167 1409 Theater den „Bernhardi“ freigegeben! Flugs läuft er
2162 1341 3164 1423 gebracht. Die Stufen zu diesem Salon sind wohl
1172 1382 2148 1432 hatten, und wie er sie erfüllen sollte. Diese Eltern,
206 1393 1163 1453 mit dem Bescheid zum Minister Baron Bienerth.
2152 1399 3186 1462 einigermaßen abgetreten; aber weiter hinauf, wo ehe¬
1177 1429 2143 1482 in Ungarn lebend, glaubten nämlich auf Grund
201 1434 1164 1496 Der aber läßt sich nicht rühren. Im Gegenteil, er
2165 1441 3153 1503 mals (und zwar bis in die späteren Neunzigerjahre)
1171 1460 2140 1521 der Urteile der Gymnasialprofessoren ihres Sohnes,
192 1464 1175 1546 bewirkt, daß die Entscheidung der Reichenberger
2151 1486 3167 1541 der Herr Dr. Schnitzler ordinierte, sind sie blank und
1170 1511 2157 1561 er werde ein großer Dichter werden, ein Stol:
194 1519 1172 1594 Zensur sogleich aufgehoben wird, und sagt: „So
2151 1521 3155 1586 lantig geblieben wie eine Feststiege! Man kann sich
1174 1550 2147 1609 Ungarns, der Poet seines Vaterlandes. Und richtig
199 1549 1180 1630 lange ich ein Wort zu reden habe, wird dieses Stück
2156 1572 3153 1629 denken, wie der Hausherr sich gekränkt haben muß,
1182 1601 2150 1654 wurde Johann Schnitzler ein hervorragender Kehl¬
206 1619 1097 1678 nie aufgeführt werden.“ ###e###
2162 1621 3159 1689 einen Arzt als Wohnpartei zu verlieren, der gerädez
2113 1643 2155 1681 —
1171 1642 2096 1695 kopfarzt. Und seinen erstgebornen Sohn Artur
271 1653 1172 1703 Warum er es so haßte? Nicht einmal wegen
2160 1666 2903 1737 als „Stiegenschoner“ gelten konntel...
1185 1669 2144 1735 nicht den zweiten, der mittlerweile der berühmte
195 1696 1173 1758 des religiösen Problems, sondern hauptsächlich wegen
1174 1726 2159 1781 Operateur Professor Julius Schnitzler geworden
197 1730 1163 1806 der Figur des wortbrüchigen, streberischen Ministers
1173 1758 2171 1833 ist — hielt der Vater für einen bochbegabten Medi¬
2235 1768 3174 1845 Artur wäre übrigens viel früher, als es ihm tat¬
205 1776 1176 1852 für Kultus und Unterricht, der es sich nach altöster¬
1179 1821 2164 1872 ziner, barufen, der Wiener Fakultät einst zur Ehre
2163 1822 3168 1888 sächlich gelang, der Medizin durchgegangen, um unter
201 1825 1175 1913 reichischer Manier mit keiner Partei verderben wollte...
1185 1861 2151 1917 zu gereichen. Und richtig wurde Artur Schnitzler
291 1876 1165 1940 Heute weiß man, welche Exzellenz dem Dichter
2170 1868 3158 1925 dem Schutze der Muse sein weiteres Leben zu ver¬
1176 1899 2152 1959 einer unserer feinsinnigsten Dichter! Aber trotzdem
210 1911 1174 1978 hiezu Modell gestanden ist. Es war nicht Baron
2168 1908 3175 1972 bringen, wäre ihm eine ganz eigentümliche Episode
1247 1949 2157 2008 die Eltern werden nie den Ehrgeiz aufgeben,
2169 1958 3164 2015 nicht hinderlich in den Weg getreten. Er konnteinichts
213 1973 418 2041 Bienerth
1184 1989 2153 2056 die Propheten ihrer Kinder zu sein — und wenn
2164 1985 3171 2053 dafür. Es war in den Jahren, da die Patienten immer.
287 1978 1178 2056 Diesmal hat sich Artur Schnitzler verpflichtet
1191 2030 1731 2105 sie noch so oft sich täuschen.
2166 2039 3164 2103 seltener, aber die literarischen Besuche beim Herrn
209 2039 1185 2114 gefühlt, auf der Szene zu erscheinen, um dem Pu¬
1256 2046 2159 2140 Aber immerhin, dem Wunsche des Vaters ge¬
2169 2083 3159 2143 Dr. med. Artur Schnitzler immer häufiger wurden.
205 2084 1184 2154 blikum für die dem Werke erwiesene überaus warme
1177 2119 2157 2175 mäß hat der Herr Doctor universae medicinae
2173 2119 3168 2193 Da sagte sich der besorgte Papa und Professor
202 2145 636 2216 AAufnahme zu danken.
1194 2167 2167 2221 Artur Schnitzler seinen Beruf durch eine ganze Reihr!
2173 2160 3163 2232 Schnitzler: „Beides — Medizin und Dichterei — geht
296 2160 1172 2233 Aber peinlich ist's Schnitzler immer gewesen,
1190 2201 2163 2262 von Jahren höchst ernst genommen! Mit 23 Jahren
2174 2213 3159 2274 nicht. Denn jede von beiden fordert ihren ganzen
207 2220 1178 2301 sich dem Publikum zu zeigen. Denn er hält's nur
1194 2253 2152 2310 promoviert, machte er als Sekundararzt am Allge¬
306 2262 375 2310 M:
2178 2267 3148 2323 Mann. Ich muß für Artur eine Gutscheidung treffen.“
217 2257 1176 2327 mit Mühe aus, sozusagen körperlich eine Ehrunz
173 2281 228 2334 ie
1190 2292 2165 2351 meinen Krankenhause Dienst; seine ersten Chefs waren
2245 2300 3173 2369 Und so packte der gute Professor heimlich einige
204 2311 1184 2364 entgegenzunehmen; eine gewisse Keuschheit hält ihn
1180 2331 2166 2384 die Professoren Dr. Weinlechner und Dr. Meynert.
2176 2356 3175 2411 der ersten Jugendarbeiten seines Sohnes zusammen —.
216 2346 1175 2414 davon ab. Wie überhaupt ein Erstaufführungs¬
1194 2381 2167 2448 In Berlin und London betrieb Artur Spezial¬
2173 2385 3163 2445 darunter aber bereits der „Anatol“=Zyklus — und gab
213 2387 1190 2460 abend stets schwer auf seiner Seele lastete. Er ha
253 2426 2162 2504 — auch jetzt — noch nicht gelernt, dieses Gemisc studien in der Kehlkopftherapie. Ein gut Stück vorwärts
2170 2428 3165 2490 sie einem alten Freund, wohlvertraut mit theatrali¬
207 2467 2168 2538 aus Parfümduft, Leimfarbe und Bosheit hinunterbrachte ihn auch sein eister schriftstellerischer Erfolg
2176 2477 3168 2540 schen Dingen, zu lesen. Dieser Freund setzte sich hin
213 2508 2166 2577 zuschlucken. Wer übrigens Schnitzler bei der jüngster sais — Arzt nämlich. In allen ärztlichen Bibliotheken
2177 2514 3167 2576 und studierte die Sachen emsig und ehrlich. Endlich
1199 2556 2166 2618 ist das bei Brockhaus Wien=Leipzig erschienene
2167 2565 3170 2630 trat er vor den Vater, das Urteil zu fällen. Wie es
224 2559 1188 2626 Erstaufführung von „Bernhardi“ im Volkstheate
1185 2598 2163 2658 dicke Buch zu finden: „Klinischer Atlas der Laryn¬
154 2613 208 2667 er¬
2177 2598 3165 2664 lautete? „Dein Sohn ist gänzlich talentlos!“ Und wer
227 2610 1184 2669 gesucht hat, der strengte seine Angen vergeblich ar.
1200 2636 2161 2697 gologie“, herausgegeben von Professor Dr. Johann
2175 2653 3172 2729 der Richter war, der so entschied? Adolf Sonnenthal!
220 2651 1178 2718 Denn nur während der Zwischenakte verma
152 2656 216 2706 der
1192 2689 2178 2764 Schnitzler unter Mitrirkung von Dr. Hajek und
2245 2690 3168 2747 Natürlich hieß es für Artur nun erstrecht, in der
211 2683 1185 2769 Schnitzler an solchen Abenden die Luft des Theaters zu.
1198 2736 1983 2805 Dr. A. Schnitzler. Dieser „A“ ist Artur.
2178 2741 3171 2800 Kehlkopfspezialwissenschaft fleißig weiterzuarbeiten.
158 2736 1182 2802 ssen atmen. Die übrige Zeit geht er in den Gassen un
2174 2769 3178 2835 Wenn's auch umsonst war. Denn im Herzen wußte es
148 2773 1203 2844 sten das Theater still auf und ab, seine Zigarete
2186 2822 3183 2887 der junge Dichter doch, von wo ihm Ruhm winke.]
146 2828 1194 2877 lse. rauchend oder eigentlich beißend. Denn erregt it
1264 2833 2172 2895 Wie man sich — auch außer „Professor Bern¬
2178 2876 3165 2935 Nicht von der Klinik, sondern ron der Bühne. Aber der
141 2853 1199 2939 en er doch. Immer wieder führt der Spaziergang der
1191 2882 2164 2961 hardi“ — manche der werwollsten Arbeiten des Dichters
2174 2914 3171 2963 alie Professor Schnitzler ist tatsächlich gestorben, ohne
143 2906 1187 2982 ten Dichter zum Bühnentürchen zurück; dort fragt e,
1192 2931 2175 2992 ohne den Mediziner nicht denken könnte. Nur ein
221 2950 1188 3020 ob denn noch nicht Aktschluß sei (im Bühnenjargor
2177 2934 3237 3025 auch einen einzigen literarischen Erfolg seines Sohnes 2
1197 2971 2175 3036 Arzt mit Dichterfeele konnte „Das Sterben“ schreiben,
226 2987 1190 3064 sagt man kurzweg „aetus“). Und ist dann g¬
2173 2996 2507 3071 erlebt zu haben.
136 3009 228 3064 ner
1199 3012 2180 3079 konnte in den „Letzten Masken“ Todkranken das
234 3033 1196 3100 wohnlich über sich selbst empört, daß er in all Im
148 3052 229 3106 kde,
1203 3060 2148 3130 Lächeln warmen Humors auf die Lippen zaubern.
233 3073 1197 3153 Jahren nicht gelernt habe, kürzere Akte zu schreiber.
2242 3082 3169 3154 Aus dem „Professor Bernhardi“ hat der Dichter
1268 3104 2178 3169 #everdies hat das Medizinstudium Schnitzlers
227 3115 1208 3185 Weshalb auch das Puölikum ganz recht hätte, ihn —
2747 3141 2826 3182 FFR
144 3138 237 3199 shte
2171 3128 3173 3203 gelegentlich der Volkstheaterauffuhrung eigenhändig
1201 3148 2181 3212 noch etwas Gutes: Alle die Personen, die in seinen
228 3162 1189 3232 so denkt er — diesmal mit einer Ablehnung, mi
2176 3192 3178 3247 große Stücke herausgeschnitten, damit die Dichtung
1202 3203 2178 3260 Stücken, namentlich aber in seinen Novellen, zugrunde
224 3207 1197 3277 einem richtigen Durchfall zu bestrafen. Um so e¬
2177 3217 3238 3293 ja nicht zu lange werde und etwa die Bezeichnung*?
1206 3243 2179 3306 gehen, sterben sozusagen eines soliden Todes. Wir
237 3247 1186 3318 freuter ist Schnitzler dann, wenn man ihm eine
2189 3271 3247 3341 verdiene, die Paul Schleuther seinerzeit mit feinem
1205 3281 2173 3340 wissen genau, woran wir sind, und sind gewissermaßen
228 3293 1200 3360 Erfolg meldet, wenn er hört und sieht, sein Stüt
155 3314 231 3369 hm
2186 3323 3237 3392 Zumor dem „Medardus“ Schnitzlers gegeben: „Ein, *
1180 3323 2175 3384 beruhigt, daß die Behandlung die richtige gewesen ist
150 3353 695 3425 der=habe Beifall gefunden.
1187 3375 2618 3459 (Wo doch der Dichter ein wirklicher Daktor ist!... ranmutiac Unaetim.“
167 3398 263 3466 en,1
2660 4058 2965 4137 ——
