3344 4320
1618 70 2074 159 box 31/7
680 92 826 149 eSS
257 79 1468 165 25. ProBernhandi
2800 448 3040 507 Seite 87
685 435 851 510 Nr.-11
1545 447 2141 531 „Neue National-Zeitung“
1195 555 1360 686 1.
1539 606 2265 704 EulLZLTen.
1866 748 3077 798 unsichtbare und höchst sichtbare Mächte unser gan¬
625 749 1315 818 Professor Dr. M. Grünfeld:
1872 802 3081 856 zes soziales und politisches Leben. Und, weh’ dem,
814 785 1787 913 „Professor Bernhardi.“
1859 852 3085 914 der an den Schranken rüttelt, die eine längst ver¬
1868 911 3082 967 gangene Zeit — man nennt sie gern „das finstere
733 899 1839 979 Ein Feuilletonist des angesehensten Wiener
1873 943 3072 1005 Mittelalter“ — aufgebaut hat. Damals errichtete
640 961 1831 1019 Blattes machte vor kurzem aus Anlaß der Be¬
1856 1005 3085 1054 man den Juden Scheiterhaufen, „der Jude wurde
638 1007 1820 1073 sprechung des Stückes von Nathansen, „Hin¬
1863 1046 3080 1090 verbrannt“. Jetzt kann er mit der Staatsanwalt¬
643 1062 1844 1113 ter Mauern, die Bemerkung: „Es gibt Stücke
1869 1105 3075 1154 schaft in Konflikt geraten, parlamentarische Inter¬
639 1112 1845 1165 und Judenstücke. Die letzteren sind für ihn solche,
1868 1140 3076 1202 pellationen drohen ihm, er hat einen Brand ent¬
639 1159 1842 1223 in welchen Juden eine Rolle spielen. Von „Nathan,
1871 1193 3078 1254 facht, den die Antisemiten verschiedener Färbung
633 1211 1843 1267 dem Weisen“ ging er aus und bis zu Nathansen
2592 1240 3078 1297 Gefängnis, Kerker.
1876 1247 2523 1298 schüren, und der Rest ist
639 1263 943 1322 gelangte er.
1869 1291 3083 1351 wenn nicht Vernichtung der ganzen sozialen Stellung.
742 1306 1838 1363 Wir halten, mit Verlaub, seine Einteilung für
1959 1349 3075 1409 Keine der jetzt sehr gebräuchlichen „Be¬
640 1357 1847 1404 keine richtige und stichhältige. Die ewig wieder¬
635 1396 1841 1458 kehrende Frage, ob ein jüdisches Mädchen einem
1872 1408 3083 1458 sprechungen“ sollen diese Zeilen bieten. Nur eines
642 1454 1844 1508 Nichtiuden die Hand zum Ehebunde reichen soll,
1874 1457 3071 1513 wollen wir hervorheben: Schnitzlers „Komödie“
639 1502 1850 1555 auch wenn sich die in anderen Anschauungen auf¬
1866 1515 3080 1567 gibt ein Bild davon, wie viel Heuchelei, Strebertum,
634 1552 1848 1613 gewachsenen und lebenden Eltern dagegen sträuben,
1872 1556 3079 1606 Falschheit und Niedertracht wir mit gewissen An¬
638 1604 1849 1664 kann doch wohl ein Theaterstück nicht zu einem
1863 1609 3073 1661 schauungen unserer Zeit verbinden können, die man
641 1651 1852 1706 Judenstücke stempeln, am allerwenigsten kann der
1863 1675 3066 1712 gewöhnlich mit dem Worte Antisemitismus be¬
636 1713 1844 1764 „Nathan“ Lessings für ein solches gleichsam zum
1872 1703 3089 1760 zeichnet. Professor Bernhardi ist ein Arzt und ein
646 1753 1843 1817 Vorbilde dienen. Ein Judenstück muß die ganze
1873 1752 3072 1805 guter Arzt, von der Art der Heilkünstler, wie sie
1877 1802 3081 1861 Nothnagel wünschte, als er sein schönes Wort
629 1805 1849 1858 große Judenfrage auf die Bühne bringen, zeigen,
643 1849 1833 1895 woran wir leiden, alle die Hemmungen und Hinder¬
1870 1863 3080 1907 sprach: „Der gute Arzt soll auch ein guter Mensch
629 1896 1844 1959 nisse vorführen, die auch im 20. Jahrhundert den
1870 1912 3084 1962 sein.“ Was hat auch der Arzt mit Konfessionalismus
637 1950 1854 2005 Gedanken der Menschengleichheit, der Gerechtigkeit
1870 1949 3087 2007 und Nationalismus zu tun? Bernhardi liegt nur das
637 1997 1851 2045 und Freiheit verdunkeln. Zeigen muß es, wie das
1880 1998 3073 2052 Wohl seiner Kranken am Herzen. Da befindet sich
1872 2053 3076 2111 nun im „Elisabethinum“ einer von ihm geleiteten
638 2045 1838 2096 Vorurteil auf die Entwicklung unseres Volkes ein¬
1874 2095 3073 2144 Krankenanstalt, die durch die Wohltätigkeit von
633 2102 1842 2154 wirkt, und wie verschiedenartig die Gestalten sind,
646 2145 1842 2194 welche diese Einwirkung zur Erscheinung bringt.
1858 2138 3074 2196 Privaten erhalten wird, ein Mädchen, das infolge
641 2196 1841 2247 Betrachten wir von diesem Standpunkte aus die
1868 2191 3084 2249 einer Fehlgeburt dem Tode verfallen ist. Im letzten
648 2247 1854 2299 Gegenwart, so erkennen wir in ihr manche
1875 2240 3056 2293 Augenblicke tritt bei der Sterbenden „Euphorie“
639 2300 1843 2359 Anzeichen, daß für uns die Vergangenheit noch nicht
1876 2294 3088 2362 ein, jener rätselhafte Zustand, der den Kranken, wern
645 2343 1207 2413 ganz entschwunden ist.
1875 2342 3089 2396 schon die Schatten des Todes ihn umfangen, noch
738 2387 1848 2447 Man erhob gegen Juden und Judentum manche
1864 2388 3084 2442 Rettung erhoffen läßt. Ein sehr geschäftiger Kan¬
645 2434 1847 2491 Anklagen, die zu Verfolgungen führten. Das Mittel¬
1867 2438 3077 2499 didat der Medizin, der den etwas schwer auszu¬
638 2492 1841 2545 alter sprach von Höhnungen und Lästerungen der
1866 2495 3080 2547 sprechenden Namen Hochroitzpointner führt, und
1874 2535 3086 2590 die Krankenschwester Ludmilla schicken um den
643 2547 1840 2598 Symbole der christlichen Religion. Auch an solchen
641 2587 1846 2648 Anklagen fehlt es heute nicht. Und dazu kommt der
1871 2602 3076 2650 Geistlichen, damit er die Sterbende mit den Tröstun¬
644 2635 1850 2689 Neid, der dem Juden seine gesellschaftliche Stellung
1872 2638 3075 2704 gen der Religion „versehe“ Da dieser kommt, wird
645 2684 1847 2727 verleidet und ihn aus dieser verdrängen möchte.
1878 2692 3083 2740 er vom Direktor Bernhardi zu der Kranken nicht
637 2742 1846 2789 Erst das Aufrollen des Judenproblems in einem
1870 2733 3086 2794 zugelassen, denn dieser befürchtet, die Aufregungen,
641 2787 1843 2837 Literaturwerke kann uns veranlassen, etwa von
1878 2792 3088 2839 die mit der religiösen Zeremonie verbunden sind,
640 2847 1849 2894 einem Judenromane oder von einem Judenstüche zu
1872 2840 3089 2894 könnten den Tod der Sterbenden beschleunigen.
632 2886 1840 2944 sprechen. In diesem Sinne ist Nathansens Werk
1868 2881 3081 2934 Fern liegt es Bernhardi, die Religion, das Sakrament
645 2932 1082 3001 kein Judenstück.
1874 2925 3088 3000 zu verletzen. Was er tut, kommt ars seinem Herzen,
1865 2980 3085 3040 entstammt seiner rein menschlichen Erwägung.
735 2979 1838 3036 Ein Anderer, ein Größerer, der mit weitem Aus¬
1873 3028 3085 3085 Aber, er hat etwas vergessen: „daß wir in einem
642 3043 1844 3096 blicke alle Erscheinungen, die das moderne Juden¬
1865 3075 3088 3135 christlichen Staate leben“ Würde ihm dies von
643 3091 1857 3146 tum darbietet, ins Auge faßt, der Wiener Arthur
1873 3145 3087 3187 einem Manne gesagt werden, der davon überzeugt
644 3147 1840 3197 Schnitzler, hat das Judenproblem in einem aus¬
1872 3187 3086 3237 ist, der Professor hätte wirklich die Absicht gehabt,
642 3186 1846 3244 gezeichneten, vielgelesenen Romane, den er den
1878 3219 3089 3287 sich einer religiösen Zeremonie gegenüber feind¬
643 3252 1851 3297 „Weg ins Freie“ nannte, behandelt. Er hat nun auch
1881 3270 3083 3333 selig zu verhalten, wir würden das Vorgehen Bern¬
642 3297 1852 3344 die Judenfrage auf die Bühne gebracht in seiner Ko¬
1871 3322 3076 3383 hardis verurteilen können. Denn gerade der Jude
649 3340 1849 3392 mödie „Professor Bernhardi“.*) die in Berlin
1873 3370 3085 3421 soll sich hüten, fremide religiöse Gefühle zu verle¬
634 3396 1858 3442 und München aufgeführt wurde, während ihr in
1869 3429 3092 3481 tzen. Und, er hat dies auch immer getan. Aber, der
656 3439 1849 3491 Wien, ihrem Geburtsorte, der Weg auf die Bretter
1876 3486 3007 3533 ihm die Worte vom „christlichen Staate“ sagt,
654 3489 1850 3538 verboten ist Denn, um mit dem Dichter zu reden,
1866 3520 3070 3579 es ist der Professor Dr. Flint, dermalen Unterrichts¬
639 3533 1845 3592 wir leben in einem „christlichen Staate“, will sagen
1874 3575 3085 3627 minister, hat zu einer Zeit, da er noch schlichter Arzt
643 3584 1857 3640 in einem katholischen, und in einem solchen ist es
1875 3627 3080 3675 und Amtsgenosse Bernhardis gewesen, anders ge¬
644 3629 1849 3687 dem Dichter verwehrt, über gewisse Dinge, die
1884 3676 3088 3728 dach“ — und geschrieben oder wenigstens schreiben
650 3675 1851 3733 uns gleichsam auf der Zunge liegen, von der Bühne
1880 3708 3085 3771 wollen. Ein Artikel sollte es sein über: „Gottes¬
645 3731 1856 3784 herab zu sprechen. Denn noch immer beherrschen
1876 3755 3093 3830 häuser-Krankenhäuser.“ Flint ist seitdem aus einem
1884 3810 3087 3883 unklugen Idealisten ein klügerer Politiker geworden,
745 3824 1729 3889 *) Erschienen im Verlag S. Fischer in Berlin.
