3436 4256
1259 -8 1799 58 A1IC Mänder Rinchere.
1291 38 1589 106 — Storslase
1810 53 1988 116 love
1759 104 1973 163 eudersen
1752 156 1903 221 ##nsen!
1687 218 1955 286 Shap-shot.
1260 404 1952 547 Et merke'igt Til¬
1480 532 1746 641 feelde.
1245 690 1966 781 Professor L. Brandes
1566 758 1660 824 0g
1250 802 1950 889 Professor Bernhardi.
1274 920 1963 1013 Ved Scenisk Samfunds nylige
1206 982 1962 1077 Opferelse af Arthur Schnitzlers
1213 1040 1956 1132 [Professor Bernhardi lerte
1219 1092 1972 1196 det kebenhaynske Teaterpublikum
1228 1164 1966 1258 at kende dette europeisk berömiß
1224 1234 1970 1314 Skuespil, hvis Problem har gi#
1223 1283 1965 1385 Anledning til saa megen Diskis¬
1211 1341 1961 1433 sion mellem Laeger , og Estetikere.
1210 1397 1964 1489 Skuespillet handler om den be¬
1209 1459 1955 1554 kendte Leege Professor Bernhardi,
1213 1538 1962 1613 paa hvis Hospitalsafdeling en Pa¬
1213 1585 1963 1689 tient ligger for Doden. Preesten
1206 1645 1949 1723 bliver tilkaldt for at give den De¬
1205 1715 1965 1790 ende Sakramentet og indfinder sig,
1213 1777 1947 1845 men bliver tilbagevist af Professor
1208 1834 1954 1893 Bernhardi, der mener, at Preestens
1198 1863 1950 1960 Tilsynekomst vil forurolige den
1196 1949 1955 2027 Syge. Berettigelsen eller Ikke-Be¬
1186 1984 1938 2065 rettigelsen af dette Skridt fra Pro¬
1201 2060 1943 2140 fessorens Side er det Problem, som
1182 2099 1945 2214 reises i Skuespillet, yderligere poin¬
1199 2179 1524 2231 teret ved, at Ar
1723 2188 1937 2243 itzler har
1191 2209 1937 2313 aet- ere  Pre
1189 2291 1939 2383 blemet har jo sat en Mangde Pen¬
1191 2348 1604 2423 ne i Bevagelse
1218 2400 1946 2494 I disse Dage er der udkommet
1176 2456 1930 2553 paa Gyldendalske Boghandels For¬
1169 2519 1921 2611 lag, som et Led i de af Jul. Clau¬
1182 2591 1931 2679 sen og P. Fr. Rist udgivne Memoi¬
1174 2619 1936 2725 rer og Breve, nogle Erindringer af
1172 2678 1912 2783 Enkepastorinde Ida Johnsen, k.
1163 2763 1932 2868 Jessen, en af de ferste Kvinder,
1160 2820 1914 2897 som brod Vejen til rationel kvin¬
1162 2880 1919 2968 delig Sygepleje. Paa Trods af sin
1157 2935 1914 3035 Families Protest havde hun ofret
1163 2995 1921 3091 sig for Sygeplejegerningen mellem
1160 3036 1910 3142 Samfundets Stakler, og det var lyk¬
1157 3084 1908 3204 kedes hende at faa Anseettelse paa
1164 3173 1910 3257 Almindeligt Hospital under Pro¬
1157 3238 1901 3317 fessor L. Brandes. Her blev hun
1149 3276 1899 3378 syg af Overanstrengelse, og da
1148 3322 1896 3434 hendes Tilstand var saadan, at et¬
1150 3407 1909 3497 hvert Haab maatte betragtes som
1148 3465 1897 3570 udelukket, bad hun om, at Pastor
1136 3523 1894 3606 Frimodt (Lederen af den koben¬
1144 3567 1892 3673 haynske Kirkelig Forening for in¬
1150 3640 1900 3725 dre Mission) maatte blive tilkaldt
1147 3699 1826 3778 for at give hende Sakramentet.
1183 3772 1883 3846 Og nu forefaldt der et Optrin,
1127 3786 1880 3901 der paa den maerkveerdigste Maade
1123 3874 1878 3958 falder sammen med det Problem,
1127 3934 1909 4031 Isom Arthur Schnitzler har taget
2008 2 2411 52 TTT
2009 49 2753 107 som ikke siden min Faders Dod.
2005 103 2747 158 At netop De kunde sige det, som
1994 159 2747 235 jeg har talt saa'meget med, forstod
2001 231 2745 289 jeg ikke. De véd, hvor hele min
2000 281 2754 358 Siel hanger ved min Nation og
2002 338 2745 419 dens Religion; De maatte vide, at
1990 402 2745 481 det var som Laege og Menneske, at
1985 473 2721 530 jeg maatte stette mig derimod..
2027 521 2730 597 Manuskriptet var en Henvendel¬
1977 534 2745 676 se i Eventyrform, skrevet med den
1990 641 2730 719 fine Begavelse, der var egen for
1977 699 2461 781 ham og hans Familie.
2043 761 2728 839 —Den Gang slutter Pastor-
1978 814 2728 891 inde Ida Johnsen — gik det op for
1970 877 2726 953 mig, at ingen anden Nation i Men¬
1989 925 2733 1010 neskeheden har kunnet frembringe
1990 991 2715 1073 Kristusskikkelsen end netop Jode¬
1975 1053 2136 1120 Colket.
