3392 4352
315 214 1528 304 25. Professer Bernhandi
809 1049 1274 1181 Kenchenangabgranie Gewauer
496 1169 1323 1287 Kasscht ans: D (eee.
512 1275 647 1330 vom:
718 1252 825 1340 2
508 1468 1667 1569 Ein- Schnitzler: „Professor Bernhardi". Ein echter
804 1520 862 1542 —
451 1455 1677 1606 Schnitzler.) Das verraf schon die wissentlich falsche Bezeichnung des
450 1567 1666 1641 Drafnas al einer „Komödie“. Es nützt dem Dichter nichts, daß er
457 1586 1665 1671 sich zwingt, eine erschütternde Tragödie des Lebens mit einem giftigen
454 1643 1670 1738 und hanalen Witzwort abzuschließen — auch Heine, dessen Art er#
451 1681 1655 1778 damit nachahmt, gelang es nicht, sein Herz mit diesem Mäntelchen
452 1733 1665 1821 zu verstecken. Sah man's nicht, so hörte man's doch schlagen. Frei¬
444 1776 1652 1872 lich, was bei dem Dichter der Liebeslieder echteste Wärme, ist bei dem
445 1814 1653 1902 Wiener Pfpchologen nur die Lust am Handwerk, am Sezieren. Er
437 1850 1659 1962 kann sein Metier nicht verleugnen. Drei Akte vollendeter technischer
433 1902 1653 2009 Meisterschaft. Der vierte birgt ein literarisches Kleinod in einer etwas
443 1952 1657 2043 faden Aufmachung. Der letzte ist ein überflüssiges Ringelschwänzchen.
446 1992 1654 2083 Manche halten das in Österreich verbotene Drama für ein Tendenz¬
434 2028 1657 2135 stück, vielleicht gerade wegen des Verbots. Dann wäre es kein echter
429 2083 1670 2178 Schnitzler. In dieser Beziehung ist er nur ein Blender, vielleicht
425 2123 1649 2214 auch, doch möchte nicht ich es sein, der diesen Vorwurf erhebt, Ge¬
431 2168 1651 2265 schäftsmann. Ein solcher kann wohl auch einmal in ergreifender
419 2213 1643 2311 Liebestragödie machen, dann bringt er es aber nicht so schlicht heraus.
430 2253 1652 2357 Jener erste Akt, da der Mensch, um den sich alles dreht, stets hinter
420 2301 1641 2398 der Bühne bleibt, ist nicht nur ein Kabinettstück unheimlicher tech¬
422 2359 1640 2442 nischer Noutine, er ist auch ein Dichtwerk edelster Art. Man könnte
417 2388 1645 2486 ihn ganz allein ansehen und dann befriedigter nachhause gehen als
421 2446 1635 2534 nach dem fünften. Da liegt um der Liebe willen ein armes Ding
410 2487 1645 2579 im Sterben, aber weil es in jenem seltsamen Traumzustand befangen
409 2527 1641 2622 ist, der ihm Genesung und ein unendli süßes Glück an der Seite
413 2566 1640 2668 des Geliebten vorgankelt, läßt der Leite des Krankeninstituts den
413 2612 1625 2715 herbeieilenden Priester nicht an das glückliche Schmerzenslager heran¬
409 2668 1619 2746 treten. Das Mädchen stirbt, ohne die letzte Glung empfangen zu
410 2693 1625 2772 haben. Soweit der Schnitzler der „Liebelei“, nun setzt der Politiker
400 2757 1616 2845 ein. Den Orofessor Bernhardi kostet seine menschlich begreifliche Hand¬
400 2777 1625 2877 lung natüric — Streiflichter auf österreichisch=klerikal jüdische Ver¬
408 2834 1632 2921 hältnisse — Stellung, Ruf, trägt ihm Kerker ein. Da er aber „nicht
396 2882 1622 2979 zum Reformator geboren ist“, endet, die Geschichte mit einem Witz.
398 2921 1618 3024 Arzte (eineinhalb Dutzend), Winister und Pfarrer und Verteidiger,
401 2967 1619 3059 Hofrat und Journalist — welch ein Tummelplatz für „Topen“! Sie
400 3018 1615 3115 waren, das ist und soll ein großes Lob sein, fast ausnahmslos vor¬
397 3055 1610 3153 züglich getroffen, wie denn Charakterisierung und Maskierung über¬
389 3101 1606 3184 haupt das bessere Teil unseres Schauspiels ist. Lediglich Professor
390 3137 1612 3236 Bernhardi hätte eine markantere Erscheinung vertragen können, als
380 3188 1612 3268 es Herrn Danegger möglich war, sie ihm zu geben. Er tat daher
381 3233 1608 3328 gut daran, sich mit einem ruhigen, etwas saloppen Spiel zu bescheiden,
381 3288 1592 3373 das allerdings zuletzt, eine Ursache begreiflicher Ermüdung, stark absiel.
388 3313 1602 3427 Herr Sattler stellte sich als Geistlicher vor. Er verfügt über ein
1694 189 2125 285 box 30/4
2177 302 2940 447 K#schmitt ans: Z#c##0h0
2402 402 3301 577 . 113. den blal
2068 756 3304 870 Zu Schnitzlers Komödie „Profeszor Bernhardi“,
2050 849 3355 956 IKENarbethinum, der Klinik des Professors Bernhardi,
2016 927 3354 1011 liegt Ninharmes Ding im Sterben. Im letzten Augenblick
2023 981 3359 1085 gerät die Kranke in den Zustand der „Euphorien
2016 1040 3370 1153 jene traumhafte Illusion der Rettung und des Glücks,deng
2013 1145 3368 1224 die Natur mitunter in gnädiger Laune der Vernichtung¬
2012 1202 3355 1278 unmittelbar vorangehen läßt. Da tritt, von der über
2023 1269 3364 1358 cifrigen Krankenschwester herangeholt, ein Priestersein,
2016 1348 3369 1432 der Todgeweihten die Sterbesakramente zu reichen. Dem
2018 1413 3374 1497 Arzt bittet ihn, davon abzustehen, die Unglückliche nicht
2010 1473 3365 1560 durch sein Erscheinen aus ihrem kurzen hold’en Wahn.
2013 1557 3368 1626 zu reißen. Es gibt einen raschen Wortwechsel. Ders
2017 1607 3377 1683 Pfarrer bestcht auf seinem Recht. Professor Bernhardis
2020 1692 3361 1775 verbietet es ihm. Inzwischen hat die übereilige Kran¬
2020 1768 3368 1825 kenschwester die Ankunft des Priesters gemeldet und das
2024 1812 3362 1909 mit die Kranke aus ihrem holden Wahn gerissen
2025 1904 3375 1981 und zur tötlichen Verzweiflung gebracht. Der
2017 1968 3372 2038 Assistent tritt ein: es ist vorbei. Die Kranke ist ohine
2010 2039 3366 2129 die Tröstungen der katholischen Religion dahingegangen.
2049 2122 3371 2208 Mit diesem Kampf der ärztlichen Erkenntnis und rein
2025 2187 3364 2275 menschlichen Empfindens gegen die Satzungen der kas
2023 2248 3378 2324 tholischen Religion leitet Schnitzler seine „Komödie#
2026 2329 3369 2404 ein. 4 Aktefolgen. Der Kampf zieht immer größere Kreise.
2020 2411 3371 2475 Die klerikale Partei ereifert sich für ihren Pfarrer, die
2025 2471 3363 2550 günstige Gelegenheit benützend, gegen den ohnehin ver¬
2025 2546 3371 2611 haßten Juden Bernhardi Stimmung zu machen. Vonallen
2026 2595 3379 2702 Seiten wird gegen Bernhardi gewühlt; eine Untersuchung
2024 2665 3368 2756 eingeleitet, die ganze Angelegenheit sogar ins Parla¬
2018 2730 3371 2816 ment geschleppt. Wider Willen Bernhardis wird sie ins
2032 2823 3373 2883 Allgemeine, vor allem ins Politische gezogen. Aus einer
2036 2861 3365 2964 ärztlichen Pflichtfrage wird eine Machtfrage der Parteien,
2045 2939 3372 3021 Für das Vorgehen Bernhardis wird das schöne Wort „Re¬
2033 3007 3391 3102 ligionsstörung“ geprägt und Bernhardi verurteilt, wober
2030 3085 3374 3160 falsche Zeugen eine bedeutsame Rolle spielen. So wird
2018 3147 3397 3218 aus einem ursprünglich privaten, kleinen, aber tiefernst#
2030 3206 3381 3315 genommenen Anlaß eine öffentliche, laute Komödie.
2063 3300 3381 3377 Daß darin eine beißende Satire liegt, daß Schnitzler
2015 3383 3376 3453 mit einzelnen Figuren, wie mit dem Gang der Hand¬
2025 3440 3375 3515 lung selbst eine scharfe Spitze gegen die österreichische
2019 3513 3382 3597 Regierung richte, war von vorneherein klar und die
2024 3573 3367 3658 Zensur hat denn auch mit einem bestimmten Veto geant¬
2021 3646 3370 3716 wortet. Trotz verzweifelter Versuche, das Stück, das
2015 3738 3376 3796 ursprünglich für das Burgtheater, später für das Volks¬
2017 3787 3371 3866 theater bestimmt war, wenigstens zu Vorstellungen in
2017 3865 3361 3934 geschlossener Gesellschaft freizukriegen, blieb „Profes¬
2027 3914 3371 3995 sor Bernhardi“ in der österreichisch-ungarischen Mo¬
2024 3990 3373 4068 narchie nur den Theatern Ungarns vorbehalten: wer diese
2027 4043 3370 4137 typisch wienerische Komödie sehen wollte, mußte sich
2015 4131 3383 4183 dazu bequemen, nach Budapest oder wenigstens nach
