3344 4320
1104 158 1168 221 I
1603 151 2056 254 box 30//1
239 144 1450 274 25. Professor Bernhardi
238 1359 339 1459 S
1020 1352 1254 1452 e
765 1440 1949 1504 sozialen Herrschaft. Er scheint selbst zu fühlen, daß der
1959 1442 3113 1505 sprechen kurz und sachlich über Diagnosen, Operatione
121 1446 438 1567 illeton.
768 1481 1955 1549 Konflikt, den er schildert, schon zehn Jahre später wesent¬
1954 1478 3141 1557 Sektionsbefunde, gelegentlich fällt auch ein Wort über di
777 1538 1953 1600 lich anders aussehen würde und daß er hundert Jahre
1950 1538 3119 1606 Politik, manchmal blitzen Eifersüchteleien und kleine Bo
778 1570 1954 1649 später vielleicht unverständlich wäre. Es muß immerhin
1954 1570 3118 1649 heiten durch, man ahnt, wie der Chirurg über den Inte
127 1582 517 1683 rBernhardi.“
772 1638 1941 1690 bedenklich stimmen, wenn die Glaubhaftigkeit eines Stückes
1942 1630 3115 1697 nisten denkt oder der pathologische Anatom über die Kun
120 1668 669 1733 von Arthur Schnitzler. —
772 1686 1948 1739 derart von der Lebensdauer einer politischen Partei ab¬
1947 1684 3126 1756 des Diagnostikers — die ganze Spitalsatmosphäre ist m
126 1709 376 1792 rnst Gore
761 1733 1959 1801 hängt. Man erkennt allmählich, daß diese Komödie weni¬
1955 1731 3116 1795 einer Echtheit und einer Prägnanz der Charakteristik ge
266 1764 755 1834 Berlin, 29. November.
771 1786 1955 1850 ger einem künstlerischen als einem polemischen Willen
1953 1775 3129 1846 staltet, deren nur ein Künstler fähig ist, der gleichzeiti
106 1798 771 1885 des, ein lebensvolles Stück, ein
766 1833 1945 1897 ihre Entstehung verdankt. Daß hier irgendein konkreter
1941 1830 3132 1879 ein Eingeweihter ist. Man meint, Karbol und Jodoforn
126 1881 776 1937 Empfinden entsprang und bis
960 1883 1944 1944 mag er sich unter geänderten politischen Ver¬
769 1878 908 1944 Fall
1939 1872 3141 1947 zu riechen. Hinter der Szene aber stirbt unterdes jene#
119 1908 766 1996 ster Menschlichkeit erfüllt ist —
775 1923 1947 1986 hältnissen auch kaum wieder ereignen können — den
1949 1916 3159 1989 arme Mädel, und eine der Krankenschwestern glaubt sich#
108 1966 770 2042 ttäuscht. Nicht etwa von den
774 1983 1946 2042 Sozialkritiker in Schnitzler, den man noch vom „Frei¬
1956 1973 3139 2049 verpflichtet, den Priester zu holen, der ihr die Sterbe¬
134 2018 769 2090 nein, man ist bloß enttäuscht,
765 2024 1956 2084 wild" und vom „Vermächtnis“ her kennt, zu heftiger Ab¬
1946 2023 3144 2088 sakramente reiche. Nun hat aber die Sterbende keine
118 2056 768 2145 tzler ein ganz anderes erhofft
1952 2079 3150 2155 Ahnung davon, daß sie stirbt. Sie fühlt sich im Gegenteis
761 2067 1952 2139 wehr trieb. Ein Fall, in dem sich Bosheit, Dummheit
119 2107 773 2191 ützt gar nichts, einzusehen, daß
761 2124 1940 2192 und Geistesknechtung feindlich gegen die freie Wissen¬
1941 2118 3135 2187 so wohl und glücklich wie noch nie, glaubt, daß ihr Gei
119 2165 766 2241 ungerecht war. Man sagt sich
1944 2170 3128 2228 liebter sie nun bald abholen und wegführen werde. Es
776 2163 1955 2249 schaft, gegen den Aerzteberuf wendet, ein Fall also, der
105 2217 763 2291 Das ist nicht jeuer Schnitzler,
1935 2210 3134 2292 ist der Zustand der Euphorie, stellt Professor Bernhardt
766 2225 1945 2289 überdies den Arzt in Schnitzler sich bäumen ließ. So
126 2263 772 2336 . Zumindest ist es nicht der
1948 2253 3143 2336 fest, nicht ohne selbst ein wenig gerührt zu sein. Denn Professof
766 2267 1941 2323 schrieb nicht so sehr der Dichter, als der doctor medicinae
106 2302 778 2387 hon all dem ist da, was wir so
758 2320 1941 2396 Schnitzler dieses Stück. Denn: „Alles kann man auf¬
1945 2317 3144 2377 Bernhardi ist einer jener Aerzte, die nicht nur ihr Wissen
107 2368 769 2434 s von der Feinheit, mit der er
1146 2370 1946 2447 Arzt niemals!“ heißt es darin an
1938 2363 3133 2430 sondern immer auch ihr Herz ans Krankenbett mitt
769 2368 1105 2451 hören zu sein
107 2412 768 2473 ffen zu rühren vermochte, nichts
1942 2414 3137 2491 bringen, einer nach dem Sinne Nothnagels, von dem
770 2411 1059 2494 einer Stelle.
100 2442 766 2528 doch männlichen Anmut, nichts
1936 2443 3158 2541 das Wort stammt, daß nur ein guter Mensch auch ein
851 2450 1948 2537 Der diese Worte spricht, hat äußerlich allerdings auf¬
115 2509 773 2583 hmütigen Ironie, die so elegant
1947 2515 3135 2586 guter Arzt sein könne. Er erinnert mit seinem aufrechtenz
767 2494 1946 2573 gehört, Arzt zu sein, nachdem er vom Katheder bis zum
273 2556 773 2628 nichts, nichts von alle¬
1938 2561 3133 2629 impulsiven und vornehmen Wesen an manche sunverges¬
757 2567 1951 2634 Fauteuil des Unterrichtsministers aufgestiegen war. Als
108 2609 762 2668 ch, fest und sicher gesagt und
1938 2606 3133 2674 sene Gestalt der Wiener Schule. Es ist, als ob Skodaf
773 2616 1942 2687 solchem obliegt ihm die Entscheidung in der überaus
1029 2643 1117 2725 (für
101 2635 770 2723 Wort dämmern wie sonst stille
1943 2651 3131 2722 Nothnagel, Billroth, Rokitansky und noch einige ähn¬
107 2699 757 2768 nachdenklichen Verborgenheiten,
1939 2684 3153 2767 lichen Schlages zu dieser Prachtgestalt gemeinsam Modell
766 2686 1945 2776 fessor Dr. Bernhardi heraufbeschwor und die nun entstellt
1945 2744 3151 2816 gestanden wären. Da nun der Priester eintritt, ersucht
102 2747 768 2829 lbtöne, was auch sehr erklärlich
756 2758 1947 2815 und verzerrt zur politischen Sensation ausgebeutet wird.
1941 2789 3128 2857 ihn Bernhardi, dem Bette jener Unglücklichen fern: zu
117 2804 760 2877 daß es in diesem Stück auch
764 2797 1944 2862 Man ist im ersten Akt Zeuge dieses Vorfalls. Auf einem
1944 2854 3143 2918 bleiben, die der bloße Anblick des Geistlichen sofort auf
100 2830 773 2935 s keine einzige Frauenrolle hat.
763 2851 1946 2922 Freibett des „Elisabethinums“, dem Professor Bernhardi
112 2896 762 2970 von Arthur Schnitzler ohne
1942 2901 3133 2966 das furchtbarste aus ihrem letzten schönen Wahn reißer
756 2905 1943 2972 als Direktor vorsteht, liegt ein armes Mädel im Sterben.
1934 2941 3144 3014 müsse. Der Mann der Kirche aber hat dafür kein Verr
101 2943 770 3023 ist sein Gebiet so eng begrenzt,
765 2949 1941 3017 Sie wurde erst in der Liebe betrogen, betrag sich dann
1949 2999 3144 3062 ständnis. Er hat „die Seele einer Sünderin zu retten“
98 3000 771 3066 ien des Dichters keinen Raum
762 2992 1942 3059 selbst um die Mutterschaft, es traten Komplikationen ein,
1945 3044 3140 3111 mag darüber auch das letzte armselige Glück jener Be¬
102 3044 768 3120 igt es enge Grenzen. Es spielt
757 3048 1941 3117 der Fall ist hoffnungslos. Er wird nur so zwischendurch
1945 3081 3151 3152 jammernswerten, das Glück sanft und ahnungsloschinüber¬
105 3084 1942 3160 ich im Wien unserer Tage wie inmitten anderer ärztlichen Gespräche erwähnt, die den
1942 3133 3111 3217 schlummern zu dürfen, in Stücke gehen. Bernhardi be¬
106 3145 759 3225 WBeg ins Freie“, sondern — aus¬
752 3144 1954 3204 ersten Akt fast ausschließlich füllen. Schauplatz ist der
93 3200 3136 3257 ichter hinzu — im Wien des Vorraum eines Krankensaales. Die Leiter und die greift nicht, wie ein Mensch, dessen geweihter Berufes ist
2376 3238 2939 3329 spenden, so barbarisch denk¬
1949 3239 2524 3328 Trost. und Güte zu spenden
107 3234 2170 3327 esagt im Wien der christlich= Assistenten der diversen Abteilungen eilen hin und her, Trost. und
2737 3246 3132 3334 liich Leien kann
256 3292 528 3386 +
2610 4063 2843 4143 nete r
