3392 4352
273 173 1518 272 25 Professer Bernhandi
542 747 1596 875 Ausschnitt aus: WIENER CARICATUREN
828 826 1074 905 1.M 1913
529 866 726 948 —
1280 869 1333 978 0
639 936 1519 1041 Wenig Nutzen bringt Arthur
526 1009 1524 1105 Schnitzler der so lärmend inszenierte
536 1060 1347 1156 „Pröfessor Bernhardi“rummel.
634 1128 1515 1223 Odeste Tendenzmeierei einer kraft¬
529 1175 1536 1287 los auf dem Wiener Boden daliegenden!!
516 1257 1520 1333 Freisinnsclique, die ihren ganzen Taten¬
519 1311 1511 1402 drang auf den Theaterbrettern austoben
531 1358 728 1433 möchte.
608 1407 1538 1513 In Preßburg sollte eine Aufführung
514 1479 1516 1580 des schwachen Stückes stattfinden und es
515 1612 1503 1697 war bereits ein starkes Aufgebot aus dem
516 1656 1502 1739 I. und II. Bezirk von Wien marschbereit,
518 1722 1507 1798 aber die Verwaltung der ungarischen
512 1786 1504 1879 Krönungsstadt wollte diese nicht zum
520 1842 1498 1919 Tummelplatz einer tendenziösen Demon¬
513 1905 1494 1972 stration machen lassen. Was nun Wir
526 1947 1507 2027 denken, alle diese begeisterten Franz
510 1998 1509 2089 Josefs Kai-Leute sollen einfach das
517 2063 1514 2155 Drama lesen und sich die Reisekosten nach
509 2138 1038 2216 Preßburg ersparen.
735 2405 1222 2522 (Quellenangabe ohne Gewähr.)
828 2471 1573 2604 Die Bompe, Wien
413 2496 879 2615 Ahschmitt aus
413 2592 579 2668 vom:
813 2599 964 2669 1913
941 2735 1221 2901 #
707 2760 956 2917 #
631 2868 1418 2999 Professor Bernhardi.
526 2981 1628 3095 Nun habensich so viele Wieneraufdie Aufführung
407 3056 1629 3151 fles verbotenen „Professor Bernhardi“ gefreut
410 3124 1564 3197 und da wird sie auch in Pressburg verboten.
522 3187 1621 3275 Und in Pressburg wäre es so amüsant gewes
397 3254 1628 3342 sen, da es dort noch andere verbotene Dinge gibt
883 3367 1094 3522 62
1646 186 2092 281 box 30/2
2497 220 2888 280 At.
2202 261 3287 399 Ausschnitt aus: Humorisüsche Blätter, Wien
2530 369 2762 444 N4) 1913
2197 376 2347 450 vom:
2350 374 2516 503 B
2624 512 2928 631 Theatet.
2348 600 3247 716 Nun wich „Mädfessot Vernharbi“ auch in
2265 706 3254 768 Preßburg nicht aufgeführt und so haben einige
2259 763 3248 820 übereifrige Agenten dem Freisinn eine neue Schlappe
2269 817 2481 885 verschafft.
2370 871 3250 951 Müssen denn die Taten des Liberalismus
2266 919 3256 991 grade in der schwülen Theateratmosphäre vollbracht
2272 998 3245 1071 werden, ist alles Männliche bereits im Theatralischen
2263 1060 2446 1128 ersoffen.
2361 1098 3251 1182 Arthur Schnitzler hätte auch einen besseren
2264 1172 3238 1232 Einfall haben können, als die Gründung der Poli¬
2265 1230 3238 1304 klinik zu einem Markstein des Freisinns zu gestalten.
2365 1296 3253 1380 Er weiß es ja aus erster Quelle, daß es sich
2271 1356 3248 1434 damals nicht um politische Probleme gehandelt hat,
2269 1426 3251 1480 sondern um die Mittel, einigen strebsamen Arzten
2267 1475 3121 1560 den Weg zu Namen und Praxis zu bahnen.
2356 1537 3027 1613 Warum das so tragisch auffassen?
2343 1661 3237 1744 Im Johann Straußtheater, wo sonst
2254 1733 3246 1820 Girardi echt wienerische Heiterkeit entfesselt, geht
2257 1792 2771 1865 es jetzt berlinerisch zu.
2355 1848 3251 1927 Das Berliner „Kleine Theater“ ist hier zu
2257 1911 3153 1987 Gast und bringt ernst zu nehmende Novitäten.
2340 1970 3247 2024 Das letzte Mal kam Norwegen das Land
2246 2029 3239 2094 des Leberthrans und der Problemdramatik
2256 2090 2455 2153 zu Wort.
2352 2139 3247 2217 Björnson ist, gegen Ibsen gehalten, recht
2237 2205 3184 2279 schwach, aber er hat immerhin etwas zu sagen.
2354 2263 3240 2333 „Paul Lange und Tora Parsberg“ ist
2250 2327 3241 2398 eine ziemlich verwickelte Geschichte, die teils psy¬
2256 2378 3082 2452 chologisch, teils effektdramatisch gehalten ist.
2338 2439 3236 2522 Das Drama wurde von den Berlinern mit
2249 2500 3230 2570 ihrer charakteristischen Intelligenz und unterstreichenden
2252 2568 3236 2626 Sorgsamkeit gespielt. Sehr gut ist Herr Steinrück,
2254 2623 3227 2673 vortrefflich die Herren Abel und Klein=Rhoden.
2347 2673 3230 2753 Die Lossen bot als halbe Titelheldin eine
2252 2729 2777 2813 wohl abgerundete Leistung.
2332 2874 3236 2944 Unangenehme Szenen spielten sich jüngst im
2252 2936 3222 3004 Hofoperntheater ab, als Frau Mildenburg die
2244 2997 3218 3058 Isolde sang. Man kann eine Künstlerin sehr hoch
2257 3055 3224 3114 schätzen und es doch unstatthaft finden, wenn sie mit
2246 3106 3223 3162 den letzten Stimmresten anderen aufstrebenden
2243 3166 2794 3235 Talenten den Weg verlegt.
2343 3222 3228 3300 In Kunstsachen gibt es kein Erbarmen und
2251 3290 3223 3365 keine Pietät und Hermann Bahr, der Gatte der
2246 3346 3220 3409 Frau Mildenburg, hat oft genug gegen Abgelebtes
2238 3414 2955 3473 mit dem kritischen Schwert gewütet.
2349 3471 3227 3553 Die Volksbühne hat eine sehr interessante
2245 3530 3229 3632 Novität an „Alles um Geld“ von Herbert
2248 3592 2755 3664 Enlenberg gewonnen.
2337 3652 3230 3741 Es ist ein flammender Protest gegen die Macht
2246 3700 3217 3804 des Geldes und dürfte dem Dichter viel klingenden
2245 3758 2542 3833 Lohn bringen.
2334 3815 3215 3924 Was doch diese Leute gegen das Geld haben?
2233 3878 3210 3980 Wir finden, es wird sehr verleumdet, denn kaum
2229 3942 3205 4031 ein zweites Ding gewinnt so bei näherer Bekannt¬
2240 3991 2681 4062 schaft wie das Geld.
2330 4064 3209 4171 Es ist übrigens eine große Torheit, dem Geld
2227 4088 2437 4174 die Schuld
2738 4130 3196 4197 törichte Menschen damit
