<?xml version="1.0" encoding="UTF-8" standalone="yes"?>
<PcGts xmlns="http://schema.primaresearch.org/PAGE/gts/pagecontent/2013-07-15" xmlns:xsi="http://www.w3.org/2001/XMLSchema-instance" xsi:schemaLocation="http://schema.primaresearch.org/PAGE/gts/pagecontent/2013-07-15 http://schema.primaresearch.org/PAGE/gts/pagecontent/2013-07-15/pagecontent.xsd">
    <Metadata>
        <Creator>prov=University of Rostock/Institute of Mathematics/CITlab/Gundram Leifert/gundram.leifert@uni-rostock.de:name=ONB_Newseye_GT_M1+(htr_id=10810)::::v=2.4.2
prov=University of Rostock/Institute of Mathematics/CITlab/Tobias Gruening/tobias.gruening@uni-rostock.de:name=de.uros.citlab.module.baseline2polygon.B2PSeamMultiOriented:v=2.4.2
prov=University of Rostock/Institute of Mathematics/CITlab/Tobias Gruening/tobias.gruening@uni-rostock.de:name=/mnt/transkribus/LA/DEA/URO/LA_news_onb_att.pb:de.uros.citlab.segmentation.CITlab_LA_ML:v=2.4.2
Transkribus</Creator>
        <Created>2019-10-07T11:12:15.374+02:00</Created>
        <LastChange>2019-10-07T21:23:38.056+02:00</LastChange>
        <TranskribusMetadata docId="223963" pageId="9495374" pageNr="118" tsid="16479577" status="IN_PROGRESS" userId="40391" imgUrl="https://files.transkribus.eu/Get?id=RZNDYNAELKANPBCVWVGJGUZS&amp;fileType=view" xmlUrl="https://files.transkribus.eu/Get?id=COSVGCHKKNHDEORZSPVFHJBL" imageId="6185601"/>
    </Metadata>
    <Page imageFilename="223963_0118.jpeg" imageWidth="3392" imageHeight="4320">
        <ReadingOrder>
            <OrderedGroup id="ro_1711442356448" caption="Regions reading order">
                <RegionRefIndexed index="0" regionRef="r1"/>
            </OrderedGroup>
        </ReadingOrder>
        <TextRegion orientation="0.0" id="r1" custom="readingOrder {index:0;}">
            <Coords points="262,197 262,3473 2526,3473 2526,197"/>
            <TextLine id="r1l1" custom="readingOrder {index:0;}">
                <Coords points="252,250 1231,289 1534,225 2040,251 2081,192 251,185"/>
                <Baseline points="262,223 352,231 442,236 533,241 623,245 714,248 804,250 894,251 985,251 1075,251 1166,250 1256,248 1346,247 1437,245 1527,242 1618,241 1708,238 1798,236 1889,234 1979,232 2070,231"/>
                <TextEquiv>
                    <Unicode>25. Professor Bernhardi box 30/1</Unicode>
                </TextEquiv>
            </TextLine>
            <TextLine id="r1l2" custom="readingOrder {index:1;}">
                <Coords points="1188,1238 2537,1280 2538,1248 2352,1197 1722,1224 1190,1179"/>
                <Baseline points="1200,1231 1266,1235 1332,1238 1398,1241 1465,1244 1531,1246 1597,1249 1664,1251 1730,1253 1796,1254 1863,1257 1929,1258 1995,1260 2061,1262 2128,1264 2194,1266 2260,1268 2327,1271 2393,1273 2459,1276 2526,1279"/>
                <TextEquiv>
                    <Unicode>die er die fünf Akte gar nicht füllen könnte; und er erfährt am</Unicode>
                </TextEquiv>
            </TextLine>
            <TextLine id="r1l3" custom="readingOrder {index:2;}">
                <Coords points="1182,1298 2534,1346 2499,1286 1184,1242"/>
                <Baseline points="1193,1287 1259,1290 1326,1292 1392,1294 1459,1297 1525,1299 1592,1301 1658,1303 1725,1306 1791,1308 1858,1310 1924,1313 1991,1315 2057,1318 2124,1320 2190,1323 2257,1325 2323,1327 2390,1330 2456,1333 2523,1335"/>
                <TextEquiv>
                    <Unicode>Ende der fünf Akte eine Schlichtung, die wahrscheinlich keinen</Unicode>
                </TextEquiv>
            </TextLine>
            <TextLine id="r1l4" custom="readingOrder {index:3;}">
                <Coords points="1182,1362 1256,1380 1320,1355 1445,1354 1494,1376 1621,1357 1636,1374 1723,1367 1724,1331 1683,1316 1615,1326 1378,1305 1360,1318 1184,1294"/>
                <Baseline points="1194,1345 1219,1344 1245,1344 1271,1344 1297,1345 1323,1345 1349,1346 1374,1346 1400,1347 1426,1348 1452,1349 1478,1350 1504,1351 1530,1352 1555,1353 1581,1354 1607,1355 1633,1356 1659,1357 1685,1357 1711,1358"/>
                <TextEquiv>
                    <Unicode>Zuschauer befriedigt hat.</Unicode>
                </TextEquiv>
            </TextLine>
            <TextLine id="r1l5" custom="readingOrder {index:4;}">
                <Coords points="1284,1409 2527,1448 2528,1403 2481,1388 2269,1374 1285,1373"/>
                <Baseline points="1296,1396 1357,1399 1418,1402 1479,1404 1540,1406 1601,1408 1662,1411 1723,1412 1784,1414 1845,1416 1906,1419 1967,1420 2028,1422 2089,1424 2150,1426 2211,1428 2272,1430 2333,1432 2394,1434 2455,1436 2516,1438"/>
                <TextEquiv>
                    <Unicode>Die eine Hälfte dieser Zuschauer kam von Gutzkow und</Unicode>
                </TextEquiv>
            </TextLine>
            <TextLine id="r1l6" custom="readingOrder {index:5;}">
                <Coords points="1179,1458 2534,1490 2479,1443 1181,1406"/>
                <Baseline points="1192,1450 1258,1451 1325,1453 1391,1455 1458,1457 1524,1459 1591,1461 1657,1464 1724,1467 1790,1469 1857,1472 1923,1474 1990,1477 2056,1479 2123,1481 2189,1483 2256,1486 2322,1487 2389,1488 2455,1490 2522,1490"/>
                <TextEquiv>
                    <Unicode>Ibsen und hatte sich nicht schlecht gefreut, mit welcher Kühnheit</Unicode>
                </TextEquiv>
            </TextLine>
            <TextLine id="r1l7" custom="readingOrder {index:6;}">
                <Coords points="1189,1510 2429,1565 2531,1510 1190,1467"/>
                <Baseline points="1201,1503 1266,1504 1332,1506 1398,1508 1464,1510 1530,1513 1596,1515 1661,1518 1727,1521 1793,1524 1859,1526 1925,1529 1991,1532 2057,1535 2122,1537 2188,1539 2254,1542 2320,1543 2386,1545 2452,1545 2518,1546"/>
                <TextEquiv>
                    <Unicode>der Gesinnungsgenosse Thomas Stockmanns gegen jeden Zwang</Unicode>
                </TextEquiv>
            </TextLine>
            <TextLine id="r1l8" custom="readingOrder {index:7;}">
                <Coords points="1192,1576 2526,1609 2469,1555 1194,1515"/>
                <Baseline points="1204,1559 1269,1561 1335,1563 1400,1565 1466,1567 1531,1569 1597,1571 1662,1573 1728,1576 1793,1578 1859,1580 1924,1583 1990,1584 2055,1587 2121,1589 2186,1591 2252,1593 2317,1596 2383,1598 2448,1599 2514,1602"/>
                <TextEquiv>
                    <Unicode>für die Ueberzeugung des freien Mannes eingetreten war, mit</Unicode>
                </TextEquiv>
            </TextLine>
            <TextLine id="r1l9" custom="readingOrder {index:8;}">
                <Coords points="1176,1616 2534,1672 2535,1622 2429,1605 1177,1573"/>
                <Baseline points="1187,1613 1253,1615 1320,1617 1387,1619 1454,1621 1520,1623 1587,1625 1654,1627 1721,1629 1787,1631 1854,1633 1921,1635 1988,1637 2054,1639 2121,1641 2188,1643 2255,1646 2321,1648 2388,1651 2455,1653 2522,1655"/>
                <TextEquiv>
                    <Unicode>welch strömender Beredsamkeit der Glaubensgenosse Uriel Acostas</Unicode>
                </TextEquiv>
            </TextLine>
            <TextLine id="r1l10" custom="readingOrder {index:9;}">
                <Coords points="1185,1674 2512,1708 2513,1674 2403,1657 1187,1624"/>
                <Baseline points="1197,1666 1262,1668 1327,1670 1392,1672 1457,1674 1523,1676 1588,1678 1653,1680 1718,1683 1783,1685 1849,1687 1914,1690 1979,1692 2044,1694 2109,1697 2175,1699 2240,1701 2305,1703 2370,1705 2435,1708 2501,1710"/>
                <TextEquiv>
                    <Unicode>liberale Apercus gegen die Kirche und für die Wissenschaft ge¬</Unicode>
                </TextEquiv>
            </TextLine>
            <TextLine id="r1l11" custom="readingOrder {index:10;}">
                <Coords points="1179,1738 2488,1775 2524,1719 1181,1673"/>
                <Baseline points="1190,1720 1256,1722 1322,1725 1388,1727 1454,1729 1520,1731 1586,1733 1652,1734 1718,1736 1784,1738 1851,1740 1917,1742 1983,1744 2049,1746 2115,1748 2181,1749 2247,1752 2313,1754 2379,1756 2445,1758 2512,1761"/>
                <TextEquiv>
                    <Unicode>formt — und zugleich bestritten hatte, daß er das tue. Jetzt war man</Unicode>
                </TextEquiv>
            </TextLine>
            <TextLine id="r1l12" custom="readingOrder {index:11;}">
                <Coords points="1181,1781 2482,1831 2525,1772 1182,1741"/>
                <Baseline points="1193,1775 1262,1777 1331,1779 1401,1781 1470,1783 1540,1785 1609,1787 1678,1789 1748,1791 1817,1793 1887,1796 1956,1798 2026,1800 2095,1803 2164,1806 2234,1808 2303,1811 2373,1814 2442,1816 2512,1819"/>
                <TextEquiv>
                    <Unicode>bitter enttäuscht, daß Bernhardi unterkroch, klein beigab, sich in</Unicode>
                </TextEquiv>
            </TextLine>
            <TextLine id="r1l13" custom="readingOrder {index:12;}">
                <Coords points="1172,1831 2517,1888 2518,1840 2207,1808 1174,1795"/>
                <Baseline points="1183,1830 1249,1831 1315,1832 1381,1833 1447,1835 1514,1837 1580,1839 1646,1841 1712,1843 1778,1845 1845,1847 1911,1850 1977,1852 2043,1854 2109,1857 2176,1858 2242,1861 2308,1863 2374,1866 2440,1868 2507,1870"/>
                <TextEquiv>
                    <Unicode>den Quietismus rettete. Er war fälschlich beschuldigt worden,</Unicode>
                </TextEquiv>
            </TextLine>
            <TextLine id="r1l14" custom="readingOrder {index:13;}">
                <Coords points="1183,1893 2521,1943 2523,1891 1185,1841"/>
                <Baseline points="1194,1883 1259,1884 1325,1886 1391,1887 1457,1889 1523,1891 1589,1893 1654,1895 1720,1898 1786,1900 1852,1903 1918,1905 1984,1908 2050,1910 2115,1912 2181,1914 2247,1916 2313,1918 2379,1919 2445,1920 2511,1921"/>
                <TextEquiv>
                    <Unicode>jenem Priester an der Tür des Sterbezimmers einen Stoß vor</Unicode>
                </TextEquiv>
            </TextLine>
            <TextLine id="r1l15" custom="readingOrder {index:14;}">
                <Coords points="1178,1949 2452,1993 2508,1950 1179,1897"/>
                <Baseline points="1189,1936 1254,1938 1319,1940 1385,1942 1450,1944 1515,1946 1581,1948 1646,1950 1711,1952 1777,1954 1842,1956 1907,1958 1973,1960 2038,1962 2103,1964 2169,1965 2234,1967 2299,1969 2365,1971 2430,1973 2496,1974"/>
                <TextEquiv>
                    <Unicode>die Brust versetzt zu haben, hatte seine zwei Monate wegen Re¬</Unicode>
                </TextEquiv>
            </TextLine>
            <TextLine id="r1l16" custom="readingOrder {index:15;}">
                <Coords points="1178,2003 2517,2027 2518,1993 2369,1975 1180,1951"/>
                <Baseline points="1189,1989 1254,1991 1320,1994 1386,1996 1452,1998 1518,2000 1584,2002 1649,2003 1715,2005 1781,2007 1847,2009 1913,2010 1979,2012 2045,2014 2110,2016 2176,2018 2242,2020 2308,2022 2374,2025 2440,2028 2506,2031"/>
                <TextEquiv>
                    <Unicode>ligionsstörung abgesessen, war von seinen Anhängern im Triumph</Unicode>
                </TextEquiv>
            </TextLine>
            <TextLine id="r1l17" custom="readingOrder {index:16;}">
                <Coords points="1172,2058 2527,2075 2433,2036 1174,2006"/>
                <Baseline points="1183,2044 1249,2046 1316,2047 1382,2049 1449,2051 1516,2053 1582,2055 1649,2057 1716,2059 1782,2061 1849,2064 1916,2065 1982,2068 2049,2070 2116,2072 2182,2074 2249,2076 2316,2078 2382,2080 2449,2082 2516,2083"/>
                <TextEquiv>
                    <Unicode>aus dem Kerker geholt worden und sah nicht ein, warum eine</Unicode>
                </TextEquiv>
            </TextLine>
            <TextLine id="r1l18" custom="readingOrder {index:17;}">
                <Coords points="1181,2099 2503,2144 2449,2090 1183,2056"/>
                <Baseline points="1192,2094 1257,2097 1322,2100 1387,2103 1452,2105 1517,2108 1582,2111 1647,2113 1712,2115 1777,2117 1842,2119 1907,2121 1972,2123 2037,2125 2102,2127 2167,2128 2232,2130 2297,2132 2362,2134 2427,2135 2492,2137"/>
                <TextEquiv>
                    <Unicode>Krankenschwester, die sich selbst des Meineids bezichtigte, ihn be¬</Unicode>
                </TextEquiv>
            </TextLine>
            <TextLine id="r1l19" custom="readingOrder {index:18;}">
                <Coords points="1168,2158 2509,2200 2510,2155 2395,2142 1533,2142 1170,2097"/>
                <Baseline points="1180,2148 1245,2151 1311,2154 1377,2157 1443,2159 1509,2162 1575,2164 1640,2166 1706,2168 1772,2170 1838,2171 1904,2173 1970,2175 2036,2177 2101,2179 2167,2180 2233,2183 2299,2185 2365,2187 2431,2189 2497,2192"/>
                <TextEquiv>
                    <Unicode>stimmen sollte, die Unbequemlichkeiten eines Berufungsver¬</Unicode>
                </TextEquiv>
            </TextLine>
            <TextLine id="r1l20" custom="readingOrder {index:19;}">
                <Coords points="1174,2213 2403,2266 2515,2237 2516,2201 1175,2164"/>
                <Baseline points="1186,2202 1251,2205 1317,2209 1383,2211 1449,2214 1515,2216 1581,2218 1647,2220 1713,2222 1779,2223 1845,2225 1910,2227 1976,2229 2042,2230 2108,2232 2174,2234 2240,2236 2306,2237 2372,2240 2438,2243 2504,2245"/>
                <TextEquiv>
                    <Unicode>fahrens auf sich zu nehmen. Für diese Zuschauer hätte Bernhardi</Unicode>
                </TextEquiv>
            </TextLine>
            <TextLine id="r1l21" custom="readingOrder {index:20;}">
                <Coords points="1166,2262 2518,2306 2499,2240 1168,2215"/>
                <Baseline points="1177,2257 1243,2259 1309,2262 1376,2264 1442,2266 1509,2268 1575,2271 1642,2273 1708,2276 1775,2277 1841,2280 1907,2282 1974,2284 2040,2286 2107,2289 2173,2290 2240,2293 2306,2294 2373,2296 2439,2298 2506,2300"/>
                <TextEquiv>
                    <Unicode>bis zum letzten Augenblick für ein Prinzip kämpfen müssen und</Unicode>
                </TextEquiv>
            </TextLine>
            <TextLine id="r1l22" custom="readingOrder {index:21;}">
                <Coords points="1168,2307 2503,2365 2504,2320 2430,2302 1169,2275"/>
                <Baseline points="1179,2310 1244,2313 1310,2315 1376,2318 1441,2320 1507,2322 1573,2325 1638,2327 1704,2329 1770,2330 1836,2332 1901,2334 1967,2336 2033,2337 2098,2339 2164,2341 2230,2343 2295,2345 2361,2347 2427,2350 2493,2353"/>
                <TextEquiv>
                    <Unicode>keiner bessern Einsicht zugänglich sein dürfen. Wir andern aber</Unicode>
                </TextEquiv>
            </TextLine>
            <TextLine id="r1l23" custom="readingOrder {index:22;}">
                <Coords points="1171,2373 2509,2413 2510,2379 2411,2360 1173,2315"/>
                <Baseline points="1183,2366 1248,2367 1314,2369 1380,2371 1446,2373 1512,2375 1577,2377 1643,2379 1709,2381 1775,2383 1841,2386 1906,2388 1972,2390 2038,2392 2104,2394 2170,2397 2235,2399 2301,2402 2367,2403 2433,2406 2499,2408"/>
                <TextEquiv>
                    <Unicode>kamen zu Schnitzler von Schnitzler selbst. Wir glaubten von</Unicode>
                </TextEquiv>
            </TextLine>
            <TextLine id="r1l24" custom="readingOrder {index:23;}">
                <Coords points="1164,2427 2189,2478 2465,2469 2512,2416 1165,2379"/>
                <Baseline points="1175,2416 1241,2418 1307,2420 1373,2422 1440,2425 1506,2427 1572,2430 1638,2432 1705,2434 1771,2437 1837,2439 1903,2441 1970,2443 2036,2446 2102,2448 2168,2450 2235,2452 2301,2454 2367,2457 2433,2458 2500,2461"/>
                <TextEquiv>
                    <Unicode>vornherein nicht an die kriegerischen Gebärden dieses Bernhardi.</Unicode>
                </TextEquiv>
            </TextLine>
            <TextLine id="r1l25" custom="readingOrder {index:24;}">
                <Coords points="1159,2477 2509,2514 2390,2462 1161,2429"/>
                <Baseline points="1171,2468 1237,2471 1303,2474 1370,2477 1436,2479 1502,2482 1569,2484 1635,2487 1701,2489 1768,2491 1834,2494 1900,2496 1967,2498 2033,2500 2099,2502 2166,2504 2232,2505 2298,2507 2365,2508 2431,2510 2498,2511"/>
                <TextEquiv>
                    <Unicode>Wir wußten, daß er am Ende „sei Ruh'“ würde haben wollen.</Unicode>
                </TextEquiv>
            </TextLine>
            <TextLine id="r1l26" custom="readingOrder {index:25;}">
                <Coords points="1166,2536 2424,2582 2497,2570 2498,2532 1167,2486"/>
                <Baseline points="1177,2525 1242,2527 1307,2530 1373,2533 1438,2535 1504,2538 1569,2540 1634,2542 1700,2544 1765,2545 1831,2547 1896,2549 1961,2551 2027,2553 2092,2554 2158,2556 2223,2557 2288,2559 2354,2561 2419,2563 2485,2564"/>
                <TextEquiv>
                    <Unicode>Es ist ganz oesterreichisch und gar nicht jüdisch, aber vielleicht die</Unicode>
                </TextEquiv>
            </TextLine>
            <TextLine id="r1l27" custom="readingOrder {index:26;}">
                <Coords points="1161,2575 2499,2619 2464,2571 1162,2546"/>
                <Baseline points="1173,2578 1238,2581 1304,2583 1370,2586 1436,2588 1501,2591 1567,2593 1633,2595 1699,2597 1764,2599 1830,2601 1896,2603 1962,2605 2027,2607 2093,2609 2159,2610 2225,2612 2290,2613 2356,2614 2422,2616 2488,2617"/>
                <TextEquiv>
                    <Unicode>Tragik des oesterreichischen Juden, daß das Erbteil seines</Unicode>
                </TextEquiv>
            </TextLine>
            <TextLine id="r1l28" custom="readingOrder {index:27;}">
                <Coords points="1157,2621 2440,2692 2506,2678 2508,2633 1158,2596"/>
                <Baseline points="1169,2630 1235,2632 1301,2634 1368,2637 1434,2639 1500,2642 1567,2644 1633,2646 1699,2648 1766,2651 1832,2653 1898,2655 1965,2657 2031,2660 2097,2661 2164,2663 2230,2665 2296,2667 2363,2669 2429,2670 2496,2672"/>
                <TextEquiv>
                    <Unicode>Stammes, ein alttestamentarischer Trotz, schließlich doch immer</Unicode>
                </TextEquiv>
            </TextLine>
            <TextLine id="r1l29" custom="readingOrder {index:28;}">
                <Coords points="1167,2691 2505,2736 2473,2678 1169,2646"/>
                <Baseline points="1178,2683 1243,2686 1309,2688 1375,2691 1441,2694 1507,2696 1572,2698 1638,2700 1704,2704 1770,2706 1836,2708 1901,2710 1967,2712 2033,2714 2099,2716 2165,2718 2230,2720 2296,2722 2362,2724 2428,2726 2494,2727"/>
                <TextEquiv>
                    <Unicode>aufgeweicht wird; daß er merkt, wie es geschieht, wie Gewissen</Unicode>
                </TextEquiv>
            </TextLine>
            <TextLine id="r1l30" custom="readingOrder {index:29;}">
                <Coords points="1160,2754 2421,2799 2489,2795 2491,2743 1162,2693"/>
                <Baseline points="1173,2737 1238,2740 1303,2743 1368,2745 1434,2748 1499,2751 1564,2753 1629,2755 1695,2758 1760,2760 1825,2762 1890,2764 1956,2766 2021,2768 2086,2769 2151,2772 2217,2774 2282,2776 2347,2778 2412,2781 2478,2783"/>
                <TextEquiv>
                    <Unicode>ihn feige, überlegend und scheinbar überlegen macht; daß er sich</Unicode>
                </TextEquiv>
            </TextLine>
            <TextLine id="r1l31" custom="readingOrder {index:30;}">
                <Coords points="1158,2798 2045,2857 2455,2852 2493,2794 1159,2753"/>
                <Baseline points="1168,2793 1233,2796 1299,2798 1364,2801 1430,2804 1495,2806 1561,2808 1626,2810 1692,2812 1757,2814 1823,2815 1889,2817 1954,2819 2020,2821 2085,2823 2151,2825 2216,2827 2282,2829 2347,2831 2413,2834 2479,2836"/>
                <TextEquiv>
                    <Unicode>dessen schämt und seine Scham entweder gar nicht oder nur durch</Unicode>
                </TextEquiv>
            </TextLine>
            <TextLine id="r1l32" custom="readingOrder {index:31;}">
                <Coords points="1158,2860 1955,2894 2036,2860 1788,2818 1159,2813"/>
                <Baseline points="1169,2843 1211,2845 1254,2846 1297,2848 1339,2849 1382,2851 1425,2852 1467,2854 1510,2855 1553,2856 1596,2858 1638,2859 1681,2860 1724,2862 1766,2863 1809,2864 1852,2866 1894,2868 1937,2869 1980,2871 2023,2873"/>
                <TextEquiv>
                    <Unicode>künstlerische Gestaltung überwinden kann.</Unicode>
                </TextEquiv>
            </TextLine>
            <TextLine id="r1l33" custom="readingOrder {index:32;}">
                <Coords points="1248,2908 2500,2952 2501,2909 2386,2889 1249,2867"/>
                <Baseline points="1259,2900 1320,2902 1381,2904 1443,2907 1504,2909 1566,2911 1627,2914 1689,2916 1750,2918 1812,2921 1873,2923 1934,2925 1996,2927 2057,2929 2119,2931 2180,2932 2242,2934 2303,2935 2365,2937 2426,2938 2488,2939"/>
                <TextEquiv>
                    <Unicode>Solch ein Akt der Ueberwindung will dieses Stück eines der</Unicode>
                </TextEquiv>
            </TextLine>
            <TextLine id="r1l34" custom="readingOrder {index:33;}">
                <Coords points="1149,2951 2370,3018 2491,3002 2493,2947 1150,2917"/>
                <Baseline points="1159,2952 1225,2954 1291,2956 1357,2959 1423,2961 1489,2963 1555,2966 1621,2967 1687,2970 1753,2971 1819,2974 1885,2976 1951,2978 2017,2980 2083,2982 2149,2984 2215,2986 2281,2989 2347,2991 2413,2993 2480,2995"/>
                <TextEquiv>
                    <Unicode>besten jüdischen Oesterreicher sein. Es ist sein Vorzug, daß man</Unicode>
                </TextEquiv>
            </TextLine>
            <TextLine id="r1l35" custom="readingOrder {index:34;}">
                <Coords points="1160,3019 2494,3053 2495,3010 2410,2998 1162,2960"/>
                <Baseline points="1172,3006 1237,3007 1303,3009 1368,3011 1434,3013 1499,3015 1565,3018 1630,3020 1696,3023 1761,3025 1827,3029 1892,3030 1958,3033 2023,3035 2089,3038 2154,3040 2220,3041 2285,3043 2351,3044 2416,3045 2482,3046"/>
                <TextEquiv>
                    <Unicode>spürt, wie ernst es gemeint ist. Es ist seine Schwäche, daß eben</Unicode>
                </TextEquiv>
            </TextLine>
            <TextLine id="r1l36" custom="readingOrder {index:35;}">
                <Coords points="1154,3069 2320,3117 2483,3101 2485,3054 1156,3015"/>
                <Baseline points="1165,3062 1230,3063 1295,3064 1361,3066 1426,3068 1491,3070 1557,3072 1622,3074 1687,3077 1753,3079 1818,3082 1883,3084 1949,3086 2014,3089 2079,3091 2145,3092 2210,3094 2275,3095 2341,3096 2406,3097 2472,3097"/>
                <TextEquiv>
                    <Unicode>doch ein ganz starker Kerl dazu gehört, um aus diesem Zustand</Unicode>
                </TextEquiv>
            </TextLine>
            <TextLine id="r1l37" custom="readingOrder {index:36;}">
                <Coords points="1150,3119 2223,3172 2469,3171 2489,3124 1151,3074"/>
                <Baseline points="1160,3114 1225,3116 1291,3119 1357,3121 1423,3123 1489,3126 1554,3128 1620,3130 1686,3132 1752,3134 1818,3136 1883,3138 1949,3140 2015,3142 2081,3143 2147,3145 2212,3146 2278,3148 2344,3149 2410,3150 2476,3152"/>
                <TextEquiv>
                    <Unicode>der Unkraft, aus diesem schmerzlichen Zwiespalt ein Drama; ein</Unicode>
                </TextEquiv>
            </TextLine>
            <TextLine id="r1l38" custom="readingOrder {index:37;}">
                <Coords points="1149,3187 2490,3218 2399,3161 1151,3129"/>
                <Baseline points="1162,3165 1227,3168 1293,3171 1359,3174 1425,3177 1491,3179 1557,3181 1623,3184 1689,3186 1755,3188 1821,3190 1886,3192 1952,3194 2018,3195 2084,3197 2150,3199 2216,3201 2282,3202 2348,3204 2414,3206 2480,3208"/>
                <TextEquiv>
                    <Unicode>noch stärkerer, um daraus ein Komödie zu machen. Daß eine</Unicode>
                </TextEquiv>
            </TextLine>
            <TextLine id="r1l39" custom="readingOrder {index:38;}">
                <Coords points="1145,3229 2439,3280 2486,3223 1146,3184"/>
                <Baseline points="1157,3221 1222,3222 1288,3224 1354,3225 1420,3227 1486,3229 1551,3232 1617,3234 1683,3236 1749,3238 1815,3241 1880,3243 1946,3245 2012,3248 2078,3250 2144,3252 2209,3254 2275,3256 2341,3257 2407,3259 2473,3260"/>
                <TextEquiv>
                    <Unicode>Faust dazu gehört — eine, die zupackt, nachdem sie sich oft geballt</Unicode>
                </TextEquiv>
            </TextLine>
            <TextLine id="r1l40" custom="readingOrder {index:39;}">
                <Coords points="1148,3293 2246,3327 2443,3324 2490,3285 1150,3237"/>
                <Baseline points="1160,3272 1225,3275 1291,3276 1357,3279 1423,3281 1489,3284 1555,3287 1621,3289 1687,3291 1753,3294 1819,3296 1884,3298 1950,3300 2016,3303 2082,3305 2148,3307 2214,3308 2280,3310 2346,3311 2412,3312 2478,3313"/>
                <TextEquiv>
                    <Unicode>hat. Schnitzler hat eine Hand, eine wundervoll weiche, streichelnde</Unicode>
                </TextEquiv>
            </TextLine>
            <TextLine id="r1l41" custom="readingOrder {index:40;}">
                <Coords points="1137,3336 2418,3392 2500,3374 2502,3309 1138,3291"/>
                <Baseline points="1149,3328 1216,3330 1283,3332 1350,3334 1417,3336 1484,3339 1551,3341 1618,3343 1685,3346 1752,3349 1819,3352 1886,3354 1953,3356 2020,3358 2087,3360 2154,3362 2221,3364 2288,3366 2355,3367 2422,3368 2490,3368"/>
                <TextEquiv>
                    <Unicode>Hand, die Wunden nicht reißt, sondern glättet. Wenn sich sein</Unicode>
                </TextEquiv>
            </TextLine>
            <TextLine id="r1l42" custom="readingOrder {index:41;}">
                <Coords points="1124,3474 1150,3478 1157,3485 1162,3481 1181,3493 1210,3475 1236,3481 1244,3474 1259,3480 1262,3432 1239,3431 1215,3411 1186,3417 1159,3401 1128,3404"/>
                <Baseline points="1135,3452 1163,3453 1192,3453 1220,3455 1249,3460"/>
                <TextEquiv>
                    <Unicode>602</Unicode>
                </TextEquiv>
            </TextLine>
            <TextEquiv>
                <Unicode>25. Professor Bernhardi box 30/1
die er die fünf Akte gar nicht füllen könnte; und er erfährt am
Ende der fünf Akte eine Schlichtung, die wahrscheinlich keinen
Zuschauer befriedigt hat.
Die eine Hälfte dieser Zuschauer kam von Gutzkow und
Ibsen und hatte sich nicht schlecht gefreut, mit welcher Kühnheit
der Gesinnungsgenosse Thomas Stockmanns gegen jeden Zwang
für die Ueberzeugung des freien Mannes eingetreten war, mit
welch strömender Beredsamkeit der Glaubensgenosse Uriel Acostas
liberale Apercus gegen die Kirche und für die Wissenschaft ge¬
formt — und zugleich bestritten hatte, daß er das tue. Jetzt war man
bitter enttäuscht, daß Bernhardi unterkroch, klein beigab, sich in
den Quietismus rettete. Er war fälschlich beschuldigt worden,
jenem Priester an der Tür des Sterbezimmers einen Stoß vor
die Brust versetzt zu haben, hatte seine zwei Monate wegen Re¬
ligionsstörung abgesessen, war von seinen Anhängern im Triumph
aus dem Kerker geholt worden und sah nicht ein, warum eine
Krankenschwester, die sich selbst des Meineids bezichtigte, ihn be¬
stimmen sollte, die Unbequemlichkeiten eines Berufungsver¬
fahrens auf sich zu nehmen. Für diese Zuschauer hätte Bernhardi
bis zum letzten Augenblick für ein Prinzip kämpfen müssen und
keiner bessern Einsicht zugänglich sein dürfen. Wir andern aber
kamen zu Schnitzler von Schnitzler selbst. Wir glaubten von
vornherein nicht an die kriegerischen Gebärden dieses Bernhardi.
Wir wußten, daß er am Ende „sei Ruh'“ würde haben wollen.
Es ist ganz oesterreichisch und gar nicht jüdisch, aber vielleicht die
Tragik des oesterreichischen Juden, daß das Erbteil seines
Stammes, ein alttestamentarischer Trotz, schließlich doch immer
aufgeweicht wird; daß er merkt, wie es geschieht, wie Gewissen
ihn feige, überlegend und scheinbar überlegen macht; daß er sich
dessen schämt und seine Scham entweder gar nicht oder nur durch
künstlerische Gestaltung überwinden kann.
Solch ein Akt der Ueberwindung will dieses Stück eines der
besten jüdischen Oesterreicher sein. Es ist sein Vorzug, daß man
spürt, wie ernst es gemeint ist. Es ist seine Schwäche, daß eben
doch ein ganz starker Kerl dazu gehört, um aus diesem Zustand
der Unkraft, aus diesem schmerzlichen Zwiespalt ein Drama; ein
noch stärkerer, um daraus ein Komödie zu machen. Daß eine
Faust dazu gehört — eine, die zupackt, nachdem sie sich oft geballt
hat. Schnitzler hat eine Hand, eine wundervoll weiche, streichelnde
Hand, die Wunden nicht reißt, sondern glättet. Wenn sich sein
602</Unicode>
            </TextEquiv>
        </TextRegion>
    </Page>
</PcGts>
