3344 4320
222 125 1426 236 25. PrefesBehand
473 337 1335 419 (Standalszenen im Wiener=Neustädter
313 375 1333 474 ##ktheater.) Aus Wiener= Neustadt, 23. d.,
375 448 1334 518 uns berichtet:. Gestern abend kam es
302 502 1336 564 # Resigen Stadttheater anlätlich der Auf¬
309 539 1338 599 führung von Artur Schnitzlers „Professor
310 583 1336 649 Bernhardi“ zu großesenen. Von
308 629 1335 704 hristlichsozialer und deutschnationaler Seite war in
1376 670 1451 756 9
299 690 1344 758 der Stadt eine Agitation eingeleitet worden, und
296 730 1338 805 Studenten hatten in den Straßen vor der Vorstellung
303 792 1424 855 antisemitische Flugschriften verteilt. Sie besetzten ##
304 832 1329 885 auch im Theater in allen Teilen viele Plätze.
294 877 1346 946 Anderseits hatten aber auch die Sozialdemokraten
301 932 1402 991 sich in großer Anzahl im ganzen Theater verteilt. ##
306 975 1393 1048 Die ersten zwei Akte gingen ruhig über die Szene
294 1020 1388 1093 Im dritten Akt ertönte plötzlich vom Stehparterre "
291 1061 1339 1149 aus und von den Galerien lautes Zischen. Im vierten“
290 1126 1382 1189 Akt wurden bei der Szene, wo Professor Bern¬
292 1171 1368 1217 hardi vom Gerichte zurückkommt, Pfuirufe
296 1216 1368 1287 laut, es wurde gezischt und getrampelts
286 1258 1330 1333 und der Skandal wuchs derart an, daß die Szene
294 1319 1334 1387 unterbrochen werden mußte. Die Polizei
281 1362 1328 1415 schritt ein und verhaftete aus dem Steh¬
288 1409 1332 1480 parterre vier Studenten. Nach Schluß des
286 1464 1331 1525 vierten Aktes entstand im Parkett eine laute
285 1510 1327 1577 Kontroverse zwischen dem Obmann des Theater¬
288 1554 1319 1617 komitees Vizebürgermeister Püchler und dem
283 1596 1324 1667 Jedakteur der „Wiener=Neustädter Zeitung“ Doktor
288 1643 1316 1712 Thumer. Nach dem folgenden Akt wurde wieder
281 1708 1324 1771 gepfiffen und gezischt. Sodann zog eine große
291 1749 1337 1797 Menge Christlichsoziale und Deutschnationaler zum
278 1798 1328 1854 Zentralwachzimmer im Rathause und verlangte
283 1854 1328 1931 Auskunft über das Schicksal der vier verhafteten
289 1880 542 1961 Studesston
1375 1977 1667 2059 O
577 2061 1669 2169 #mnKrationen im Wiener-Neustädter
527 2137 945 2218 Stadtiheater.
533 2212 1670 2309 Gegen die Ausführung von SchnitlerdBrafessor
535 2259 831 2327 De##bardi“.
536 2315 1663 2387 Le#sestern kam es im Stadttheater in Wiener=Neustadt an¬
530 2360 1668 2435 lihlich der Aufführung von Artur Schnitzlers „Professor
429 2385 1662 2474 # eenbardi“ zu großen Demonstrationen. Die Komödie
438 2439 1651 2505 #nede bereits vorigen Donnerstag zum erstenmal auf¬
459 2487 528 2549 92
527 2502 1659 2563 geführt und die Lokalblätter der verschiedenen Partei¬
432 2534 1209 2601 2 richtungen nahmen hieen Stellung.
534 2575 1670 2649 (brißlichsoziale und Deutschnationale besetzten viele Plätze
517 2626 1647 2699 des Speaters. Andererseits hatten aber auch die Sozial¬
517 2666 1651 2736 #e#eltgten sich in großer Anzahl im Theater verteilt.
524 2712 1648 2785 Stagespolizei und städtische Polizei hatten umfassende Vor¬
525 2752 1652 2830 letungen getrossen und ein großes Aufgebot von Sicher¬
517 2802 1548 2877 #e#tswache und Polizeiagenten war im Hause postiert.
617 2846 1643 2919 ersten zwei Akte gingen ruhig über die Szene. Im
522 2894 1640 2960 ##ten Abe jedoch ertönte; plötzlich vom Stehparterre aus
513 2928 1645 3003 5 ven den Galerien lautes Zischen. Im vierten Akte
521 2976 1639 3048 ##den bei der Szene, wo Professor Bernhardi vom Gericht
528 3031 1636 3098 Mücsemmt, Pfuiruse laut, es wurde gezischt
509 3074 616 3127 und
619 3069 1637 3142 getrampelt und der Skandal wuchs derart an,
548 3116 607 3169 40
607 3124 1635 3186 die Szeue unterbrochen werden mußte.
531 3159 591 3209 #
621 3167 1646 3224 Volizei schritt ein und verhaftete aus dem
637 3208 1328 3268 parterre vier Studenten.
508 3225 1643 3304 ### Schluß des vierten Aktes kam es zwischen dem sozial¬
512 3285 1644 3351 ##ratischen Vizebürgermeister Püchler, seinem Berufe
509 3343 1627 3381 #ch Lokomotivführer, sonst aber, gerade nicht zum Wohle
524 3383 1635 3435 Neustädter Bühne, auch Obmann des Theaterkomitees,
518 3433 1626 3473 und dem Redakteur der „Wiener=Neustädter Zeitung“
789 3472 1009 3522 rner zu
628 3468 746 3525 Th
517 3468 623 3521 ∆#
1058 3460 1631 3532 einem Zusammenstoß, ber
512 3512 1623 3576 #schem Püchler die christlichen Demenstranten als „Buben“.
505 3555 1645 3618 bereichnete. Dem „ausgezeichneten“ Theaterol mann ist es
515 3602 1641 3664 ##ich schsießlich gekungen, daß Dr. Thurner gewaltsam aus!
503 3648 1064 3705 Theater entfernt wurde
506 3686 1663 3742 Hause herrschte große Aufregung. Nach dem folgenden:
502 3736 1633 3778 wurde wieder gepfiffen und gezischt Sodann zog eine
507 3779 1635 3836 ##oße Menge Christlichsoziaker und Deutschnationaler zum
524 3826 1662 3881 ##ntralwachzimmer im Rathause und verlangte Auskunft
517 3861 1629 3930 sider das Schicksal der vier verhafteten Studenten. Schließ¬
504 3904 1629 3991 ich kam es noch zu antisemktischen Kundgebungen am der
516 3950 687 4023 Straße.
1229 4016 1475 4074 4 —
1593 114 2041 210 box 31/3
1931 701 3047 814 [Lärmszenen im Wiener=Neustädter Cladt¬
1848 775 3040 876 [Theater.] Aus Wiener=Neustadt wird gemeldet:
1864 805 3035 894 Gestern abend kam es im hiesigen Stadttheater anläßlich der
1868 869 3037 933 Aufführung von Arthur Schnitzlers „Professor Bern¬
1878 881 3037 988 hardi“ zu lärmenden Szenen. Von christlichsozialer und deutsch¬
1875 948 3039 1031 nationaler Seite war in der Stadt eine Agitation eingeleitet!
1873 985 3044 1063 worden und Studenten verteilten in den Straßen vor der Vor¬
1880 1022 3039 1110 stellung Flugschriften. Sie besetzten auch im Theater in allen
1884 1071 3039 1149 Teilen zahlreiche Plätze. Anderseits hatten aber auch die Sozial¬
1873 1117 3038 1202 demokraten sich in großer Anzahl im Auditorium verteilt. Die
1876 1147 3044 1241 ersten zwei Akte gingen ruhig vorüber. Im dritten Akte erkönte
1877 1196 3040 1289 vom Stehparterre aus und von den Galerien lautes Zischen. Im
1887 1246 3034 1320 vierten Akte wurden bei der Szene, wo Professor Bernhardi vom
2022 1290 3035 1372 Frmenbelirmunt. Es wurde gezischt und ge¬
1869 1321 3053 1398 A##elt und der Skandal wucht derart an, daß die Szene unter¬
1877 1366 3038 1455 brochen, werden mußte. Die Polizei schritt ein und verhaftete
1873 1432 3049 1494 aus dem Stehparterre vier Studenten. Nach Schluß des vierten
1881 1458 3044 1528 Aktes entstand im Parkett eine laute Kozitroo###eanigen dem
1875 1501 3051 1576 Obmann des Theaterkomitees VizebürgernciemPluch ber und
1882 1544 3040 1615 dem Redakteur der „Wiener=Neustädter Zeitung Doktor
1873 1601 3041 1663 Thurnex, Vizebürgermeister Püchler sagte laut, daß es im
1885 1643 3049 1722 ganzen Hause gehört wurde, zu Dr. Thurner: „Daran sind¬
1887 1674 3041 1747 Sie schuld! Sie haben die Leute verleitet!" Es entspann sich eine
1881 1720 3052 1788 erregte Auseinandersetzung, welcher der Polizeibezirksinspekto.
1885 1763 3053 1831 dadurch ein Ende machte, daß er Dr. Thurner veranlaßte, das
1884 1800 3037 1878 Theater zu verlassen. Im Hause herrschte große Aufregung. Nach
1879 1863 3038 1921 dem folgenden Akt wurde wieder gepfiffen und gezischt. Sodann
1867 1879 3044 1969 zog eine große Menge Christlichsozialer und Deutschnationaler
1873 1932 3037 2001 zum Zentralwachzimmer im Rathause und verlangte Auskunft
1871 1965 3056 2044 über das Schicksal der vier verhafteten Studenten. Inspektorft
1883 2038 3004 2097 Schreiber wirkte auf die Menge ein, worauf sie sich zerstreute.
2812 2061 3065 2125 L
2123 2358 2995 2462 Glandäeszenen im Wiener=Neustädter
1990 2396 2977 2485 Stadttheater. Aus Wiener=Neustadt,
1984 2451 2978 2523 23. d., wird uns telegraphiert: Gestern abends kam
1977 2503 2974 2583 es im hiesigen Stadttheater anläßlich der Auf¬
1983 2534 2570 2606 führung von Schnitler
1985 2587 2969 2666 Bernhardi“ zu  großen Stondässzenen. Von
1974 2631 2976 2707 chriftlichsozialer und deutschnationaler Seite wurde
2065 2679 2959 2752 der Stadt eine Agiation eingeleitet, und
1976 2712 2968 2793 Studenten verteilten in den Straßen per der Vor¬
1978 2744 2974 2856 stellung antisemitische Flugschriften. Ste besetzten
1969 2809 2961 2876 auch im Theater in allen Teilen viels Plätze.
1978 2843 2961 2925 Andererseits hatten aber auch die Sozialdemskraten
1970 2883 2071 2938 sich
2143 2901 2968 2979 ganzen Theater verteilt. Staatspolizei
1976 2938 2974 3017 und städtische Polizei hatten umfassende Vor¬
1974 2977 2970 3049 kehrungen getroffen, und ein großes Aufgebot von
1967 3014 2958 3100 Sicherheitswache und Polizeiagenten war im
1963 3075 2962 3154 Hause postiert. Im dritten Akt ertönte plötzlich vom
1960 3123 2955 3177 Stehparterre und von den Galerien lautes Zischen,
1973 3148 2964 3229 in vierten Alt war der Skandal so arg, daß die
1958 3200 2952 3266 Szen“ unterbrochen werden mußte. Einige
1970 3232 2963 3331 Verhaftungen wurden dorgenommen. Die Absicht
1966 3283 2841 3362 er Demonstkätseen) die Kun##bunen vemich
1970 3318 2474 3391 uf die Straße zu verpfl
2586 3348 2967 3407 wurde durch die
1961 3354 2807 3460 Napnahmnen der Polizei uc 24 X
2183 3419 2246 3484 —
2731 3439 2962 3509 7#n Magg
