3436 4256
673 172 738 226 .
683 210 757 240 S
1513 163 2030 252 box 31/6
210 169 1424 273 25. PrezoBernhand
1094 1019 1573 1119 SCHNITZLER:
1650 1111 1760 1184 * 46
887 1149 1714 1247 „1 Tofessor Bernhardi.
1021 1249 1614 1312 Königgrätzer Strasse.
770 1373 1929 1443 Hier ist ein Vorbild für die Gegenwart: jenes heut zu for¬
710 1427 1850 1482 dernde, von mir wieder geforderte Tendenzstück mit Kunst.
764 1474 1940 1536 Im Unterschied also zu der szenischen Zweckschlamperei; zur
701 1509 1598 1574 klobigen Schnelldramatik — die jetzt umgeht.
767 1557 1937 1624 Die zwar die Kunsthöhe mindert, aber ein Sachziel nicht
709 1601 1940 1663 mehr fördert. Die zwar das Dichterische zurückschraubt, aber
705 1653 1938 1706 das Ethische nicht mehr emporschraubt. Kurz: die jetzo die
702 1691 1923 1740 langsam angeekelte Masse nicht mehr vorwärtsbringt... son¬
707 1730 1217 1788 dern allgemach langweilt.
764 1777 1421 1837 Augenblick zur Umkehr. Halali!
1275 1832 1371 1895 II.
772 1878 1925 1943 Die Weissen sind in Schnitzlers Tendenzwerk nicht schnee¬
719 1929 1925 1979 weiss; die Schwarzen nicht kohlschwarz; die Schafe nicht zur
709 1974 1931 2025 Rechten, die Böcke nicht zur Linken; das Elend nicht schmalzfett.
773 2021 1924 2076 Sein semitischer Arzt vielmehr, der einen Gewissenskampf
705 2070 1923 2119 mit sich, zweitens einen Weltanschauungskampf mit dem Klerus,
707 2112 1933 2159 drittens einen österreichischen Kampf mit Gummiwänden durch¬
716 2160 1924 2214 macht — und, österreichisch selber, zuletzt einen Halbverzicht
720 2201 1927 2250 (oder ist es ein Erkennen aller Relativität?): dieser Arzt, ob Jud
716 2244 1926 2294 oder Nichtjud, ist keine Zweckpuppe; kein Ideengestell; sondern
713 2291 1614 2343 ein seelenfleischerner Mensch rund-um-und-um.
1267 2342 1369 2405 III.
760 2384 1926 2444 Seine Gegner sind, wie er, nicht ein Tendenzgekritzel: son¬
717 2437 1137 2501 dern ein Farbgebild.
766 2480 1925 2541 In vielen Beleuchtungen. Innere Zwischenglieder; irdische
722 2527 1916 2580 Mischwesen. Leute mit Schattungen; Stufungen; Halbspuren;
712 2570 1734 2622 Einschlägen; Uebergängen; Spielarten. (Dast ist es.)
769 2602 1932 2662 Darum leben sie noch; obschon die politischen Anlässe zu
715 2662 1919 2709 diesem Werk heut nicht mehr bestehn; heut nicht mehr so
713 2706 907 2779 bestehn.
1269 2717 1365 2810 IV.
763 2769 1927 2863 Darum führt so ein Werk zum Kunstgefühl wie zum Bessern¬
727 2843 1398 2892 wollen; zum einen durch das andre.
766 2865 1929 2937 Darum ist es, als Amalgam von Gewissen und Baugliederung,
723 2924 1932 2981 in seiner schillernden Vielfalt nicht nur (thukydidelsch ausge¬
722 2966 1929 3029 drückt)... nicht nur ein „agonisma es to parautika“, sondern
593 3026 1916 3212 Taclla# — #be##
1964 1003 3168 1077 ein „ktema es ael“. Nicht eine Momentwirkung, sondern ein
1966 1045 2115 1104 Besitz.
2012 1075 3166 1155 Darum ist es ein (heut nachzuahmendes, heut erst wieder zu
1961 1140 2641 1198 eroberndes) deutsches Meisterwerk.
2004 1184 2550 1245 Zweckdramatiker — halali!
2516 1215 2601 1298 v.
2017 1275 2673 1349 Barnowskys Leitung bezwingt es.
2017 1336 3170 1401 Nur der Schlussakt, mit Halbverzicht und Skepsis, verträgt
1968 1376 2812 1435 im Ton unterirdisch elwas mehr Nachzittern.
2010 1418 3168 1488 Nicht ganz eine so helle Heiterkeit. Gestraffteres dafür. Noch
1963 1467 3160 1520 Spannung in der Entspannung.. Es bleibt mit den Finger¬
1960 1508 2822 1578 spitzen anzufassen. Es geht um Gradstriche.
2508 1560 2600 1631 VI.
2009 1613 3157 1678 Schnitzler will den Professor Bernhardi „liebenswürdig“. Er
1961 1655 3173 1727 betonte das gesprächsweis vor kurzem, als er über die besie
1966 1700 2780 1760 Gestaltung durch Kortnef im Zweifel war.
2007 1748 3167 1811 Kortner wird jedoch liebenswürdig hier. Er vergisst keinen
1964 1787 3174 1845 Augenblick, dass ja dieser Kämpfer-Arzt in Wien wohnt. Dass
1963 1836 3170 1895 dieser Professor ein (zugleich verringerter, zugleich erhöhter)
1962 1880 3167 1933 Dr. Stockmann an der schönen, gar nicht blauen Donau ist. So
1964 1921 2301 1980 stellt er ihn hin.
2013 1964 3166 2024 Bestimmt nicht weich. Aber niemals in Fechterpose. Nur
1961 2007 3171 2070 von umstandsloser Menschlichkeit erfüllt; ohne Aufhebens; herr¬
1960 2051 2205 2107 lich einfach.
2026 2092 2450 2158 Und einfach herrlich.
2500 2133 2633 2199 VII.
2004 2159 3168 2247 Monologische Zufügungen wie, am zweiten Aktschluss, man
1980 2224 2601 2288 „werde sehen“, sind vom Uebel.
3190 2233 3300 2292 Balti
2009 2263 3166 2344 Selbst wenn Schnitzler sie gebilligt; selbst wenn Schnitzler
3190 2283 3300 2332 wird
1966 2310 2388 2385 sie geschrieben hätte.
3197 2324 3288 2376 Bild
2020 2355 2288 2427 Hat er
2498 2393 2630 2459 VIII.
2011 2424 3158 2506 Bressart — der in kennbarer Entwicklung über Beigestalten
1959 2497 3161 2546 hinauswächst — gibt eine solche. (Den Fachmann für Nerven,
3190 2499 3288 2556 (Fall
1964 2539 3161 2606 Professor Cyprian.) Kauzhaft. Phantastowirklich. Nicht um
3180 2542 3296 2598 Abtel
1960 2580 2716 2630 Haaresbreite fern vom leiblichen Leben.
2008 2624 3160 2684 Kostbar auch Salfner, Bernhardis Freund weissköpfig brau¬
1961 2678 3158 2737 send. Saifner war ehedem selbst ein Bernhardi — der gut im
1969 2695 2348 2780 Gedächtnis fortlebt.
2504 2727 2603 2809 IX.
3192 2754 3254 2813 „G
2003 2787 3154 2853 Rudolf Platte: völkischer Kandidat. Paul Hörbiger: Hofrat,
3180 2802 3247 2855 un
1963 2843 3279 2895 von lächelndem Schliff und schlampeter Ethik (in diesem öster- 1 die
1958 2887 3153 2930 reichischen Nationaldrama mit umgekehrten Vorzeichen) — beide
3194 2891 3294 2937 u. a.
1951 2929 3156 2997 prachtvoll; der eine durch das Aussenbild; Hörbiger durch
1961 2971 2598 3043 Genreton und Bewegungsumrise.
3167 2976 3294 3036 und
3200 1055 3301 1131 aufg
