3344 4320
125 55 2427 144 enen rtise enesene e enn sie 1eren 1een 1ee   ere 1ee 1e e e hesichsehenegechen
124 140 1949 199 ie Teuerung, Frau Helene Gra- angenageit, sondern auch durch vier sehr lange Schrauben fest¬
1945 143 3116 215 Gründe des Zenfurverbotes betrifft. Beide durfte das
121 181 784 227 ner sehr wirkungsvollen Streitschrift,
780 183 1938 234 geschraubt, und der Kopf jeder Schraube und jedes Nagels
1950 187 3132 254 Publikum heute im Vortragssaal nachprüfen, und, das
127 207 776 275 Mode“ erscheinend, ehen im vierten
768 214 1944 281 wurde in der üblichen Weise mit einem Wachssiegel bedeckt,
1945 234 3126 294 Resultat, zu dem man gelangte, war wohl allgemein eine
152 255 776 321 gelangt. In übersichtlicher Weise,
773 267 1943 321 die abwechselnd die Stampiglie der Bank von England und
1952 283 3125 352 Kräftigung der längst gewonnenen Erkenntnis, daß der
128 293 771 358 ildern unterstützt, wird hier auf
778 306 1937 361 des Crédit Lyonnais trugen. Unter militärischer Eskorte
1945 331 3127 389 Zensurbeirat, der sich übrigens nicht einstimmig gegen
122 337 774 407 tudien den Ursachen der Teuerung
772 352 1950 403 wurden die vierzig Kisten nun am 12. November von London
1947 381 3121 441 „Professor Bernhardi“ ausgesprochen hat, so gut gemeint
127 388 777 446 gangen, sowie den Folgen der
774 399 1947 457 nach dem deutschen Dampfer „Schwalbe“ gebracht und dort in
234 418 769 492 „ „ Mabunnas= uud
1958 425 3134 488 er sein mag, keine Gewähr für eine moderne Handhabung
131 432 223 506 Mn
777 439 1941 484 einem eigens für solche Sendungen bestimmten Raum ver¬
1951 464 3119 538 der Bühnenzensur b## et, und daß es höchste Zeit ist,
767 474 1946 534 sperrt. Dieser Raum liegt direkt unter der Kommandobrücke
1947 511 3125 564 auch die Justiz in Theaterdingen nach heutigen Rechts¬
772 521 1948 578 und wurde ununterbrochen bewacht. Die Tür dieser Kammer
761 560 1939 612 hat drei schwere Schlösser. Ein Schlüssel paßt zu zwei der
1952 561 3128 652 auffassungen mit dem Instanzenzug bis zum Verwal¬
771 601 1941 657 Vorlegeschlösser, ein anderer zum dritten Schloß. Den einen
1951 598 2518 679 tungsgerichtshofe zu regeln.
770 646 1949 700 Schlüssel übernahm der Kapitän, den zweiten der erste Offizier.
2038 644 3135 735 Aus dem weiten Land der Seele hat Artur Schnitzler
768 690 1943 744 Nach menschlichem Ermessen ist es also vollkommen ausge¬
1952 677 3131 766 sich den Weg zu gesellschaftlichen und politischen Problemen
765 732 1944 798 schlossen, daß irgend jemand während der Fahrt der „Schwalbe“
1949 756 3128 820 der Gegenwart oder sagen wir zum mindesten der Mit¬
771 777 1941 826 mit den Goldkisten in Berührung kommen konnte. Die
1955 801 3122 865 vergangenheit gebahnt und ein Stück geschrieben, das in
764 823 1937 872 „Schwalbe“ fuhr nach Bremen, wo die vierzig Kisten wieder
1949 844 3122 914 dem Wien um das Jahr 1900 spielt. Vielleicht wird der
768 853 1943 919 unter allen Vorsichtsmaßregeln von deutschen Postbeamten
1953 894 3129 944 aufmerksame Hörer oder Leser sich mitunter sagen, daß
758 904 1942 956 übernommen und per Eisenbahn weiter nach Triest be¬
1945 936 3121 996 der Dichter, der die Handlung des „Professor Bernhardi“
772 947 1939 1009 fördert wurden. Vorher wurde jede Kiste genau untersucht
772 991 1942 1045 und als unversehrt gefüllt und gleich im Gewichte befunden.
1949 994 3122 1058 etwa um ein halbes Menschenalter zurückdatiert, noch ge¬
767 1028 1946 1078 In Triest wurden die kostbaren Kisten abermals übernommen
1948 1039 3127 1105 trost eine weitere Hälfte hätte daraufgeben können; denn
758 1075 1942 1132 und wieder mit aller Vorsicht an Bord des Dampfers
1953 1084 3118 1136 es will einen glücklicherweise dünken, als sei die Flut,
766 1104 1952 1173 „Heluan“ gebracht. Am 18. November kamen sie dann an
1947 1127 3125 1187 deren verheerende Wirkung auf die Wiener Oeffentlichkeit
770 1156 1945 1218 ihrem Bestimmungsort Alexandrien an. Dort wurden sie von
1951 1177 3122 1246 Artur Schnitzler darstellt, bereits ein wenig zurückgeebbt.
770 1202 1943 1267 Postbeamten und Beamten des Crédit Lyonnais ausgeladen
1941 1221 3137 1294 Von nicht geringem Reize ist es freilich, daß Artur
765 1248 1946 1295 und wieder einzeln untersucht. Die Untersuchung besteht darin,
1940 1267 3131 1338 Schnitzler auf dieser seiner erfreulichen Flucht in die
758 1292 1943 1349 daß jede Kiste genau auf allen Seiten angesehen, die Siegel
1942 1316 3129 1390 Oeffentlichkeit unserer Tage an die Jugenderinnerungen
760 1332 1935 1392 geprüft und jede Kiste geschüttelt wird. Bei diesem Schütteln
1947 1360 3120 1420 des Vaterhauses anknüpft, und älteren Wienern wird bei
766 1377 1922 1417 entdeckte man nun sofort, daß zwei der Kisten nicht dicht ge¬
774 1412 1938 1471 füllt waren, sondern ihr Inhalt sich lose bewegte. Aeußerlich
1945 1408 3141 1472 der Lektüre des „Professor Bernhardi“ die Gestalt des
760 1458 1950 1503 wiesen auch diese zwei Kisten nicht die geringste Spur irgend
1942 1452 3124 1521 Vaters des Dichters, des unvergessenen Arztes und
770 1494 1957 1556 einer Manipulation auf und auch ihre vielen Siegel waren
1942 1506 3129 1574 Menschenfreundes, des Mitbegründers der Wiener Poli¬
769 1549 1941 1600 absolut intakt. Ais man sie aber unter Hinzuziehung von
1943 1546 3127 1604 klinik, vor das geistige Auge treten. Seiner österreichischen
767 1579 1940 1628 Polizeibeamten öffnete, fand man, daß ihr Inhalt nicht aus
1951 1603 3119 1670 Historie des jungen Medarous hat Artur Schnitzler nun
776 1627 1941 1675 Holdstücken sondern aus je einem Bleistück im Gewichte
1950 1644 3129 1716 die österreichische Komödie folgen lassen oder wenigstens
780 1672 1936 1731 von 96 Pfund — dem genauen Aequivalent für fünstausend
1950 1692 3126 1761 den Ansatz dazu; denn Professor Bernhardi gesteht selbst
774 1713 1944 1759 Sovereigns — bestand. Der Crédit Lyonnais in London
1944 1746 3126 1826 zu, daß das, was er innerlich erlebte, ihm schließlich nicht
767 1747 1940 1801 owohl wie die Bank von England wurden sofort per Kabel
1953 1787 3123 1843 mehr österreichische Politik oder Politik überhaupt war,
774 1796 1938 1860 verständigt, und die Detektive=Inspektoren John Collison
776 1831 1949 1897 und Leach, die zwei fähigsten Beamten von Scotland
1952 1834 3122 1891 sondern daß es sich ihm allmählich um allgemeine ethische
768 1876 1935 1938 Yard, wurden mit dem Fall betraut. Diese Beamten stehen
1941 1890 3128 1955 Dinge handelte, um Verantwortung und Offenbarung und
762 1921 1938 1976 aber ebenso wie ihre alexandrinischen, Triester und Bremer
1946 1927 3016 1990 im letzten Sinne um die Frage der Willensfreiheit.
770 1967 1940 2024 Kollegen vor einem unlösbaren Rätsel und erklären, daß
2027 1978 3129 2048 Artur Schnitzler hat diesmal ein durchaus männ¬
770 2013 1940 2064 dies das raffinierteste Diebsmanöver sei, das jemals die
1942 2001 3130 2093 liches Stück geschrieben. Nicht nur in dem Sinne, daß
773 2056 1943 2124 Polizei beschäftigt habe. Zweifellos war der Diebstahl von
1947 2073 3126 2134 „Professor Bernhardi“ die entschiedene Abkehr von allen
767 2085 1260 2167 langer Hand vorbereitet.
1943 2122 3121 2187 erotischen Fragen bedeutet und daß von den zwei Dutzend
848 2150 1936 2201 [Ein Zyklon.] Aus Manila wird gemeldet:
1952 2156 3125 2240 handelnden Personen, die der Theaterzettel aufweist, nur
763 2158 1936 2259 Ueber die Inseln Samar, Lepte und den nördlichen Teil
1943 2213 3125 2286 eine einzige, eine verschwindende Nebenfigur dazu, weib¬
765 2233 1941 2288 von Panay ist ein schwerer Zyklon hingegangen. Viele
1947 2258 3128 2310 lichen Geschlechtes ist. Was in dieser Komödie behandelt
769 2277 1939 2328 Menschen sind ums Leben gekommen. Drei Dampfer sind
1949 2307 3127 2376 wird, ist die Frage, wie weit praktische Politik mit dem
774 2312 990 2390 gescheitert.
1950 2353 3120 2416 kategorischen Imperativ vereinbar ist. Vielleicht ist im
849 2334 1942 2426 [Schiffsbewegungen der Austro=Ameri¬
1938 2387 3108 2453 „Professor Bernhardi“ der an die Ironie eines Shaw ge¬
761 2388 1937 2464 cana.] „Martha Washington“ ist am 28. d. von Neapel
768 2447 1938 2519 nach Patras abgegangen; „Himalaya“ am 27. d. in New¬
1942 2444 3115 2521 mahnende Schluß das Oesterreichischeste: dem Professor
769 2487 1230 2547 Orleans angekommen.
1945 2488 3112 2550 Bernhardi wird nämlich die nihilistische Weisheit ein¬
856 2527 1938 2579 [Konsiskation.] Die „Oesterreichische Wochenschrift“
1950 2534 3125 2606 gebläut, daß er als echtes Kind seiner Zeit zum
769 2565 1911 2640 Nr. 48 versiel der Konfiskation. Ursache der Beschlagnahme ist ein
1936 2583 3111 2662 Reformator nicht geboren sei, daß wir Gegenwarts¬
767 2613 1943 2659 vom Verein zur Abwehr des Antisemitismus über die Affaire
1938 2637 3122 2700 menschen uns doch innerlich nicht bereit fühlen, bis zu
767 2662 1932 2722 Hilsner eingesendeter Artikel. Eine zweite Auflage wurde veranstaltet.
1939 2679 3126 2761 den letzten Konsequenzen zu gehen und eventuell selbst
863 2708 1931 2756 [Drucksehlerberichtigung.] Im Feuilleton „Liebes¬
1941 2726 3125 2788 unser Leben für unsere Ueberzeugung einzusetzen. „Und
769 2734 1939 2826 tändelei“ der Dienstagmorgennummer muß es in der fünften Spalte
1947 2778 3117 2843 darum,“ sagt der Raisonneur der Komödie so ein echt
764 2786 1473 2861 statt „Lalix“ richtig „Lelio“ heißen.
1946 2807 3113 2876 österreichischer Hofrat — das Stück ist Max Burckhard ge¬
1947 2869 3112 2943 widmet — „ist es das Beste, ja das einzig Anständige,
852 2863 1934 2933 [Echt persische Teppiche.] Von wenig soliden
1847 2927 1940 2978 die
1939 2920 3126 3000 wenn unsereiner sich in solche G'schichten gar nicht
768 2907 1847 2982 Firmen werden jetzt „echt persische" Teppiche annonciert,
1937 2968 2145 3033 einläßt.“
771 2971 1932 3035 gar nicht aus dem Oriente sind, und weder in Bezug auf
762 3017 1943 3068 Farbenechtheit noch Haltbarkeit irgend welche Aehnlichkeit mit
2020 2992 3125 3069 Und nun sehen wir uns die Geschichte des Professors
762 3047 1934 3104 dem unverwüstlichen echten Perserteppich haben. Um Irre¬
1943 3046 3116 3115 Bernhardi näher an. Bernhardi ist etwa 50 Jahre alt, hat
770 3095 1934 3153 führung des Publikums zu vermeiden wende man sich nur
1943 3115 3130 3160 in seinem Leben viel gearbeitet und viel erreicht, hat eine
771 3134 1941 3194 an ein renommiertes solides Haus eisten Ranges, wie dies
1942 3161 3127 3220 ausgebreitete Praxis in den höchsten Kreisen und in
758 3167 1937 3240 beispielsweise die Weltfirma: Teppichhaus =Möbelhaus
1946 3200 3127 3263 anderen auch, wo es mehr trägt. Er ist der Gründer des
774 3219 1935 3282 S. Schein, k. u. k. Hof= und Kammerlieferant, Wien,
1947 3250 3114 3318 „Elisabethiniums“. Das ist ein junges, sozusagen privates
765 3257 1630 3337 1. Bezirk, Bauernmarkt 10, 12 und 14, ist.
1945 3299 3112 3352 Institut, in dessen Schoß es an Strömungen und Gegen¬
852 3307 1942 3370 [Beschädigte echte Perserteppiche — spott¬
1949 3338 3125 3404 strömungen nicht fehlt. Vor zehn Jahren etwa ist dieses
757 3336 1941 3396 billig.] Die bei den letzterhaltenen Warensendungen, direkt aus
758 3395 1939 3444 dem Orbent, mehr oder weniger beschädigt eingelangten oder mit
1941 3394 3114 3448 ausschließlich philanthropischen Tendenzen dienende Kranken¬
767 3419 1934 3487 Schönheitsfehlern behafteten, garantiert echten Perserteppiche werden
1954 3442 3113 3494 haus unter Kämpfen und Schmerzen geschaffen worden.
760 3458 1933 3530 im Teppichhaus Orendi, Wien, 1. Bezirk, Rotenturmstraße 20,
1942 3482 3123 3545 Die Professorenzunft, die erbgesessenen Ordinarien waren
770 3499 1931 3581 zu spottbilligen Preisen abgegeben. Erhältlich sind: Vorleger, Wand¬
1939 3531 3126 3587 seine Gegner. Einen Seuchenherd mitten in der Stadt hat
764 3539 1726 3615 teppiche, Läuser, Diwanüberwürfe und Zimmerteppiche.
1949 3579 3116 3641 man es damals geschimpft und seine Gründer wurden eine
852 3571 1934 3646 [Die Freude am Weihnachtsgeschenk.] Bei Aus¬
1943 3626 3110 3680 bedenkliche Clique allzu strebsamer junger Dozenten ge¬
756 3624 1938 3690 wahl von Weihnachtsgeschenken ist es zu empfehlen, der der heutigen
1941 3675 3125 3740 scholten. Strebsam ist dieser und jener unter ihnen auch
762 3684 1937 3735 Postauslage beiliegenden Weihnachtspreisliste des Porzellanhauses
767 3715 1937 3773 Ernst Wahliß, k. u. k. Hoflieserant, Wien, 1. Bezirk, Kärntner¬
1948 3726 3113 3782 nach den abgelaufenen zehn Jahren geblieben, sogar allzu
763 3740 1933 3807 straße 17, besondere Beachtung zu schenken. Die künstlerisch ausge¬
1945 3767 3115 3824 strebsam; aber die Jugend hat nachgelassen und bei einem
768 3796 1929 3841 führte Preisliste enthält ausgezeichnete Abbildungen von Glas= und
1937 3813 3107 3875 und dem anderen auch das Feuer der Begeisterung und
767 3826 1942 3896 Porzellanwaren als auch kunstgewerbliche Gegenstände, wie ent¬
1930 3854 3109 3927 der Selbstlosigkeit. Mit Liebe und augenscheinlich mit noch
758 3873 1925 3924 zückende Jandinièren, Dekorationssiguten, Uhren, Blumenvasen,
768 3888 1935 3957 Lampen 2c. 2c. Wer seinen Angehörigen und Freunden etwas wirk¬
1943 3906 3119 3972 größerer Lust hat Artur Schnitzler die verschiedenen Pro¬
764 3937 1934 4001 lich Gediegenes, etwas, das sozusagen Ewigkeitswert besitzt, schenken
1950 3946 3111 4017 fessoren= und Dozententypen herausgearbeitet. Da ist der
768 3986 1776 4062 will, der wende sich an das Porzellanhaus Ernst Wahliß.
1942 4004 3117 4084 Altliberale mit seinen feurigen Achtundvierziger¬
