3344 4352
712 144 808 204 S S
1593 135 2041 221 box 31/3
220 143 1454 234 25. ProfBerha
733 541 825 620 F
1113 528 1385 626 10 4. 1913.
1191 603 1396 693 Mellten
778 612 1355 758 dinet mke lngen=s Platt
889 713 1072 784 apkiür
540 757 1457 830 „Professor Bernhardi“. Diese Komoote eines Aertte¬
1086 803 1463 858 sand im Neuen
483 803 1023 875 sollegiums von Arthur Schni
516 829 1454 899 Theater eine sorgfältt###nwundfreie Neuein¬
487 892 1468 932 kndierung. Ein Publikumstück sondergleichen mit poli¬
475 913 1464 973 sischen, etbischen und ästhettschen Arrangements, mit
485 938 1460 993 ßenau so viel Sentimentalltät, als ein Parkett dauer¬
471 969 1457 1022 bafter Theaterliebbaber vertragen kann. mit einem ge¬
477 1012 1464 1070 nau so zugkräftigen, nicht allzu komplizierten Problem,
485 1052 1463 1106 als es ohne Bennrubigung verdauen kann. Eine
479 1082 1460 1130 interessante Handlung, eine lobenswerte Konversation.
486 1111 1461 1171 ein gewissenhafter Schluß: Der Gute schwimmt oben.
475 1135 1447 1215 der Böse verstummt. Dazu Eugen Klöpfers mono¬
478 1176 1461 1229 tone, sachliche, kerzengerabe Mannhaftigkeit, das gute
475 1210 1452 1264 Gewissen in Person, und das Haus aulttiert mit reichem
487 1245 1455 1300 Beifall für alle diese guten Dinge, die es dunkbar und
488 1271 1455 1335 befriedigt einsteckt. Aus der Fülle des Personenver¬
2647 1295 2790 1371 SISAR
483 1313 1455 1367 zeichnisses greisen wir noch: Max Reimann, der
1721 1326 2895 1416 er einem Menschen zu Unrecht an Leib und Leben zugefügt
486 1334 1467 1398 einen ausgezeichneten Typ mit wenigen Strichen zeich¬
480 1379 1458 1444 nete. Hans Schwarte. Robert Grüning, Alons
1720 1381 2888 1448 erde, falle wenig ins Gewicht, wenn es gelte, ein Höheres zu“
479 1403 1462 1471 Großmann, Franz Kaner, die in beweglichem
1718 1416 2883 1481 etten. Wenn der Dichter ein Chronist seiner Zeit ist — und
479 1456 1465 1494 Zusammensoiel guterfaßte Professoren gaben. Ulrich
1712 1464 2842 1521 in Dichter, ob er will oder nicht, strahlt immer seine Zeit —
489 1489 1473 1544 Bektoc und Georg Gürtler als angenehm junge
1700 1498 2883 1578 hann haben die Oesterreicher reichlich lange im Mittelalter gelebt
494 1517 1452 1568 Herren. F. W. Schröder mußte leider einen gro¬
1697 1537 2891 1616 und es war sehr notwendig, daß sie mit ihren Begriffen vom
483 1551 1453 1621 zen Tell seiner Aufmerksamkeit an den Soufsteurkasten
491 1598 1457 1637 verschwenden, daneben jedoch gelang ihm ein minister¬
1694 1586 2884 1647 Staatswohl, ihrem Kliquenkrempel, ihren Erwägungen, welche
506 1619 1449 1673 licher Streber nicht übel. Hermann Kner war in sei¬
1696 1623 2878 1691 Professorenzahl von Juden und Christen einem Krankenhause
576 1655 1450 1706 belden Rollen, der tragischen und der amüsanten.
1702 1667 2899 1727 bekömmlich sei, gründlich aufräumten. Womit natürlich nicht
594 1694 1448 1739 rkenswert. Willo Ummingers Pfarrer fand
1696 1693 2880 1780 gesagt sein soll, der Hausputz in Deutschland sei überflüssig
595 1722 1460 1774 er letzten Szene Augenblicke echten Empfindens.]
1696 1739 2893 1812 gewesen. Keinesfalls hat der Mangel an Aktualität dem Schnitz¬
500 1747 1458 1826 Direktor Hellmer leitete die gute Vorstellung mit
1689 1779 2886 1853 lerschen Werke bei seiner neuen Aufnahme in den Spielplan
1336 1791 1462 1857 dt.
501 1799 705 1865 Sorghalt.
1693 1807 2705 1867 geschadet und es wird als ausgezeichnetes Theaterstück
2737 1839 2880 1885 — trotz
1695 1859 2888 1915 seiner Ueberfracht an Quertreibereien und Beiseitezügen und
1700 1893 2897 1983 Ausquetschung der Absichten — noch manches volle Haus erzielen,
1696 1933 2899 2017 vor allem wenn Herr Kloepfer den Bernhardi spielt..
1694 1984 2882 2043 Schnitzler gelang in dem Professor eine wahrhaft ideale Figur
1698 2009 2879 2085 und Kloepfer folat dem Dichter bis in alle Zellen der Gestalt,
1700 2053 2879 2123 er gibt ihn sozusagen nahtlos, in einer köstlichen Mischung von
1708 2095 2870 2138 tiefster Güte und Unbeugsamkeit, er läßt leise Humore herauf¬
1700 2129 2880 2205 spielen, dosiert eine überlegene Ironie hinein, er hat eine solche
1699 2177 2885 2247 Fülle von Tonfärbungen für jedes Gegenüber, daß der Hörer
1704 2211 2871 2276 sofort die Einstellung für den jeweiligen Partner hat. und er
1702 2250 2887 2315 ist, und das reißt hoch, in jedem Augenblick Herr der Lage.:
1695 2287 2884 2357 Angesichts dieses vom Dichter auserwählten und nun unantastbar:
1707 2331 2872 2384 vor uns lebenden Menschen hatten die um ihn Wandelnden einen
1710 2366 2887 2452 schweren Stand. Im ersten Aufzug, in dem vornehmlich die
1703 2403 2871 2478 jüngeren und noch nicht sicheren Kräfte beschäftigt waren, schien
1696 2446 2869 2509 es fast, als ob der Unterschied in den künstlerischen Leistungen
1697 2494 2871 2557 zu beträchtlich sein werde, um einen reinen Eindruck des Werkes
1696 2527 2867 2587 hervorzubringen. Der Verlauf des Abends zerstreute diese Be¬
1696 2565 2869 2634 fürchtung bald und es ist eine gediegene Vorstellung zu quittieren.
1689 2602 2874 2677 an die der Leiter, Herr Hellmer in den Explosiv=Szenen
1700 2644 2862 2722 wie in den Auftritten schärfster Dialektik eine außerordentliche
1708 2681 2876 2757 Sorgfalt verwandt hatte. Genannt seien aus der Fülle der Ge¬
1708 2724 2864 2789 sichte — man hatte auch zu dem Notbehelf der Doppelrollen
1280 2735 1563 2819 17/49 1910
1696 2762 2878 2823 greifen müssen — die Herren der Professorengruppe: Schwartze
938 2759 1288 2854 n
1701 2802 2874 2878 (ein gewandter und kluger Intrigant), Großmann,
1703 2839 2863 2915 Schmöle (ein Typ gefrorener Korrektheit), Reimann,
1001 2836 1443 2923 Frangüre 5. M.
1697 2878 2870 2941 Klein, Grüning, Wallburg (mit dem noch furchen¬
1692 2912 2869 2991 oen-Antlitz des Werdenden), Kauer; von starker Wirkung
1692 2959 2869 3026 war der beredte und selbstsichere Minister des Herrn Schröder
659 2939 1691 3027 Frankfurter Neues Theater.] Mit Märchenschnelle
1691 3000 2879 3071 und Herrn Ummingers wohlgezogener, vorsichtig abmessender
532 2995 1697 3065 werden jetzt Stücke historisch. Es ist schon gut, daß der Zettel in
532 3054 2864 3091 Schuitlers Professor Bernhardi“ ausdrücklich die Zeit= und auf einen Augenblick zum Menschlichen hinabsteigender
1706 3077 2872 3148 Pfarrer. Herr Schwartze gab recht flüssig den leichtherzigen
533 3081 1703 3131 angabe macht: „Wien um 1900“ so gewesenLund verwest be¬
540 3103 1298 3177 rühren uns Revolutionskinder seine. Konf
1693 3115 2872 3188 and leichtzynischen Wiener Hofrat, und Herr Kner fand in
1474 3125 1697 3185 rsachen
1704 3159 2872 3220 zwei kleinen Aufgaben Gelegenkeit, zu zeigen, was er aus Epi¬
537 3154 1284 3206 Und doch war es wohl noch vor seis
1489 3170 1697 3221 bar, daß
1694 3189 2862 3268 södchen herauszuholen versteht. Der Verteidiger des Herrn Kauer
537 3199 1693 3260 ein Kultusminister dem angeklagten PrGedanken
1704 3234 2869 3300 war bei aller gebotenen Unsicherheit doch zu matt; einige „Assi¬
550 3239 1700 3299 von höheren Staatsinteressen in der West, wie es in der
1700 3270 2871 3328 stenten“ und ein Kandidat übertrugen ihre bescheidene Stellung
536 3265 1701 3336 Komödie geschieht, ausgebreitet und, wie geschehen, dar ach ge¬
1701 3306 2884 3375 unter so vielen medizinischen Zelebritäten auch auf die Bühne
538 3314 1701 3383 handelt hätte, und der geistliche Herr brauchte sich wahrscheinlich
2047 3333 2225 3399 9ist.: 1re
535 3368 1734 3423 damals nicht zu scheuen, seine Auffassung kundzurun, der Schaden.
