3392 4384
723 186 820 243 S S
1612 175 2070 260 box 31/4
251 179 1475 282 25 BrorBernhand1
769 443 1866 590 rL
775 583 1897 700 DURRANTS PRESS CUTTINGS,
760 692 1899 775 St. Andrew’s House, 32 to 34 Holborn Viaduct,
762 759 1901 824 and 3 St. Andrew Street, Holborn Circus, B.C.1.
1050 816 1598 878 TELEPHONE: CITV 4968.
1058 905 1617 1000 New Leader
1006 984 1668 1084 14 Great George Street, S.W. 1.
753 1085 1871 1165 Cutting from issue dated192
1910 1182 2039 1229 —
1652 1211 2414 1349 FROM OUR
1446 1327 2600 1436 B OOKSHELVES
1371 1451 1507 1528 C
1351 1517 2674 1595 A Neue Ed'tion of the Classie Poets—The Best That 1927
1491 1577 2582 1636 Can Do—Obscurities and Vacuities—Songs of a
1163 1588 1319 1666 K
1583 1620 2454 1685 Miner—Amende to Martin Luwrence
1805 1676 2709 1748 tion which one finds in the work of the great
970 1689 1782 1749 AM pained with Mesers. Rontledge.
1813 1727 2720 1782 Renaissance goldsmiths, such as Cellini, a sort
976 1734 1778 1793 When some years ago they took to print¬
1800 1775 2707 1830 of polished brilliance amounting almost to in¬
970 1778 1776 1825 ing their books really well, they did it
1805 1810 2720 1882 solence. Aria da Capo?' is one of the most
868 1809 1785 1877 + with a will, and Lthere is more joy over
1806 1857 2623 1908 perfect things of its kind that 1 have read.
877 1862 1789 1909 one sinnner,? etc. But now they send mie Pro¬
1846 1878 2723 1948 Prom Miss Millay's poctic drama I pass hy!
869 1898 1788 1962 fessor Robertson'’s interesting little boolt on
1799 1929 2732 2004 natural transition to some of the new poetry K
867 1943 1784 1999 Gocthe (6s. net), with äll the pages jumbled up
1811 1961 2734 2045 which is the distinctive sign, not, as tradition
868 1992 1781 2037 and those bearing on“ Faust“’ and“ Hermann
1809 2016 2721 2074 wouid have it, of Spring, but of Autumn, whien
871 2025 1786 2080 und Dorothea'’ completely missing. Oh, Rout¬
1809 2042 2734 2127 publishers publish and poets do not draw ##
874 2068 1783 2113 ledge, Routledge, you of all people! Gocthe
1813 2099 2007 2155 royalties.
865 2107 1787 2170 combined in himself the best qualities #f tie
871 2136 1796 2215 classic and the romantie type ol mind. lietoct
870 2194 1790 2241 the embryo German literature and imposed upon
871 2235 1799 2296 it an acute sense of form, and that in itschf was
873 2273 1787 2336 a worthy contribution. As a poet-dramatist he
877 2323 1795 2368 will never rank as high as ihe Shakespeure
877 2355 1801 2412 whom he so loved and revcred. As a philoso¬
860 2394 1802 2440 pher, hie is beaten by many of his own fellow¬
870 2435 1787 2492 countrymen; but taking him all round he consti¬
880 2456 1802 2536 tutes a very signilicant ßgure, not only in Ger¬
872 2518 1795 2578 man but in world literature. Professor Robert¬
872 2562 1795 2615 son’s book cannot do otherwise than make his
878 2606 1659 2672 signilicance clearer to English readers.
1147 2653 1222 2703 *
1105 2697 1797 2753 Gocthe, as poct-dramatist, natur¬
959 2735 1791 2794 Three ally turns my thoughits to poetry
881 2778 1810 2847 New Plays and drama. This weck has
1124 2812 1799 2874 scen the publication of new
871 2854 1809 2919 plays by ihrec of the most important modern
876 2910 1799 2957 dramatists, namely,“ Professor Bernhardi,? by
877 2942 1796 3002 Arthur Schnitzler (Faber and Gwyer, 6s.),
1451 2977 1799 3037 by Karel Capek
895 2985 1431 3045 * The. Macropulos Secret,
875 3021 1785 3085 (Robert Helden, 5s.), and Marco Millions, *
874 3061 1791 3121 by Eugene O’Neill (Cape, 5s.). Each of them
886 3101 1798 3161 approaches perfection in the technicalities of
881 3130 1806 3205 the dramatist’s craft, altheugh their treutment
882 3183 1802 3239 is widely different. And each of them gives one
880 3227 1252 3286 furiously to think.
924 3256 1791 3328 Schnitzler’s play deals with pre-war Austria:
882 3308 1809 3361 Dr. Bernbardi, thie principal of a hospital and
881 3346 1798 3411 medical school, declines to admit a priest to the
874 3388 1795 3434 bedside of a dring patient, who, owing to the
877 3427 1804 3481 condition knoun to medicine as Euphoria, feels
872 3468 1805 3529 perfectly well and conlidently anticipates getting
885 3511 1800 3561 up and going home in à lew hours. The fact
876 3552 1805 3619 that he is a Jew causes the Clerical Party in
877 3590 1799 3644 Parliament to get up on its hind legs, and bis
876 3632 1795 3686 case becomes a mutter of political discussion.
881 3680 1808 3740 We##re shown tlie renctions of his colleagues
881 3714 1798 3777 and friends, and we are asked to put to our¬
877 3753 1807 3804 selves tie question: Was he riglt? That is
883 3802 979 3851 all.
927 3815 1804 3894 Capek handles the same theme as Bernard
879 3875 1799 3935 Shaw in" Back to Methuselah,? but in a dif¬
886 3912 1796 3971 terent manner and from an altegether dilferent
881 3954 1801 4016 point of view. Macropulos Seeret'' is
884 3989 1812 4053 that of the Pelizir of lile,“ and Elina Macropu¬
879 4049 1804 4087 los, to whem it was administered in 1597, still
880 4075 1797 4131 survives in 1927. Inthe thrce centuries that
881 4109 1838 4171 intereened she has had muny lovers und many
