<?xml version="1.0" encoding="UTF-8" standalone="yes"?>
<PcGts xmlns="http://schema.primaresearch.org/PAGE/gts/pagecontent/2013-07-15" xmlns:xsi="http://www.w3.org/2001/XMLSchema-instance" xsi:schemaLocation="http://schema.primaresearch.org/PAGE/gts/pagecontent/2013-07-15 http://schema.primaresearch.org/PAGE/gts/pagecontent/2013-07-15/pagecontent.xsd">
    <Metadata>
        <Creator>prov=University of Rostock/Institute of Mathematics/CITlab/Gundram Leifert/gundram.leifert@uni-rostock.de:name=ONB_Newseye_GT_M1+(htr_id=10810)::::v=2.4.2
prov=University of Rostock/Institute of Mathematics/CITlab/Tobias Gruening/tobias.gruening@uni-rostock.de:name=de.uros.citlab.module.baseline2polygon.B2PSeamMultiOriented:v=2.4.2
prov=University of Rostock/Institute of Mathematics/CITlab/Tobias Gruening/tobias.gruening@uni-rostock.de:name=/mnt/transkribus/LA/DEA/URO/LA_news_onb_att.pb:de.uros.citlab.segmentation.CITlab_LA_ML:v=2.4.2
Transkribus</Creator>
        <Created>2019-10-07T11:13:59.960+02:00</Created>
        <LastChange>2019-10-08T02:35:29.274+02:00</LastChange>
        <TranskribusMetadata docId="223963" pageId="9496850" pageNr="455" tsid="16498089" status="IN_PROGRESS" userId="40391" imgUrl="https://files.transkribus.eu/Get?id=UCBYHCPLOJDOOAVPMIGYYYQM&amp;fileType=view" xmlUrl="https://files.transkribus.eu/Get?id=NUBFBHEXFFDZFNOOPWCAEQSA" imageId="6187077"/>
    </Metadata>
    <Page imageFilename="223963_0455.jpeg" imageWidth="3392" imageHeight="4352">
        <ReadingOrder>
            <OrderedGroup id="ro_1711442614705" caption="Regions reading order">
                <RegionRefIndexed index="0" regionRef="r1"/>
                <RegionRefIndexed index="1" regionRef="r2"/>
            </OrderedGroup>
        </ReadingOrder>
        <TextRegion orientation="0.0" id="r1" custom="readingOrder {index:0;}">
            <Coords points="250,218 250,4176 2476,4176 2476,218"/>
            <TextLine id="r1l1" custom="readingOrder {index:0;}">
                <Coords points="683,240 694,244 716,241 726,253 736,258 758,257 769,246 777,246 778,208 770,208 762,214 736,202 723,215 715,215 705,213 695,203 684,203"/>
                <Baseline points="690,243 716,248 743,249 770,245"/>
                <TextEquiv>
                    <Unicode>P S</Unicode>
                </TextEquiv>
            </TextLine>
            <TextLine id="r1l2" custom="readingOrder {index:1;}">
                <Coords points="1598,276 1675,290 1811,260 1847,278 1882,263 1937,287 1972,269 2009,283 2052,268 2053,207 1950,197 1875,212 1840,196 1805,219 1731,223 1599,197"/>
                <Baseline points="1606,255 1631,255 1657,255 1683,255 1709,255 1734,255 1760,256 1786,256 1812,257 1837,257 1863,258 1889,258 1915,259 1940,259 1966,259 1992,259 2018,260 2044,260"/>
                <TextEquiv>
                    <Unicode>box 31/2</Unicode>
                </TextEquiv>
            </TextLine>
            <TextLine id="r1l3" custom="readingOrder {index:2;}">
                <Coords points="243,240 650,289 1422,297 1459,220 891,207 729,256 650,196 243,218"/>
                <Baseline points="250,241 310,247 370,252 430,256 490,260 550,263 610,265 670,267 730,269 790,270 850,271 910,271 970,272 1030,272 1090,272 1150,272 1210,272 1270,272 1330,272 1390,272 1450,272"/>
                <TextEquiv>
                    <Unicode>25 Prfzon Bernhandi</Unicode>
                </TextEquiv>
            </TextLine>
            <TextLine id="r1l4" custom="readingOrder {index:3;}">
                <Coords points="1386,598 2031,564 2112,543 2110,503 1818,539 1693,507 1554,561 1447,546 1384,566"/>
                <Baseline points="1394,596 1429,594 1465,592 1500,590 1536,587 1571,585 1607,583 1642,581 1678,578 1713,576 1749,573 1785,570 1820,568 1856,566 1891,563 1927,561 1962,558 1998,556 2033,554 2069,552 2105,550"/>
                <TextEquiv>
                    <Unicode>. —. — —</Unicode>
                </TextEquiv>
            </TextLine>
            <TextLine id="r1l5" custom="readingOrder {index:4;}">
                <Coords points="1971,607 2008,593 2037,607 2080,603 2105,623 2162,607 2177,618 2197,607 2268,613 2270,553 2245,547 2193,559 2179,547 2150,556 2119,543 2048,549 2030,564 1973,563"/>
                <Baseline points="1980,587 2005,588 2030,589 2056,589 2081,591 2107,593 2132,595 2158,596 2183,597 2209,598 2234,598 2260,597"/>
                <TextEquiv>
                    <Unicode>Z3DEZ 1918</Unicode>
                </TextEquiv>
            </TextLine>
            <TextLine id="r1l6" custom="readingOrder {index:5;}">
                <Coords points="1660,719 1723,708 1772,724 1825,700 1850,714 1934,697 2125,722 2122,624 1998,624 1940,643 1888,627 1866,647 1785,633 1742,652 1658,640"/>
                <Baseline points="1667,702 1692,700 1717,698 1742,698 1767,697 1792,696 1817,695 1842,695 1867,694 1892,694 1917,694 1942,693 1967,692 1992,692 2017,691 2042,690 2067,689 2092,688 2117,686"/>
                <TextEquiv>
                    <Unicode>enes Wiener Kurnol Wie</Unicode>
                </TextEquiv>
            </TextLine>
            <TextLine id="r1l7" custom="readingOrder {index:6;}">
                <Coords points="1347,939 1399,938 1419,923 1467,931 1479,919 1500,930 1565,911 1563,842 1544,846 1508,827 1484,840 1428,816 1343,842"/>
                <Baseline points="1354,908 1379,907 1404,905 1430,904 1455,903 1480,903 1506,902 1531,901 1557,899"/>
                <TextEquiv>
                    <Unicode>Aus</Unicode>
                </TextEquiv>
            </TextLine>
            <TextLine id="r1l8" custom="readingOrder {index:7;}">
                <Coords points="1588,925 1700,907 1751,941 2037,925 2443,953 2484,952 2485,923 2346,904 2270,842 2158,819 1591,821"/>
                <Baseline points="1596,902 1640,906 1684,909 1728,911 1772,913 1816,914 1860,915 1904,916 1948,917 1992,917 2036,918 2080,918 2124,919 2168,920 2212,922 2256,924 2300,926 2344,930 2388,934 2432,939 2476,945"/>
                <TextEquiv>
                    <Unicode>Artur Schnißlers</Unicode>
                </TextEquiv>
            </TextLine>
            <TextLine id="r1l9" custom="readingOrder {index:8;}">
                <Coords points="1610,1037 1757,1007 1908,1034 1944,1018 2010,1022 2031,1003 2047,1016 2092,994 2093,956 2067,964 2028,937 1893,926 1751,944 1729,925 1611,930"/>
                <Baseline points="1618,1002 1643,1000 1669,999 1695,998 1721,997 1747,997 1773,997 1799,997 1825,998 1851,998 1876,999 1902,999 1928,1000 1954,1001 1980,1001 2006,1002 2032,1002 2058,1002 2084,1002"/>
                <TextEquiv>
                    <Unicode>Elternhaus.</Unicode>
                </TextEquiv>
            </TextLine>
            <TextLine id="r1l10" custom="readingOrder {index:9;}">
                <Coords points="1772,1091 1788,1086 1811,1096 1853,1076 1873,1078 1883,1070 1891,1070 1891,1033 1882,1032 1875,1037 1864,1031 1838,1029 1827,1022 1817,1031 1806,1031 1792,1045 1773,1043"/>
                <Baseline points="1780,1070 1805,1066 1831,1068 1857,1069 1883,1069"/>
                <TextEquiv>
                    <Unicode>Von</Unicode>
                </TextEquiv>
            </TextLine>
            <TextLine id="r1l11" custom="readingOrder {index:10;}">
                <Coords points="1587,1142 1642,1138 1672,1158 1704,1143 1740,1156 1776,1140 1836,1155 1921,1143 1984,1166 2041,1161 2090,1141 2091,1070 1998,1092 1876,1084 1832,1103 1742,1079 1695,1096 1629,1084 1588,1103"/>
                <Baseline points="1595,1129 1620,1129 1646,1129 1671,1129 1697,1129 1723,1129 1748,1129 1774,1129 1800,1129 1825,1129 1851,1129 1876,1130 1902,1130 1928,1130 1953,1131 1979,1131 2005,1132 2030,1132 2056,1133 2082,1133"/>
                <TextEquiv>
                    <Unicode>Klothilde Benedikt.</Unicode>
                </TextEquiv>
            </TextLine>
            <TextLine id="r1l12" custom="readingOrder {index:11;}">
                <Coords points="1199,1210 2474,1211 2474,1168 2345,1135 1974,1174 1199,1158"/>
                <Baseline points="1206,1207 1269,1204 1332,1201 1395,1199 1458,1198 1521,1197 1584,1197 1647,1197 1710,1197 1773,1198 1836,1199 1899,1200 1962,1201 2025,1202 2088,1203 2151,1203 2214,1204 2277,1203 2340,1202 2403,1201 2466,1199"/>
                <TextEquiv>
                    <Unicode>(Anläßlich der Wiener Uraufführung von</Unicode>
                </TextEquiv>
            </TextLine>
            <TextLine id="r1l13" custom="readingOrder {index:12;}">
                <Coords points="1481,1258 1726,1279 1842,1250 1889,1274 2179,1267 2199,1265 2200,1205 1906,1222 1840,1201 1664,1218 1618,1197 1481,1227"/>
                <Baseline points="1489,1249 1524,1248 1559,1247 1594,1247 1629,1246 1664,1246 1699,1246 1734,1246 1769,1247 1804,1247 1840,1247 1875,1248 1910,1248 1945,1248 1980,1249 2015,1249 2050,1249 2085,1249 2120,1249 2155,1248 2191,1248"/>
                <TextEquiv>
                    <Unicode>„Professoi Bernhardi“.)</Unicode>
                </TextEquiv>
            </TextLine>
            <TextLine id="r1l14" custom="readingOrder {index:13;}">
                <Coords points="1326,1324 2385,1337 2462,1315 2462,1271 1326,1273"/>
                <Baseline points="1334,1311 1390,1312 1446,1313 1502,1314 1558,1315 1614,1315 1670,1316 1726,1316 1782,1317 1838,1317 1894,1318 1950,1318 2006,1318 2062,1318 2118,1318 2174,1317 2230,1317 2286,1317 2342,1316 2398,1315 2455,1315"/>
                <TextEquiv>
                    <Unicode>Die endlich in Wien freigegebene Aerztetragödie sviegelt</Unicode>
                </TextEquiv>
            </TextLine>
            <TextLine id="r1l15" custom="readingOrder {index:14;}">
                <Coords points="1213,1377 2463,1364 2463,1333 2285,1311 1604,1347 1214,1314"/>
                <Baseline points="1221,1361 1282,1361 1344,1361 1406,1361 1468,1362 1529,1362 1591,1363 1653,1364 1715,1364 1776,1365 1838,1365 1900,1366 1962,1367 2023,1367 2085,1368 2147,1368 2209,1368 2270,1368 2332,1368 2394,1368 2456,1368"/>
                <TextEquiv>
                    <Unicode>Zeiten wider, als „Pegasus noch im Joche war“ und als</Unicode>
                </TextEquiv>
            </TextLine>
            <TextLine id="r1l16" custom="readingOrder {index:15;}">
                <Coords points="1209,1418 2480,1426 2461,1373 1210,1374"/>
                <Baseline points="1218,1407 1280,1407 1343,1407 1406,1408 1468,1408 1531,1409 1594,1409 1656,1410 1719,1411 1782,1411 1845,1412 1907,1413 1970,1414 2033,1414 2095,1415 2158,1416 2221,1416 2283,1417 2346,1417 2409,1417 2472,1417"/>
                <TextEquiv>
                    <Unicode>Assisteut meines und dann seines Vaters an der Allgemeinen</Unicode>
                </TextEquiv>
            </TextLine>
            <TextLine id="r1l17" custom="readingOrder {index:16;}">
                <Coords points="1203,1478 2406,1475 2472,1465 2472,1425 1203,1426"/>
                <Baseline points="1211,1457 1273,1456 1336,1456 1398,1456 1461,1456 1524,1456 1586,1456 1649,1457 1712,1458 1774,1459 1837,1459 1900,1460 1962,1461 2025,1462 2088,1463 2150,1463 2213,1464 2276,1464 2338,1464 2401,1464 2464,1463"/>
                <TextEquiv>
                    <Unicode>Poliklinik Dienst tat. Dieses Ergänzungsinstitut der Wiener</Unicode>
                </TextEquiv>
            </TextLine>
            <TextLine id="r1l18" custom="readingOrder {index:17;}">
                <Coords points="1211,1504 2023,1534 2452,1501 2451,1466 1212,1474"/>
                <Baseline points="1219,1507 1280,1506 1341,1505 1402,1504 1464,1504 1525,1504 1586,1504 1647,1505 1709,1506 1770,1506 1831,1507 1892,1508 1954,1509 2015,1510 2076,1511 2137,1511 2199,1512 2260,1512 2321,1512 2382,1512 2444,1512"/>
                <TextEquiv>
                    <Unicode>Universität war unter der Direktion von Schnitzlei sen. der Mittel¬</Unicode>
                </TextEquiv>
            </TextLine>
            <TextLine id="r1l19" custom="readingOrder {index:18;}">
                <Coords points="1207,1567 2287,1576 2429,1565 2462,1521 1207,1522"/>
                <Baseline points="1215,1554 1280,1554 1345,1553 1410,1553 1475,1553 1541,1554 1606,1554 1671,1555 1736,1556 1801,1557 1867,1557 1932,1558 1997,1559 2062,1560 2127,1560 2193,1561 2258,1561 2323,1561 2388,1561 2454,1561"/>
                <TextEquiv>
                    <Unicode>punkt erbitterter Kämpfe, welche fast die ganze Aerzteschaft und</Unicode>
                </TextEquiv>
            </TextLine>
            <TextLine id="r1l20" custom="readingOrder {index:19;}">
                <Coords points="1201,1604 2353,1629 2468,1598 2469,1562 1201,1563"/>
                <Baseline points="1209,1603 1271,1603 1334,1603 1396,1603 1459,1604 1522,1604 1584,1604 1647,1605 1709,1605 1772,1606 1835,1606 1897,1606 1960,1607 2022,1607 2085,1607 2148,1608 2210,1608 2273,1608 2335,1608 2398,1608 2461,1607"/>
                <TextEquiv>
                    <Unicode>die Mehrzahl der Professoren, mit Ausnahme von Rolitansly und</Unicode>
                </TextEquiv>
            </TextLine>
            <TextLine id="r1l21" custom="readingOrder {index:20;}">
                <Coords points="1203,1653 2457,1661 2442,1610 1203,1615"/>
                <Baseline points="1211,1653 1272,1653 1334,1653 1396,1653 1458,1653 1520,1653 1582,1654 1644,1654 1706,1654 1768,1655 1830,1655 1891,1655 1953,1656 2015,1656 2077,1656 2139,1657 2201,1657 2263,1657 2325,1658 2387,1658 2449,1658"/>
                <TextEquiv>
                    <Unicode>Albert, gegen jene Schar von Dozenten austrengte, die sich hier</Unicode>
                </TextEquiv>
            </TextLine>
            <TextLine id="r1l22" custom="readingOrder {index:21;}">
                <Coords points="1199,1701 2473,1705 2413,1662 2208,1653 1199,1660"/>
                <Baseline points="1207,1700 1269,1700 1332,1700 1395,1700 1458,1700 1521,1701 1584,1701 1647,1701 1710,1702 1773,1702 1836,1702 1898,1702 1961,1703 2024,1703 2087,1703 2150,1704 2213,1704 2276,1704 2339,1704 2402,1704 2465,1704"/>
                <TextEquiv>
                    <Unicode>wissenschaftliches Material schufen, nachdem sie durch ihre Leistungens</Unicode>
                </TextEquiv>
            </TextLine>
            <TextLine id="r1l23" custom="readingOrder {index:22;}">
                <Coords points="1211,1748 2278,1773 2463,1726 1211,1701"/>
                <Baseline points="1219,1749 1280,1748 1342,1747 1404,1747 1466,1747 1528,1747 1589,1747 1651,1748 1713,1748 1775,1749 1837,1749 1898,1750 1960,1751 2022,1751 2084,1752 2146,1752 2207,1752 2269,1752 2331,1752 2393,1752 2455,1752"/>
                <TextEquiv>
                    <Unicode>einen großen Teil der vornehmsten Wiener und Fremdenpraxis</Unicode>
                </TextEquiv>
            </TextLine>
            <TextLine id="r1l24" custom="readingOrder {index:23;}">
                <Coords points="1206,1794 2459,1823 2459,1753 1206,1764"/>
                <Baseline points="1213,1794 1274,1795 1336,1796 1398,1797 1460,1798 1522,1798 1584,1798 1646,1798 1708,1798 1770,1798 1832,1798 1893,1798 1955,1798 2017,1798 2079,1798 2141,1799 2203,1800 2265,1801 2327,1802 2389,1803 2451,1805"/>
                <TextEquiv>
                    <Unicode>erlangt hatten. Diese Praxis brachte übrigens Arturs Valer,</Unicode>
                </TextEquiv>
            </TextLine>
            <TextLine id="r1l25" custom="readingOrder {index:24;}">
                <Coords points="1204,1850 2465,1846 2354,1800 1204,1809"/>
                <Baseline points="1213,1846 1275,1845 1337,1845 1399,1845 1461,1845 1524,1845 1586,1846 1648,1846 1710,1847 1772,1847 1835,1848 1897,1848 1959,1849 2021,1849 2083,1849 2146,1849 2208,1849 2270,1849 2332,1848 2394,1847 2457,1846"/>
                <TextEquiv>
                    <Unicode>Regierungsrat Johann Schnitzler. bei seinen Grandseigneurallüren</Unicode>
                </TextEquiv>
            </TextLine>
            <TextLine id="r1l26" custom="readingOrder {index:25;}">
                <Coords points="1213,1894 2469,1903 2442,1851 1213,1850"/>
                <Baseline points="1221,1890 1283,1891 1345,1892 1407,1893 1469,1894 1531,1894 1593,1895 1655,1895 1717,1895 1779,1896 1841,1896 1903,1896 1965,1896 2027,1896 2089,1896 2151,1896 2213,1896 2275,1897 2337,1897 2399,1897 2461,1898"/>
                <TextEquiv>
                    <Unicode>und seiner vollständigen Gleichgültigkeit dem Erwerbsleben gegenüber</Unicode>
                </TextEquiv>
            </TextLine>
            <TextLine id="r1l27" custom="readingOrder {index:26;}">
                <Coords points="1213,1947 2457,1963 2457,1904 2411,1901 1213,1917"/>
                <Baseline points="1221,1940 1282,1941 1343,1941 1405,1942 1466,1942 1528,1942 1589,1942 1650,1943 1712,1943 1773,1943 1835,1943 1896,1944 1957,1944 2019,1944 2080,1945 2142,1945 2203,1945 2264,1946 2326,1946 2387,1947 2449,1948"/>
                <TextEquiv>
                    <Unicode>mehr Orden und gesellschaftliche Erfolge als materiellen Gewinn.</Unicode>
                </TextEquiv>
            </TextLine>
            <TextLine id="r1l28" custom="readingOrder {index:27;}">
                <Coords points="1214,2006 2475,1995 2475,1959 2341,1948 1214,1946"/>
                <Baseline points="1222,1991 1284,1991 1346,1991 1408,1991 1471,1991 1533,1991 1595,1992 1658,1992 1720,1992 1782,1993 1845,1993 1907,1994 1969,1994 2031,1994 2094,1995 2156,1995 2218,1995 2281,1995 2343,1994 2405,1994 2468,1993"/>
                <TextEquiv>
                    <Unicode>Im gastlichen Hause am Burgring habe ich als Kind und jungesi</Unicode>
                </TextEquiv>
            </TextLine>
            <TextLine id="r1l29" custom="readingOrder {index:28;}">
                <Coords points="1206,2053 2432,2061 2460,1998 1206,2009"/>
                <Baseline points="1213,2040 1275,2040 1337,2039 1399,2039 1461,2039 1523,2039 1585,2039 1647,2039 1709,2040 1771,2040 1833,2040 1895,2040 1957,2041 2019,2041 2081,2041 2143,2041 2205,2041 2267,2041 2329,2041 2391,2040 2453,2040"/>
                <TextEquiv>
                    <Unicode>Mädchen die interessantesten Persönlichkeiten kennen geleint, auch</Unicode>
                </TextEquiv>
            </TextLine>
            <TextLine id="r1l30" custom="readingOrder {index:29;}">
                <Coords points="1211,2091 2425,2111 2464,2047 1211,2058"/>
                <Baseline points="1219,2089 1280,2088 1342,2088 1404,2087 1466,2087 1528,2088 1590,2088 1651,2088 1713,2089 1775,2089 1837,2090 1899,2090 1961,2091 2023,2091 2084,2091 2146,2092 2208,2092 2270,2091 2332,2091 2394,2090 2456,2089"/>
                <TextEquiv>
                    <Unicode>am selben Fenster mit der Wolter dem Kaiserzelt gegenüber</Unicode>
                </TextEquiv>
            </TextLine>
            <TextLine id="r1l31" custom="readingOrder {index:30;}">
                <Coords points="1209,2147 2405,2160 2463,2151 2463,2101 1209,2114"/>
                <Baseline points="1217,2138 1282,2137 1347,2137 1412,2136 1477,2136 1543,2136 1608,2136 1673,2136 1738,2136 1803,2137 1869,2137 1934,2137 1999,2138 2064,2138 2129,2138 2195,2138 2260,2138 2325,2138 2390,2138 2456,2138"/>
                <TextEquiv>
                    <Unicode>„Makarts Festzug“ genossen. Unsere Familienbeziehungen waren</Unicode>
                </TextEquiv>
            </TextLine>
            <TextLine id="r1l32" custom="readingOrder {index:31;}">
                <Coords points="1205,2189 2461,2186 2461,2151 2367,2142 1205,2148"/>
                <Baseline points="1213,2184 1275,2184 1337,2184 1399,2185 1461,2185 1523,2185 1585,2185 1647,2185 1709,2186 1771,2186 1833,2186 1895,2186 1957,2186 2019,2186 2081,2187 2143,2187 2205,2186 2267,2186 2329,2186 2391,2186 2453,2186"/>
                <TextEquiv>
                    <Unicode>alte, da Arturs Großvater, Dr. Markbreiter, der Hausarzt</Unicode>
                </TextEquiv>
            </TextLine>
            <TextLine id="r1l33" custom="readingOrder {index:32;}">
                <Coords points="1209,2236 2462,2251 2398,2192 2161,2221 1209,2184"/>
                <Baseline points="1217,2231 1278,2231 1340,2231 1402,2231 1464,2232 1526,2232 1588,2232 1649,2233 1711,2233 1773,2233 1835,2234 1897,2234 1959,2235 2021,2235 2082,2235 2144,2236 2206,2236 2268,2236 2330,2236 2392,2236 2454,2235"/>
                <TextEquiv>
                    <Unicode>meiner Großeltern war, dem mein Vater zum Teil die Er¬</Unicode>
                </TextEquiv>
            </TextLine>
            <TextLine id="r1l34" custom="readingOrder {index:33;}">
                <Coords points="1212,2289 2459,2287 2415,2237 1213,2241"/>
                <Baseline points="1221,2277 1282,2278 1344,2279 1405,2280 1467,2280 1528,2281 1590,2281 1651,2282 1713,2282 1774,2282 1836,2282 1897,2282 1959,2282 2020,2282 2082,2282 2143,2282 2205,2281 2266,2281 2328,2281 2389,2281 2451,2280"/>
                <TextEquiv>
                    <Unicode>laubnis zum Studium und die werivollsten literarischen und</Unicode>
                </TextEquiv>
            </TextLine>
            <TextLine id="r1l35" custom="readingOrder {index:34;}">
                <Coords points="1209,2341 2462,2330 2462,2289 2352,2279 2049,2312 1969,2280 1209,2289"/>
                <Baseline points="1217,2326 1278,2326 1340,2325 1402,2325 1464,2325 1526,2325 1588,2325 1649,2326 1711,2326 1773,2326 1835,2327 1897,2327 1959,2328 2021,2328 2082,2328 2144,2328 2206,2328 2268,2328 2330,2328 2392,2327 2454,2326"/>
                <TextEquiv>
                    <Unicode>medizinischen Auregungen verdankte. Der hochbegabte Manns</Unicode>
                </TextEquiv>
            </TextLine>
            <TextLine id="r1l36" custom="readingOrder {index:35;}">
                <Coords points="1210,2381 2447,2394 2403,2331 1210,2348"/>
                <Baseline points="1218,2375 1279,2375 1340,2375 1401,2376 1462,2376 1523,2375 1584,2375 1645,2375 1706,2375 1767,2375 1829,2375 1890,2375 1951,2375 2012,2375 2073,2375 2134,2375 2195,2375 2256,2375 2317,2375 2378,2375 2440,2375"/>
                <TextEquiv>
                    <Unicode>gründete die „Medizinische Presse“, das erste medizinische Fach¬</Unicode>
                </TextEquiv>
            </TextLine>
            <TextLine id="r1l37" custom="readingOrder {index:36;}">
                <Coords points="1209,2427 2453,2446 2440,2393 2096,2371 1209,2386"/>
                <Baseline points="1217,2423 1278,2423 1339,2423 1401,2423 1462,2423 1523,2423 1585,2423 1646,2422 1707,2422 1769,2422 1830,2422 1891,2421 1953,2421 2014,2421 2075,2421 2137,2421 2198,2421 2259,2421 2321,2421 2382,2422 2444,2422"/>
                <TextEquiv>
                    <Unicode>blatt, desse.. Ruf über Wiens Grenzen hinausging. Bei dem an¬</Unicode>
                </TextEquiv>
            </TextLine>
            <TextLine id="r1l38" custom="readingOrder {index:37;}">
                <Coords points="1206,2482 1585,2487 1662,2459 1695,2485 1975,2487 1975,2441 1920,2429 1804,2448 1775,2429 1477,2446 1206,2427"/>
                <Baseline points="1214,2467 1251,2468 1289,2469 1327,2469 1364,2469 1402,2470 1440,2469 1477,2469 1515,2469 1553,2469 1591,2468 1628,2468 1666,2468 1704,2468 1741,2468 1779,2468 1817,2468 1854,2468 1892,2469 1930,2469 1968,2471"/>
                <TextEquiv>
                    <Unicode>strengenden Beruf eines Wiener</Unicode>
                </TextEquiv>
            </TextLine>
            <TextLine id="r1l39" custom="readingOrder {index:38;}">
                <Coords points="2021,2466 2072,2484 2153,2479 2175,2492 2210,2478 2244,2497 2328,2473 2329,2426 2223,2442 2198,2442 2184,2427 2145,2442 2116,2429 2089,2445 2070,2430 2021,2445"/>
                <Baseline points="2028,2468 2054,2469 2081,2469 2107,2469 2134,2469 2160,2469 2187,2469 2213,2469 2240,2470 2266,2471 2293,2472 2320,2475"/>
                <TextEquiv>
                    <Unicode>Vorstadtarztes,</Unicode>
                </TextEquiv>
            </TextLine>
            <TextLine id="r1l40" custom="readingOrder {index:39;}">
                <Coords points="1215,2527 2453,2544 2453,2505 2358,2480 1215,2486"/>
                <Baseline points="1223,2519 1284,2519 1345,2519 1406,2519 1467,2519 1528,2519 1589,2519 1650,2519 1711,2518 1772,2518 1833,2518 1894,2518 1955,2518 2016,2518 2077,2518 2138,2518 2199,2518 2260,2519 2321,2519 2382,2520 2444,2521"/>
                <TextEquiv>
                    <Unicode>für sechs Kinder zu sorgen hatte und in seltenem</Unicode>
                </TextEquiv>
            </TextLine>
            <TextLine id="r1l41" custom="readingOrder {index:40;}">
                <Coords points="1563,2574 1570,2576 1572,2574 1576,2578 1585,2573 1588,2577 1596,2576 1597,2578 1607,2578 1612,2539 1605,2538 1599,2542 1596,2541 1593,2544 1590,2540 1583,2541 1578,2535 1568,2534"/>
                <Baseline points="1572,2560 1600,2564"/>
                <TextEquiv>
                    <Unicode>e</Unicode>
                </TextEquiv>
            </TextLine>
            <TextLine id="r1l42" custom="readingOrder {index:41;}">
                <Coords points="2329,2587 2369,2574 2396,2584 2410,2573 2441,2593 2452,2593 2451,2525 2443,2525 2429,2537 2410,2537 2394,2529 2388,2533 2378,2525 2361,2533 2356,2528 2347,2538 2328,2536"/>
                <Baseline points="2336,2565 2363,2566 2390,2565 2417,2564 2444,2565"/>
                <TextEquiv>
                    <Unicode>eines</Unicode>
                </TextEquiv>
            </TextLine>
            <TextLine id="r1l43" custom="readingOrder {index:42;}">
                <Coords points="1624,2572 1710,2585 1753,2559 1882,2585 1944,2565 2008,2588 2168,2572 2260,2592 2295,2584 2296,2548 2047,2538 2025,2517 1936,2551 1895,2527 1624,2533"/>
                <Baseline points="1632,2564 1664,2564 1697,2565 1730,2565 1763,2566 1796,2566 1828,2566 1861,2566 1894,2566 1927,2566 1960,2566 1992,2566 2025,2566 2058,2566 2091,2566 2123,2567 2156,2568 2189,2568 2222,2570 2255,2571 2288,2573"/>
                <TextEquiv>
                    <Unicode>Hilfe seines Schwiegervaters,</Unicode>
                </TextEquiv>
            </TextLine>
            <TextLine id="r1l44" custom="readingOrder {index:43;}">
                <Coords points="1210,2575 1324,2581 1357,2568 1380,2584 1401,2574 1458,2587 1457,2546 1413,2540 1393,2527 1360,2526 1334,2537 1293,2523 1210,2527"/>
                <Baseline points="1218,2563 1243,2567 1269,2569 1295,2569 1321,2569 1346,2568 1372,2567 1398,2566 1424,2566 1450,2566"/>
                <TextEquiv>
                    <Unicode>Mannessto.,</Unicode>
                </TextEquiv>
            </TextLine>
            <TextLine id="r1l45" custom="readingOrder {index:44;}">
                <Coords points="1990,2621 2105,2631 2121,2620 2177,2631 2214,2619 2229,2631 2240,2620 2262,2624 2263,2592 2193,2586 2166,2573 2141,2584 2130,2574 2110,2587 2075,2575 2054,2585 1990,2581"/>
                <Baseline points="1997,2612 2022,2613 2048,2613 2074,2613 2100,2614 2126,2614 2151,2614 2177,2614 2203,2614 2229,2614 2255,2613"/>
                <TextEquiv>
                    <Unicode>verschmähte,</Unicode>
                </TextEquiv>
            </TextLine>
            <TextLine id="r1l46" custom="readingOrder {index:45;}">
                <Coords points="1205,2616 1521,2613 1625,2637 1835,2619 1895,2638 1945,2626 1946,2599 1747,2562 1712,2585 1570,2572 1522,2595 1205,2572"/>
                <Baseline points="1213,2613 1249,2613 1285,2612 1321,2612 1358,2612 1394,2612 1430,2612 1466,2613 1503,2613 1539,2613 1575,2613 1611,2613 1648,2614 1684,2614 1720,2614 1756,2614 1793,2615 1829,2615 1865,2615 1901,2615 1938,2615"/>
                <TextEquiv>
                    <Unicode>baronisierten Großgrundbesitzers,</Unicode>
                </TextEquiv>
            </TextLine>
            <TextLine id="r1l47" custom="readingOrder {index:46;}">
                <Coords points="2314,2614 2327,2616 2342,2632 2379,2622 2399,2626 2415,2639 2426,2638 2440,2627 2464,2628 2465,2596 2444,2597 2410,2573 2397,2583 2371,2573 2341,2583 2323,2600 2315,2600"/>
                <Baseline points="2322,2613 2348,2614 2375,2614 2402,2615 2429,2616 2456,2617"/>
                <TextEquiv>
                    <Unicode>oblag</Unicode>
                </TextEquiv>
            </TextLine>
            <TextLine id="r1l48" custom="readingOrder {index:47;}">
                <Coords points="1199,2661 2296,2662 2466,2697 2466,2623 1199,2620"/>
                <Baseline points="1207,2658 1269,2660 1332,2661 1394,2662 1457,2663 1519,2663 1582,2664 1644,2664 1707,2664 1769,2664 1832,2664 1895,2664 1957,2664 2020,2664 2082,2664 2145,2664 2207,2664 2270,2664 2332,2664 2395,2664 2458,2664"/>
                <TextEquiv>
                    <Unicode>die Redaktion zum größten Teil seiner hochbegabien Tochter;</Unicode>
                </TextEquiv>
            </TextLine>
            <TextLine id="r1l49" custom="readingOrder {index:48;}">
                <Coords points="1208,2717 2447,2708 2447,2678 2310,2670 1209,2676"/>
                <Baseline points="1217,2712 1278,2712 1339,2712 1400,2712 1461,2712 1522,2712 1583,2711 1644,2711 1705,2711 1766,2711 1828,2711 1889,2711 1950,2711 2011,2711 2072,2712 2133,2712 2194,2712 2255,2712 2316,2713 2377,2713 2439,2714"/>
                <TextEquiv>
                    <Unicode>Luise, einer angehenden Klaviervirtuosin, deren Mitgift die viel¬</Unicode>
                </TextEquiv>
            </TextLine>
            <TextLine id="r1l50" custom="readingOrder {index:49;}">
                <Coords points="1210,2764 2468,2786 2441,2712 1796,2746 1210,2720"/>
                <Baseline points="1217,2760 1279,2760 1341,2760 1403,2760 1465,2760 1527,2760 1589,2760 1652,2760 1714,2761 1776,2761 1838,2761 1900,2761 1962,2761 2024,2761 2087,2762 2149,2762 2211,2763 2273,2763 2335,2764 2397,2764 2460,2765"/>
                <TextEquiv>
                    <Unicode>begehrte Zeitung bilden sollte. Zu ihrem Aerger und ihrer Ent¬</Unicode>
                </TextEquiv>
            </TextLine>
            <TextLine id="r1l51" custom="readingOrder {index:50;}">
                <Coords points="1211,2810 2450,2830 2450,2784 2373,2768 1211,2777"/>
                <Baseline points="1219,2808 1280,2808 1341,2809 1402,2809 1463,2809 1525,2809 1586,2809 1647,2809 1708,2808 1769,2808 1831,2808 1892,2808 1953,2808 2014,2808 2075,2808 2137,2809 2198,2809 2259,2810 2320,2811 2381,2812 2443,2814"/>
                <TextEquiv>
                    <Unicode>rüstung war sie daher von allen jungen Wiener Aerzten umringt,</Unicode>
                </TextEquiv>
            </TextLine>
            <TextLine id="r1l52" custom="readingOrder {index:51;}">
                <Coords points="1209,2865 2451,2862 2451,2829 2365,2815 1209,2813"/>
                <Baseline points="1217,2857 1278,2856 1339,2855 1401,2855 1462,2855 1523,2855 1585,2855 1646,2855 1707,2856 1769,2856 1830,2857 1891,2857 1953,2857 2014,2858 2075,2858 2137,2858 2198,2857 2259,2857 2321,2856 2382,2855 2444,2853"/>
                <TextEquiv>
                    <Unicode>die ihrem literarischen Talent in der damals ziemlich zeitungs¬</Unicode>
                </TextEquiv>
            </TextLine>
            <TextLine id="r1l53" custom="readingOrder {index:52;}">
                <Coords points="1214,2910 2207,2932 2412,2918 2449,2861 1214,2872"/>
                <Baseline points="1221,2902 1282,2902 1343,2903 1404,2903 1465,2903 1526,2904 1587,2904 1648,2904 1709,2904 1770,2904 1831,2904 1892,2904 1953,2904 2014,2903 2075,2903 2136,2903 2197,2903 2258,2903 2319,2903 2380,2903 2442,2903"/>
                <TextEquiv>
                    <Unicode>armen Epoche die Zügel schießen lassen wollten. Der bildhübsche</Unicode>
                </TextEquiv>
            </TextLine>
            <TextLine id="r1l54" custom="readingOrder {index:53;}">
                <Coords points="1213,2958 2245,2975 2423,2961 2463,2901 2199,2935 1213,2917"/>
                <Baseline points="1221,2950 1282,2950 1344,2951 1405,2951 1467,2951 1529,2951 1590,2951 1652,2952 1714,2952 1775,2952 1837,2952 1899,2953 1960,2953 2022,2953 2084,2953 2145,2954 2207,2954 2269,2954 2330,2954 2392,2954 2454,2954"/>
                <TextEquiv>
                    <Unicode>und blutjunge Student Schnitzler ging als Sieger aus diesem</Unicode>
                </TextEquiv>
            </TextLine>
            <TextLine id="r1l55" custom="readingOrder {index:54;}">
                <Coords points="1214,3022 2405,3020 2448,3006 2448,2946 1214,2962"/>
                <Baseline points="1221,3001 1285,3001 1349,3001 1413,3001 1477,3001 1541,3001 1605,3001 1670,3000 1734,3000 1798,3000 1862,3000 1926,3000 1990,3000 2055,3000 2119,3000 2183,3000 2247,3001 2311,3001 2375,3002 2440,3002"/>
                <TextEquiv>
                    <Unicode>Freierkampfe hervor. Wie oft hat er uns Kindern zur Nach¬</Unicode>
                </TextEquiv>
            </TextLine>
            <TextLine id="r1l56" custom="readingOrder {index:55;}">
                <Coords points="1212,3059 2446,3071 2436,3004 1212,3018"/>
                <Baseline points="1220,3049 1280,3049 1341,3049 1402,3049 1463,3049 1524,3049 1585,3049 1646,3049 1707,3048 1768,3048 1829,3048 1889,3048 1950,3048 2011,3049 2072,3049 2133,3049 2194,3049 2255,3049 2316,3050 2377,3050 2438,3051"/>
                <TextEquiv>
                    <Unicode>eiferung erzählt — er war nämlich durch viele Jahre bis zu</Unicode>
                </TextEquiv>
            </TextLine>
            <TextLine id="r1l57" custom="readingOrder {index:56;}">
                <Coords points="1215,3102 2447,3104 2447,3069 2323,3055 1215,3055"/>
                <Baseline points="1223,3099 1283,3098 1344,3098 1405,3097 1466,3097 1527,3097 1588,3097 1648,3097 1709,3097 1770,3097 1831,3097 1892,3097 1953,3098 2014,3098 2074,3098 2135,3098 2196,3098 2257,3098 2318,3098 2379,3097 2440,3097"/>
                <TextEquiv>
                    <Unicode>seinem Tode unser wöchentlicher anregender Sonntagnachmittags¬</Unicode>
                </TextEquiv>
            </TextLine>
            <TextLine id="r1l58" custom="readingOrder {index:57;}">
                <Coords points="1209,3148 2201,3140 2435,3181 2458,3101 1209,3107"/>
                <Baseline points="1217,3142 1278,3143 1340,3144 1401,3145 1463,3145 1525,3145 1586,3145 1648,3145 1709,3145 1771,3145 1833,3145 1894,3144 1956,3144 2017,3144 2079,3144 2141,3144 2202,3144 2264,3145 2325,3146 2387,3147 2449,3148"/>
                <TextEquiv>
                    <Unicode>besucher — daß er mit seinem noch heute lebenden Vetter, dem</Unicode>
                </TextEquiv>
            </TextLine>
            <TextLine id="r1l59" custom="readingOrder {index:58;}">
                <Coords points="1212,3192 2444,3195 2444,3152 1212,3155"/>
                <Baseline points="1220,3192 1280,3192 1341,3192 1402,3192 1463,3192 1524,3193 1585,3193 1645,3193 1706,3193 1767,3193 1828,3193 1889,3193 1950,3193 2011,3192 2071,3192 2132,3192 2193,3192 2254,3192 2315,3191 2376,3191 2437,3191"/>
                <TextEquiv>
                    <Unicode>Chef eines ersten Wiener Bankhauses, auf einem ungarischen Bauern¬</Unicode>
                </TextEquiv>
            </TextLine>
            <TextLine id="r1l60" custom="readingOrder {index:59;}">
                <Coords points="1208,3249 2458,3238 2458,3203 2324,3197 1208,3200"/>
                <Baseline points="1215,3243 1276,3243 1338,3243 1400,3242 1461,3242 1523,3241 1585,3241 1646,3241 1708,3240 1770,3240 1832,3239 1893,3239 1955,3239 2017,3239 2078,3239 2140,3240 2202,3240 2263,3241 2325,3242 2387,3243 2449,3244"/>
                <TextEquiv>
                    <Unicode>wägelchen den Einzug in die Gymnasialstadt und in Wissenschaft und</Unicode>
                </TextEquiv>
            </TextLine>
            <TextLine id="r1l61" custom="readingOrder {index:60;}">
                <Coords points="1201,3292 2453,3303 2453,3265 2368,3246 1201,3252"/>
                <Baseline points="1209,3289 1270,3290 1332,3291 1394,3291 1456,3291 1518,3291 1579,3291 1641,3291 1703,3290 1765,3290 1827,3290 1888,3289 1950,3289 2012,3289 2074,3288 2136,3288 2197,3289 2259,3289 2321,3290 2383,3291 2445,3293"/>
                <TextEquiv>
                    <Unicode>Kultur gehalten habe. Der verwöhnte Liebling der aristokratischen</Unicode>
                </TextEquiv>
            </TextLine>
            <TextLine id="r1l62" custom="readingOrder {index:61;}">
                <Coords points="1207,3331 2451,3372 2451,3303 2298,3293 1207,3312"/>
                <Baseline points="1215,3337 1276,3338 1337,3338 1399,3339 1460,3339 1522,3339 1583,3339 1644,3339 1706,3338 1767,3338 1829,3337 1890,3337 1951,3337 2013,3337 2074,3337 2136,3337 2197,3337 2258,3338 2320,3339 2381,3340 2443,3342"/>
                <TextEquiv>
                    <Unicode>und künstlerischen Frauenwelt war in Erscheinung und Manieren</Unicode>
                </TextEquiv>
            </TextLine>
            <TextLine id="r1l63" custom="readingOrder {index:62;}">
                <Coords points="1200,3390 2226,3383 2446,3418 2393,3344 1200,3360"/>
                <Baseline points="1207,3384 1268,3385 1330,3386 1391,3386 1453,3387 1514,3387 1576,3387 1637,3387 1699,3387 1760,3387 1822,3387 1884,3386 1945,3386 2007,3386 2068,3385 2130,3385 2191,3385 2253,3385 2314,3386 2376,3386 2438,3387"/>
                <TextEquiv>
                    <Unicode>ein vollendeter Kavalier, der seine drei aufreibenden Beruse als</Unicode>
                </TextEquiv>
            </TextLine>
            <TextLine id="r1l64" custom="readingOrder {index:63;}">
                <Coords points="1211,3431 2448,3430 2335,3394 1211,3401"/>
                <Baseline points="1218,3435 1279,3435 1340,3434 1401,3434 1462,3433 1523,3433 1584,3433 1645,3433 1706,3433 1767,3433 1829,3433 1890,3433 1951,3433 2012,3433 2073,3433 2134,3433 2195,3433 2256,3432 2317,3432 2378,3432 2440,3431"/>
                <TextEquiv>
                    <Unicode>Arzt, Anstaltsdirektor und Chefredakteur mit einer gewissen vor¬</Unicode>
                </TextEquiv>
            </TextLine>
            <TextLine id="r1l65" custom="readingOrder {index:64;}">
                <Coords points="1211,3487 2314,3502 2448,3479 2448,3430 1211,3457"/>
                <Baseline points="1219,3482 1280,3482 1341,3482 1402,3483 1463,3483 1524,3483 1585,3483 1646,3483 1707,3483 1768,3483 1829,3483 1890,3483 1951,3483 2012,3483 2073,3483 2134,3483 2195,3483 2256,3483 2317,3482 2378,3482 2440,3482"/>
                <TextEquiv>
                    <Unicode>nehmen Nachlässigkeit, aber viel Geist. Witz und Talent betrieb.</Unicode>
                </TextEquiv>
            </TextLine>
            <TextLine id="r1l66" custom="readingOrder {index:65;}">
                <Coords points="1199,3520 2447,3555 2447,3493 1199,3490"/>
                <Baseline points="1207,3529 1268,3530 1330,3531 1391,3531 1453,3532 1515,3532 1576,3532 1638,3532 1700,3532 1761,3532 1823,3532 1885,3532 1946,3532 2008,3531 2070,3531 2131,3531 2193,3531 2255,3531 2316,3531 2378,3531 2440,3532"/>
                <TextEquiv>
                    <Unicode>Uebrigens nannte er mich oft scherzend seinen kleinen Mitredakteur,</Unicode>
                </TextEquiv>
            </TextLine>
            <TextLine id="r1l67" custom="readingOrder {index:66;}">
                <Coords points="1207,3580 2455,3596 2424,3542 1207,3548"/>
                <Baseline points="1215,3578 1276,3578 1338,3577 1399,3577 1461,3577 1523,3577 1584,3578 1646,3578 1708,3578 1769,3578 1831,3578 1893,3579 1954,3579 2016,3579 2078,3579 2139,3579 2201,3579 2263,3579 2324,3579 2386,3578 2448,3578"/>
                <TextEquiv>
                    <Unicode>weil ich als Untergymnasiastin beim Abschreiben der. Artikel</Unicode>
                </TextEquiv>
            </TextLine>
            <TextLine id="r1l68" custom="readingOrder {index:67;}">
                <Coords points="1210,3638 2455,3628 2405,3583 1210,3594"/>
                <Baseline points="1218,3623 1279,3623 1341,3622 1402,3622 1464,3622 1525,3622 1587,3622 1648,3622 1710,3623 1771,3623 1833,3624 1894,3625 1956,3625 2017,3626 2079,3627 2140,3628 2202,3628 2263,3629 2325,3630 2386,3631 2448,3631"/>
                <TextEquiv>
                    <Unicode>meines Vaters allzuhestige Ausfälle spurlos verschwinden ließ,</Unicode>
                </TextEquiv>
            </TextLine>
            <TextLine id="r1l69" custom="readingOrder {index:68;}">
                <Coords points="1194,3666 2454,3683 2438,3626 1195,3634"/>
                <Baseline points="1203,3673 1265,3672 1327,3671 1389,3670 1451,3670 1513,3670 1575,3670 1638,3671 1700,3671 1762,3672 1824,3673 1886,3673 1948,3674 2010,3674 2073,3675 2135,3675 2197,3675 2259,3674 2321,3674 2383,3673 2446,3672"/>
                <TextEquiv>
                    <Unicode>was ihm Anlaß gab, mir nach der Richtung auch andere Auf¬</Unicode>
                </TextEquiv>
            </TextLine>
            <TextLine id="r1l70" custom="readingOrder {index:69;}">
                <Coords points="1202,3728 2441,3734 2426,3682 1203,3662"/>
                <Baseline points="1210,3718 1271,3718 1332,3719 1393,3720 1454,3720 1516,3721 1577,3722 1638,3723 1699,3724 1760,3724 1822,3725 1883,3725 1944,3726 2005,3726 2066,3726 2128,3726 2189,3726 2250,3725 2311,3724 2372,3723 2434,3722"/>
                <TextEquiv>
                    <Unicode>sätze vorzulesen, gerade weil ich bei meiner sachlichen Unkenntnis</Unicode>
                </TextEquiv>
            </TextLine>
            <TextLine id="r1l71" custom="readingOrder {index:70;}">
                <Coords points="1204,3786 2435,3804 2454,3736 1204,3725"/>
                <Baseline points="1212,3766 1273,3766 1335,3767 1397,3768 1458,3768 1520,3769 1582,3769 1643,3770 1705,3770 1767,3771 1829,3771 1890,3772 1952,3772 2014,3772 2075,3772 2137,3773 2199,3772 2260,3772 2322,3772 2384,3772 2446,3771"/>
                <TextEquiv>
                    <Unicode>den oft rüden Gelehrtenmanieren unbefangener gegenüberstand als</Unicode>
                </TextEquiv>
            </TextLine>
            <TextLine id="r1l72" custom="readingOrder {index:71;}">
                <Coords points="1205,3814 1220,3814 1237,3827 1259,3820 1287,3827 1317,3821 1333,3830 1342,3822 1404,3819 1404,3789 1360,3772 1343,3780 1298,3773 1276,3784 1251,3776 1223,3795 1205,3795"/>
                <Baseline points="1214,3811 1240,3813 1266,3813 1292,3813 1318,3812 1344,3811 1370,3812 1396,3815"/>
                <TextEquiv>
                    <Unicode>er selbst.</Unicode>
                </TextEquiv>
            </TextLine>
            <TextLine id="r1l73" custom="readingOrder {index:72;}">
                <Coords points="1320,3869 2372,3895 2455,3869 2456,3833 1321,3841"/>
                <Baseline points="1328,3871 1386,3872 1445,3873 1504,3874 1563,3874 1622,3875 1681,3875 1740,3875 1799,3875 1858,3875 1916,3875 1975,3875 2034,3875 2093,3875 2152,3875 2211,3875 2270,3876 2329,3877 2388,3878 2447,3880"/>
                <TextEquiv>
                    <Unicode>Den Glanzpunkt der Geselligkeit im Schnitzlerschen Hause</Unicode>
                </TextEquiv>
            </TextLine>
            <TextLine id="r1l74" custom="readingOrder {index:73;}">
                <Coords points="1208,3925 2299,3939 2417,3929 2457,3869 1208,3875"/>
                <Baseline points="1216,3917 1277,3918 1339,3919 1400,3920 1462,3921 1524,3922 1585,3922 1647,3923 1708,3923 1770,3924 1832,3924 1893,3924 1955,3924 2016,3924 2078,3924 2140,3924 2201,3924 2263,3924 2324,3923 2386,3923 2448,3923"/>
                <TextEquiv>
                    <Unicode>bildete die Feier der silbernen Hochzeit und des Redaktions¬</Unicode>
                </TextEquiv>
            </TextLine>
            <TextLine id="r1l75" custom="readingOrder {index:74;}">
                <Coords points="1306,3958 1333,3959 1341,3953 1346,3953 1349,3957 1357,3954 1361,3959 1377,3959 1378,3934 1337,3932 1329,3934 1324,3929 1318,3932 1307,3930"/>
                <Baseline points="1314,3949 1342,3950 1370,3951"/>
                <TextEquiv>
                    <Unicode>111</Unicode>
                </TextEquiv>
            </TextLine>
            <TextLine id="r1l76" custom="readingOrder {index:75;}">
                <Coords points="1212,3985 2454,3996 2454,3905 2296,3941 1212,3925"/>
                <Baseline points="1220,3964 1281,3966 1342,3968 1403,3969 1465,3971 1526,3972 1587,3972 1649,3973 1710,3973 1771,3974 1833,3974 1894,3974 1955,3973 2016,3973 2078,3973 2139,3973 2200,3973 2262,3972 2323,3972 2384,3972 2446,3972"/>
                <TextEquiv>
                    <Unicode>jubilaums. Wir Jugend hatten wochenlanges Vergnügen und</Unicode>
                </TextEquiv>
            </TextLine>
            <TextLine id="r1l77" custom="readingOrder {index:76;}">
                <Coords points="1212,4025 2424,4033 2454,3974 1212,3981"/>
                <Baseline points="1220,4012 1281,4014 1342,4016 1403,4017 1465,4018 1526,4019 1587,4020 1649,4020 1710,4020 1771,4021 1833,4021 1894,4021 1955,4020 2016,4020 2078,4020 2139,4020 2200,4019 2262,4019 2323,4019 2384,4019 2446,4019"/>
                <TextEquiv>
                    <Unicode>Flirt bei den Proben zu Arturs Gelegenheitserstlingsstück, das</Unicode>
                </TextEquiv>
            </TextLine>
            <TextLine id="r1l78" custom="readingOrder {index:77;}">
                <Coords points="1205,4072 2448,4071 2448,4041 2353,4030 1206,4036"/>
                <Baseline points="1213,4060 1274,4062 1335,4064 1397,4065 1458,4066 1519,4067 1581,4068 1642,4068 1703,4069 1765,4069 1826,4069 1887,4068 1949,4068 2010,4068 2071,4067 2133,4067 2194,4066 2255,4066 2317,4066 2378,4065 2440,4065"/>
                <TextEquiv>
                    <Unicode>Tewele einstudiert und bei dem eine ganze Reihe später hervor¬</Unicode>
                </TextEquiv>
            </TextLine>
            <TextLine id="r1l79" custom="readingOrder {index:78;}">
                <Coords points="1204,4112 2451,4123 2451,4071 1205,4077"/>
                <Baseline points="1212,4108 1273,4111 1335,4113 1396,4115 1458,4116 1520,4117 1581,4118 1643,4118 1704,4118 1766,4118 1828,4117 1889,4117 1951,4116 2012,4116 2074,4115 2136,4115 2197,4115 2259,4115 2320,4116 2382,4117 2444,4119"/>
                <TextEquiv>
                    <Unicode>ragender, zum Teil jetzt schon verstorbener junger Männer mit¬</Unicode>
                </TextEquiv>
            </TextLine>
            <TextLine id="r1l80" custom="readingOrder {index:79;}">
                <Coords points="1201,4161 2445,4153 2445,4123 2203,4117 1202,4128"/>
                <Baseline points="1210,4153 1271,4156 1332,4157 1394,4159 1455,4161 1516,4162 1578,4162 1639,4163 1700,4164 1762,4164 1823,4164 1884,4164 1946,4164 2007,4164 2068,4164 2130,4164 2191,4164 2252,4164 2314,4164 2375,4164 2437,4165"/>
                <TextEquiv>
                    <Unicode>wirkte. Der erste Akt brachte eine Riedhofkneipe, bei der</Unicode>
                </TextEquiv>
            </TextLine>
            <TextEquiv>
                <Unicode>P S
box 31/2
25 Prfzon Bernhandi
. —. — —
Z3DEZ 1918
enes Wiener Kurnol Wie
Aus
Artur Schnißlers
Elternhaus.
Von
Klothilde Benedikt.
(Anläßlich der Wiener Uraufführung von
„Professoi Bernhardi“.)
Die endlich in Wien freigegebene Aerztetragödie sviegelt
Zeiten wider, als „Pegasus noch im Joche war“ und als
Assisteut meines und dann seines Vaters an der Allgemeinen
Poliklinik Dienst tat. Dieses Ergänzungsinstitut der Wiener
Universität war unter der Direktion von Schnitzlei sen. der Mittel¬
punkt erbitterter Kämpfe, welche fast die ganze Aerzteschaft und
die Mehrzahl der Professoren, mit Ausnahme von Rolitansly und
Albert, gegen jene Schar von Dozenten austrengte, die sich hier
wissenschaftliches Material schufen, nachdem sie durch ihre Leistungens
einen großen Teil der vornehmsten Wiener und Fremdenpraxis
erlangt hatten. Diese Praxis brachte übrigens Arturs Valer,
Regierungsrat Johann Schnitzler. bei seinen Grandseigneurallüren
und seiner vollständigen Gleichgültigkeit dem Erwerbsleben gegenüber
mehr Orden und gesellschaftliche Erfolge als materiellen Gewinn.
Im gastlichen Hause am Burgring habe ich als Kind und jungesi
Mädchen die interessantesten Persönlichkeiten kennen geleint, auch
am selben Fenster mit der Wolter dem Kaiserzelt gegenüber
„Makarts Festzug“ genossen. Unsere Familienbeziehungen waren
alte, da Arturs Großvater, Dr. Markbreiter, der Hausarzt
meiner Großeltern war, dem mein Vater zum Teil die Er¬
laubnis zum Studium und die werivollsten literarischen und
medizinischen Auregungen verdankte. Der hochbegabte Manns
gründete die „Medizinische Presse“, das erste medizinische Fach¬
blatt, desse.. Ruf über Wiens Grenzen hinausging. Bei dem an¬
strengenden Beruf eines Wiener
Vorstadtarztes,
für sechs Kinder zu sorgen hatte und in seltenem
e
eines
Hilfe seines Schwiegervaters,
Mannessto.,
verschmähte,
baronisierten Großgrundbesitzers,
oblag
die Redaktion zum größten Teil seiner hochbegabien Tochter;
Luise, einer angehenden Klaviervirtuosin, deren Mitgift die viel¬
begehrte Zeitung bilden sollte. Zu ihrem Aerger und ihrer Ent¬
rüstung war sie daher von allen jungen Wiener Aerzten umringt,
die ihrem literarischen Talent in der damals ziemlich zeitungs¬
armen Epoche die Zügel schießen lassen wollten. Der bildhübsche
und blutjunge Student Schnitzler ging als Sieger aus diesem
Freierkampfe hervor. Wie oft hat er uns Kindern zur Nach¬
eiferung erzählt — er war nämlich durch viele Jahre bis zu
seinem Tode unser wöchentlicher anregender Sonntagnachmittags¬
besucher — daß er mit seinem noch heute lebenden Vetter, dem
Chef eines ersten Wiener Bankhauses, auf einem ungarischen Bauern¬
wägelchen den Einzug in die Gymnasialstadt und in Wissenschaft und
Kultur gehalten habe. Der verwöhnte Liebling der aristokratischen
und künstlerischen Frauenwelt war in Erscheinung und Manieren
ein vollendeter Kavalier, der seine drei aufreibenden Beruse als
Arzt, Anstaltsdirektor und Chefredakteur mit einer gewissen vor¬
nehmen Nachlässigkeit, aber viel Geist. Witz und Talent betrieb.
Uebrigens nannte er mich oft scherzend seinen kleinen Mitredakteur,
weil ich als Untergymnasiastin beim Abschreiben der. Artikel
meines Vaters allzuhestige Ausfälle spurlos verschwinden ließ,
was ihm Anlaß gab, mir nach der Richtung auch andere Auf¬
sätze vorzulesen, gerade weil ich bei meiner sachlichen Unkenntnis
den oft rüden Gelehrtenmanieren unbefangener gegenüberstand als
er selbst.
Den Glanzpunkt der Geselligkeit im Schnitzlerschen Hause
bildete die Feier der silbernen Hochzeit und des Redaktions¬
111
jubilaums. Wir Jugend hatten wochenlanges Vergnügen und
Flirt bei den Proben zu Arturs Gelegenheitserstlingsstück, das
Tewele einstudiert und bei dem eine ganze Reihe später hervor¬
ragender, zum Teil jetzt schon verstorbener junger Männer mit¬
wirkte. Der erste Akt brachte eine Riedhofkneipe, bei der</Unicode>
            </TextEquiv>
        </TextRegion>
        <TextRegion orientation="0.0" id="r2" custom="readingOrder {index:1;}">
            <Coords points="2462,4030 2462,4184 3037,4184 3037,4030"/>
            <TextLine id="r2l1" custom="readingOrder {index:0;}">
                <Coords points="2454,4152 3045,4145 3045,4093 2743,4100 2454,4081"/>
                <Baseline points="2462,4134 2490,4134 2519,4134 2548,4134 2577,4134 2605,4134 2634,4134 2663,4134 2692,4134 2720,4134 2749,4134 2778,4134 2807,4134 2835,4133 2864,4133 2893,4133 2922,4133 2950,4132 2979,4132 3008,4131 3037,4130"/>
                <TextEquiv>
                    <Unicode></Unicode>
                </TextEquiv>
            </TextLine>
            <TextEquiv>
                <Unicode></Unicode>
            </TextEquiv>
        </TextRegion>
    </Page>
</PcGts>
