3344 4320
759 79 809 135 C
644 83 828 155 Fess
246 82 1458 170 25 PBernhandi
293 1186 1513 1284 gefälliges Werk, wenn wir sie aus diesem letzten Traum
287 1251 1519 1323 erwecken wollten,“ setzt der Geistliche die unerbittliche
287 1323 1513 1387 Forderung der Kirche entgegen, daß das ewige Heil höher
299 1374 1519 1449 einzuschätzen sei als das zeitliche. Unterdessen ist die Kranken¬
303 1444 1511 1505 schwester zu der Sterbenden geeilt, um sie auf das Er¬
298 1498 1518 1573 scheinen des Priesters vorzubereiten. Der Glücksrausch der
301 1567 1510 1623 armen Verlassenen ist zerstört; nach all den Leiden des
303 1614 1514 1692 Lebens muß sie auch die bittere Erfahrung des Todes machen.
300 1687 1518 1743 Sie stirbt, noch ehe der Pfarrer an ihr Bett getreten ist.
297 1748 1526 1801 In peinlichem Schweigen verharren alle, die dem Vorgange
296 1786 1531 1862 beigewohnt haben. Der Stein ist im Rollen. Einen Blick
302 1863 1527 1915 auf das, was kommen wird, läßt uns der Kandidat der
296 1922 1526 1985 Medizin Hochroitzpointner, ein streberhafter Durchschnitts¬
301 1980 585 2049 mensch, tun.
346 2043 1396 2128 Schwester. Herr Professor, ich hab' geglaubt —
348 2105 1533 2176 Bernhardi. Was haben Sie geglaubt? Na, wozu
395 2170 1054 2243 übrigens, jetzt ist's ja vorüber.
357 2222 1500 2281 Schwester. Es ist doch immer, Herr Direktor, und —
389 2284 1320 2363 (auf Hochtoitzpointner weisend) der Herr Doktor -
346 2345 1535 2410 Hochroitzpointner. Ja, ich hab's ihr natürlich
401 2408 1033 2476 nicht verboten, Herr Direktor.
345 2454 1532 2518 Bernhardi. Selbstverständlich, Herr Doktor Hoch¬
396 2525 1535 2595 roitzpointner. Sie hospitieren wahrscheinlich auch in
401 2588 781 2649 der Kirche, was?
349 2634 1551 2717 Hochroitzpointner. Herr Direktor, wir leben in
406 2706 947 2774 einem christlichen Staat.
352 2751 1533 2811 Bernhardi. Ja. (sieht ihn lange an) Der Herr verzeihe
412 2815 1549 2880 ihnen — sie wissen verdammt gut, was sie tun. (ab)
501 2920 1342 2986 Hochroitzpointner, Schwester.
354 2981 1542 3046 Hochroitzpointner. Aber Kinderl, was fallt Ihnen
402 3048 1538 3093 denn ein, sich zu entschuldigen? Sie haben doch nur
397 3106 1538 3175 Ihre Pflicht getan. Aber was haben S' denn ...
1611 62 2070 155 box 31/7
2469 1075 2540 1141 11
1989 1156 3114 1257 Jetzt fangen S' gar an zu weinen . . . Daß Sie mir
1986 1227 2801 1312 nur nicht wieder einen Anfall kriegen.
1936 1275 3121 1344 Schwester (schluchzend) Aber der Herr Direktor war so bös.
1948 1345 3123 1422 Hochroitzpointner. Und wenn er schon bös war,
2061 1399 3127 1470 der Herr Direktor. Na, lang bleibt er's ja nimmer.
2001 1470 2610 1550 Das bricht ihm den Kragen.
2006 1568 3124 1632 Bernhardi mißt dem ganzen Vorfall wenig Bedeutung
1909 1623 3127 1704 bei. In dieser Gleichgültigkeit wird er noch dadurch bestärkt,
1909 1682 3124 1756 daß ihn Prinz Konstantin, einer der Kuratoren des Elisa¬
1906 1756 3121 1819 bethinums, hat zu sich rufen lassen und ihm einige Liebens¬
1902 1802 3130 1882 würdigkeiten gesagt hat. Dennoch hat die Gegenseite bereits
1915 1854 3139 1940 das Feuer eröffnet. Der erste Schuß ist gefallen: die Fürstin
1907 1916 3129 2008 Stirenstein hat das Protektorat über einen vom Elisabethinum
1919 1987 3131 2058 geplanten Ball niedergelegt. Das Kuratorium besteht aus
1916 2053 3141 2109 dem Prinzen Konstantin, dem Bischof Liebenberg, dem
1908 2095 3142 2179 Fürsten Stirenstein, dem Bankdirektor Veith und dem Hofrat
1917 2153 3129 2240 Winkler. Der Fürst Stirenstein wird selbstverständlich de¬
1907 2208 3150 2284 missionieren. Vom Bischof Liebenstein wird die Außerung
1911 2270 3144 2345 mitgeteilt: „Dieser Bernhardi gefällt mir nicht übel, aber
1919 2347 3147 2404 er wird's bereuen.“ Dem Prinzen Konstantin ist das
1918 2385 3143 2468 Liberalsein nur ein Sport, wie für andere seiner Standes¬
1927 2450 3153 2534 genossen das Taubenschießen. Dem Bankdirektor und dem
1919 2505 3150 2584 Hofrat aber wird nichts anderes übrigbleiben, als dem Bei¬
1930 2575 3143 2663 spiel der führenden Männer zu folgen. Um die Sache des
1929 2637 3140 2699 Elisabethinums steht es somit schlecht. Das Institut, dem
1920 2684 3161 2782 Bernhardi und seine Freunde ihre beste Kraft gewidmet
1933 2739 3152 2821 haben, wird zusammenbrechen, denn ohne Beihilfe wird es
1925 2817 3152 2884 nicht bestehen können. Da gelingt es der Überredungs¬
1932 2860 3157 2950 kunst seines Freundes Cyprian, Bernhardi zu einer Art Er¬
1941 2922 3159 2993 klärung zu bewegen: um des lieben Friedens willen, um
1931 2980 3164 3061 sein Institut nicht einer Krisis entgegenzuführen, will er den
1938 3035 3177 3118 Leuten noch einmal das — seiner Ansicht nach — Selbst¬
