3436 4320
748 94 853 155 6 S
314 88 1513 194 25 BRernhardi
607 513 905 587 Ischnitt aus:
609 550 1026 638 29. NOU. 1912.
828 540 1600 672 Frankfurter Teltung
606 624 668 672 1:
748 839 1743 965 Arthur Schnitzlers neue Komödie.
720 927 1767 1034 „Professor Bernhardi“, Komödie in fünf Akten
712 976 1764 1079 von Arthur Schnitzler. — Uraufführung im „Klei¬
791 1036 1696 1115 nen Theater“ in Berlin am 28. November.
1056 1094 1745 1188 Berlin, 29. November. (Priv.=Tel.)
731 1158 1799 1252 Arthur Schnitzlers neue Komödie „Professor
665 1190 1791 1291 Bernhardi“ spielt sich nur scheinbar vor Kulissen ab. In
673 1243 1520 1314 Wirklichkeit wird sie zwischen Spiegeln agiert.
726 1278 1795 1365 Tatsache ist, daß der Professor für innere Medizin und
668 1305 1797 1401 Dipektor des „Elisabethinums“ Bernhardi den Geistlichen, der
728 1359 1796 1424 # den heiligen Sterbesakramenten kam, zu der Sterbenden
654 1371 1783 1485 glich: einließ, weil sie sich in der Illusion völliger Gesundung
643 1431 1797 1516 Freiand. Er wollte sie vor dem Todesgrauen schützen, das mit
655 1475 1791 1559 diesem Todestrost zugleich ihre Schwelle überschreiten mußte.
658 1508 1786 1593 Für Professor Bernyardi als Menschen sagt diese Tatsache
652 1553 1781 1635 manches, doch nicht allzu viel aus; für die Komödie bedeutet
644 1584 1053 1650 sie einen „Konflikt“.
707 1629 1776 1713 Aber der Konflikt ist wiederum nur ein Vorwand im Hin¬
647 1651 1778 1758 blick auf das Probiem, das nur gestreift wird; im Hinblick
641 1699 1776 1782 auf die Handlung, die alsbald ihre eigenen Wege geht; in Hin¬
649 1755 1775 1839 blick auf den Dichter, dem es weder auf die Handlung, noch
647 1776 1775 1877 auf den Professor Bernhardi ankommt, sondern auf die vielen
617 1819 1336 1899 „Spiegel, die ei zurecht rücken wird.
703 1874 1779 1965 Wen etwa die Frage interessieren sollte, ob der Arzt ein
634 1917 1776 1988 Recht habe, den Geistlichen von einem Sterbenden fernzu¬
645 1963 1776 2043 halten, der wird in Schnitzlers Komödie vergeblich nach einer
642 2001 1765 2073 Antwort suchen. Wichtiger als der handelnde Mensch er¬
640 2033 1765 2111 scheint alsbald der Ort der Handlung. Das ist Wien, das
634 2076 1775 2163 ist das von Parteiungen aller Art zerrissene Oesterreich. Die
634 2118 1772 2199 klerikale Frage war in dem Konflist latent; die Indenfrage —
631 2157 1764 2240 Professor Bernbardi ist Jnde — wird mit eingeführt. Die
634 2197 1767 2264 alldeutschen Elemente im „Elisabethinum“, machen gegen
629 2219 1764 2308 Bernhardi mobil; die klerikale Partei stellt ihn vor das Di¬
636 2279 1758 2356 lemma: entweder Interpellation im Parlament oder Wahl
623 2310 1762 2381 des uns genehmen Kandidaten in den Vorstand des „Elisa¬
616 2354 1756 2430 bethinums“; die Regierung, in einem Jugendfreund Bern¬
627 2398 1766 2487 hardis, dem Unterrichtsminister Dr. Flint, verkörpert, laviert
617 2425 1072 2497 zwischen den Parteien.
685 2468 1756 2551 Schon damit, daß Professor Bernhardi durch das Vorgehen
614 2499 1748 2587 der klerikalen Partei vor eine neue Entscheidung, die mit dem
610 2549 1756 2614 Konflikt nichts zu schaffen hat, gestellt ist, ist die Handlung
610 2601 1749 2667 aus ihrem ursprünglichen Bett abgelenkt. Vernhardi gibt den
612 2628 1747 2698 klerikalen Wünschen nicht nach. Der Minister sieht sich durch
602 2653 1747 2743 die Haltung des Parlaments genötigt, ihn preiszugeben; es
617 2716 1743 2780 wird eine Untersuchung wegen Religionsverletzung gegen
604 2749 1748 2825 Bernhardi eingeleitet. Infolge neuer Handlungswillkürlich¬
601 2784 1742 2853 keiten läuft der Prozeß zu seinen Ungunsten aus; er wird zu
608 2824 1743 2904 einer Gefängnisstrafe verurteilt, büßt zwei Monate Haft ab
617 2862 1748 2949 und sieht sich zum Schlusse neuer Willkürlichkeiten vor einer
1682 111 2106 194 box 30//1
1847 831 2959 932 Wiederaufnahme seines Prozesses, die ihn in jeder Weise
1844 867 2523 938 rehabilitieren und rechtfertigen wird.
1878 907 2947 987 Aber auch der Gang der Handlung ist nur — ein Vorwand.
1836 951 2955 1028 Der Gang der Handlung, auf den es Schnitzler ankam, und
1841 985 2950 1067 der vielleicht dieses tänzelnde und sprungweise Vorgehen er¬
1840 1024 2956 1096 forderlich machte, führte — vor den Spiegel. In Wirklichkeit
1828 1059 2949 1139 ist der gekennzeichnete Verlauf der Begebenheiten nichts als
1841 1110 2946 1191 ein Mittel, die öffentlichen Zustände Oesterreichs zu spiegeln.
1830 1138 2953 1218 Fand der Wiener Zensor, der die Komödie verbot, daß dieses
1825 1184 2947 1268 Spiegelbild nicht sonderlich schmeichelhaft ausfällt, so hatte ex
1824 1213 2948 1311 darin recht. Nur ist es nicht immer ein Zeichen von Klugheit,
1830 1262 2951 1340 nicht immer ein Zeichen von Kraft, in den Spiegel zu schlagen.
1872 1315 2944 1374 Sehr viel wichtiger aber als diese äußere Spiegelung ist
1816 1348 2943 1423 uns, die wir nichts mit der Kunst der Politik, umsomehr mit
1827 1384 2940 1470 der Politik der Kunst zu schaffen haben, die Innenspiegelung.
1816 1430 2931 1505 In ihr ist, wenn ich sonst etwas in dieser Komödie vermisse:
1815 1470 2933 1546 Arthur Schnitzler. Prof. Bernhardi war seiner Sache sehr
1820 1504 2934 1581 sicher, er war seiner „Ueberzeugung“ gefolgt. Aber was ist
1822 1547 2934 1617 „Ueberzeugung"? Der sehr weltkluge Minister wird dem
1812 1575 2937 1657 Professor sagen, wichtiger als die Ueberzeugung im Einzelfalle
1810 1607 2945 1692 sei das Gesamtziel, an das sich doch auch Ueberzeugung heftet.—
1811 1651 2930 1731 Der sehr weltkundige Geistliche, derselbe, den Bernhardi aus
1812 1685 2933 1776 dem Sterbezimmer wies, wird das Gleiche auf seine Weise be¬
1804 1726 2935 1813 kunden: Heiliger als eine beliebige Wahrheit sei die Gesamt¬
1808 1768 2932 1846 wahrheit, der man diene. Was also ist „Ueberzeugung"? Der
1808 1799 2932 1894 Skeptiker antwortet; der Impuls, dem nur der Troddel folgt.
1795 1841 2779 1911 und dem zu folgen den Troddel liebenswürdig macht.
1863 1886 2923 1960 Zwischen Spiegeln, die eine so feine und kluge Hand ge¬
1802 1909 2926 2000 schliffen, spielt sich Schnitzlers neue Komödie ab. Aber frei¬
1797 1952 2932 2023 lick nachher, wenn der Lichterglanz erloschen, hat man ein
1795 1999 2920 2085 wenig das Gefühl, aus einem wirrenden Spiegelkabinett heim¬
1802 2031 2117 2090 gekehrt zu sein.
1856 2055 2908 2143 In mehr als einer Beziehung gibt sich „Professor Bern¬
1793 2092 2903 2174 bardi“ als eine Art Fortsetzung des „Wegs ins Freie“ Da¬
1795 2146 2907 2222 durch aber, daß Schnitzler die Judenfrage in einen Konflikt,
1791 2191 2907 2264 der an sich nichts, aber auch gar nichts damit zu schaffen hat,
1784 2219 2900 2297 hineingezogen, nahm er der Problemgestaltung die Geschlossen¬
1794 2264 2906 2339 heit und innere Klarheit, ohne die nichts auf der Bühne be¬
1796 2298 2899 2377 stehen kann, und indem er allzuviele Spiegelungen schuf, den
1786 2330 2901 2418 Professor Bernhardi und seine rasche Tat in allzuvielen Be¬
1796 2374 2905 2445 leuchtungen zeigte, nahm er dem Professor selber — ja, wie soll
1794 2408 2900 2481 ich sagen? — sein schlichtes Menschentum. Hätte man nur
1781 2455 2899 2518 einen Augenblick die Ueberzeugung gehabt: der Mann handelt
1780 2484 2893 2569 so, weil sein volles Herz ihn treibt, hätte sich diese Ueberzeug¬
1778 2526 2893 2610 ung im Verlaufe des Spiels verstärkt statt abgeschwächt, man
1779 2565 2690 2634 hätte mitfühlen können, so dachte man nur mit.
1827 2605 2907 2674 Herr Decarli, der Darsteller des Professors Bernhardi
1782 2642 2902 2717 auf der Bühne des „Kleinen Theaters“, ist von der
1783 2677 2904 2757 Schuld, die an sich geringen Gefühlswerte noch herabgesetzt zu
1775 2709 2900 2793 haben, nicht freizusprechen. Er erwies sich als sehr gewandter
1774 2749 2900 2837 Darsteller, aber er gab dem Professor einen Zug von Selbst¬
1777 2788 2900 2860 gefälligkeit, der eine unnütze und feindliche Komplikation be¬
1772 2825 2899 2889 deutet. Im übrigen verdiente die Aufführung — ich denke vor
1763 2861 2901 2941 allem an die Herren Abel, Landa, Klein=Rohden — alle
1767 2901 2943 2995 Anerkennung. Der Beifall, der Schnitzler wiederholt auf die 1
1748 3321 2887 3378 Bühne rief, war laut. Man feierte ein Fest des Witzes und
1751 3362 2437 3402 Verstandes, die Medisance war Muse.
2327 3385 2828 3463 Dr. Ernst Heilborn.
2245 3438 2434 3507 —
