3392 4352
1635 214 2107 307 box 30/1
277 205 1501 333 25. Professor Bernhardi
168 1406 3096 1487 ganzen Kraft eines zum Kämpfer geborenen, zum des heute an andern Altären betenden Theaterbe= fessor Bernhardi Jude ist. Und dadurch für mein
172 1439 1150 1510 Helfer erkorenen Mannes für sie einsetzte; der sie mit
1141 1458 1977 1515 triebes verehrend im Gedächtnis behalten.
2118 1470 3103 1535 Gefühl verengt. Arthur Schnitzler, der den Arzt in
177 1486 1148 1551 aller Lauterkeit seines Wesens förderte und ihr mit
1198 1493 2121 1552 Heute — heute stehen wir mitten im Verfall.
2121 1514 3095 1562 seinem dichterischen Schaffen nie verleugnet hat, ver¬
168 1533 1146 1596 der Einseitigkeit des Fanatikers, aber auch mit der
1136 1527 2121 1614 Reinhardt repräsentiert sozusagen das Rom der Kai¬
2104 1555 3096 1613 leugnet auch den Juden nicht — was ihm menschlich
168 1576 1149 1653 Treue eines edlen Tieres bis zum letzten Atemzug
1147 1589 2118 1658 serzeit. Aber die Vergnügungsstätten neben ihm er¬
2116 1606 3097 1665 gewiß alle Ehre macht, ohne ihn poetisch sonderlich
178 1620 931 1682 ergeben blieb — das war Otto Brahm.
1149 1638 2109 1696 füllen uns nicht mit dem Gedanken an die ruhm¬
2107 1646 3099 1698 zu fördern. Er kämpft mit scharfen, durch den Witz
221 1651 1141 1732 Damals lohnte es noch, über das Theater zu
1142 1679 2112 1755 volle Gegenwart, sondern lassen uns den umschleier¬
2112 1687 3097 1736 allzu scharfen Waffen, für das Judentum. Dem Ka¬
169 1681 1143 1773 schreiben. Es war eine von allem Firlefanz freie
1133 1714 1977 1783 ten Blick in die Vergangenheit zurücklenken.
2109 1727 3105 1791 tholiken steht nicht nur der vorurteilslose moderne
176 1750 1150 1813 Kunst. Mehr: eine Lebensangelegenheit. Von hier
1196 1756 2108 1822 .Als der vierte Akt der Schnitzlerschen Komö¬
2107 1776 2933 1837 Mensch gegenüber, sondern auch der Jude.
175 1801 1145 1861 aus traten Ibsen und Hauptmann ihren Siegeszug
1136 1794 2118 1870 die begann, war die Nachricht vom Tode Otto Brahms
2159 1808 3094 1876 Der Fall wird weiter eingeschränkt, dadurch, daß
167 1829 1145 1905 e Lande an. Hier wurden die literarischen
1136 1847 2106 1913 eingetroffen. Wir grüßen dich, du mutiger Kämpfer,
2109 1852 3083 1918 er auf österreichische Verhältnisse lokalisiert ist. Das
174 1874 635 1943 Schlachten ausgefochten.
1130 1886 2104 1959 du Sieger ohne Hochmut. Wir legen dir den Lor¬
2103 1902 3088 1951 Vorkommnis in der Klinik wird in den Streit des
211 1914 1138 1987 Auch Brahm vermochte natürlich nicht, die ein¬
1135 1918 2113 2018 beer auf die Bahre, du singulärer Mensch in einer
2106 1944 3098 2002 Tages gezogen, die verschiedenen Parteien nehmen
171 1949 1138 2035 mal erreichte Höhe zu behaupten. Seine Dichter
1143 1962 1404 2045 lauen Zeit!“
2097 1984 3085 2053 Stellung dazu. Es erfolgt eine Interpellation im
166 1993 1147 2063 hielten seinem Wagemut nicht gleichen Schritt; seine
2101 2028 3090 2095 Parlament, daraus entwickelt sich eine Anklage wegen
166 2050 1143 2102 Schauspieler flüchteten teilweise zu andern Göttern.
2107 2070 3092 2151 Religionsstörung, und Bernhardi wird zu zwei Mo¬
1193 2070 2113 2151 Der Lebende verlangi sein Recht. An demselben
164 2099 1141 2159 Schon in den letzten Jahren seiner Direktionsfüh¬
2105 2118 2644 2182 naten Gefängnis verurteilt.
1129 2123 2114 2196 Abend feierte Arthur Schnitzlers „Professor Bern¬
166 2137 1137 2218 rung am Deutschen Theater war ein Abstieg unver¬
2156 2157 3084 2220 Der Dichter, der öfter als nötig dem Debatter
1127 2165 1304 2231 hardi"*)
160 2173 374 2246 kennbar.
1302 2179 2109 2233 im Kleinen Theater einen Triumph, der zur
2095 2192 3083 2261 das Wort gibt, läßt zum Schluß auch den Ironiker
1137 2197 2105 2280 Hälfte auf das Konto der unvergleichlichen Darstel¬
214 2211 1134 2291 Als er dann ins Lessingtheater übersiedelte, wech¬
2107 2239 3092 2302 zu Worte kommen und gräbt sich selbst den Boden
1130 2258 2100 2317 lung zu setzen ist. Herr Barnowsky hat mit dieser
169 2268 1135 2337 selte er nur den Schauplatz seiner Tätigkeit, nicht
2106 2291 3080 2338 unter den Füßen ab. Alle menschlichen Zusammen¬
1140 2301 2103 2381 neuen Regietat seine fest begründeten Rechte auf
156 2311 1141 2380 seine Prinzipien. Auch ihm blieben Kompromisse
2110 2339 3087 2390 stöße werden sub specie acternitatis, im Lichte einer
1130 2340 1960 2408 die Nachfolge im Lessingtheater erwiesen.
162 2347 1132 2417 nicht erspart, aber die Konsequenz war seines Le¬
2102 2380 3094 2435 aus Bernhard Shaws Teufelsküche stammenden Iro¬
1184 2388 2108 2454 Die Komödie setzt mit einem schwerwiegenden
165 2402 1139 2466 bens Leitstern. Und die Konsequenz führte ihn ge¬
2106 2425 3080 2477 nie gesehen. Schnitzler belächelt, was wir iragisch zu
1130 2427 2101 2498 Konflikt ein. Professor Bernhardi untersagt einem
163 2441 1137 2509 legentlich zur Enge. Aber dann raffte er noch ein¬
2097 2465 3085 2531 nehmen im Begriffe waren. Seiner Weisheit letzter
1138 2477 2101 2543 Priester, ein sterbendes junges Mädchen mit den
168 2485 1131 2543 mal alle Kraft zusammen und stellte Ibsens Werk
2096 2503 3095 2584 Schluß lautet: durch Rechthaben schafft man sich
1136 2521 2106 2583 letzten Tröstungen der Religion zu versehen, weil
162 2514 1136 2591 mustergültig in einem Zyklus dar. Unauslöschlich,
2095 2562 3091 2628 Feinde; Rechthaben ist eine Form des Eigensinns;
1140 2566 2096 2624 sich die Patientin im Zustand der „Euphorie“ befin¬
156 2565 1138 2634 unwiederbringlich. Menschen, die diese vollendeten
2099 2600 3095 2657 vom Rechthaben ist noch keiner populär geworden.
1128 2606 2098 2675 det, also völlig im unklaren über ihr nahes Ende
153 2626 1134 2671 Aufführungen miterlebt hatten, schüttelten sich die
2100 2639 3084 2686 Michael Kohlhaas, ein bornierter Roßkamm, setzt
1136 2648 2103 2726 ist und durch den Eintritt des Geistlichen jäh aus
165 2658 1135 2714 Hand zum Zeichen ihrer Zusammengehörigkeit. Das
2103 2681 3084 2748 Gut und Blut für die Chimäre seines Rechtsbegriffs
1133 2690 2104 2772 ihrer Illusion gerissen würde. Hie Priester — hie
152 2684 1134 2763 Theater — eine Lebensangelegenheit. Wir haben es
2105 2726 3083 2787 ein; aber ein aufgeklärter Wiener Arzt, ein Inde
1126 2720 1876 2798 Arzt; hie Glaube — hie Wissenschaft.
159 2749 1144 2805 miterlebt, wir werden es in dankbarer Erinnerung
2107 2756 3088 2823 überdies, hat nicht mehr das Zeug zum Märthrer
1178 2769 2102 2850 Der Konflikt wird erschwert, dadurch, daß Pro¬
155 2782 1143 2857 bewahren, und wir neßden Otto Brahm, den Cato
2092 2808 3091 2892 seiner Ueberzeugung. Was als dramatischer Konflikt
1166 2813 1226 2892 —.
156 2836 1148 2915 dieser Epoche, alß die nüßergewöhnlichste Erscheinung!
1192 2831 2040 2926 *) Buchausgabe: S. Fischer Verlag, Berlin¬
2067 2847 3048 2923 begonnen, das endet auf dem Glatteis der Glosse.
