3344 4384
1111 122 1198 172 —
1628 173 2098 267 box 31/6
264 189 1483 293 25. Brofesse—-Bernhand1
1143 785 1845 918 Ledes schawehgnbadun
1464 797 1983 1032 E
1034 1032 1926 1100 S#öaare: veursthEA Tetrugos-Aussenmer·e0a0
1034 1097 1910 1173 BERLIN SO 16, RUNGESTRASSE 22-24
1060 1222 1908 1357 Welt am Abend, Berlin
1031 1363 1716 1451 Amsschnitt aus der Nummer vom:
1719 1387 2081 1476 2 4.JAl 1930
1098 1512 1889 1715 Sheaters
1117 1726 1898 1828 Professor Bernhardi
1026 1789 1978 1896 Schnitzlers Komödie im Theater in der
1257 1865 1744 1937 Königgrätzer Straße
1072 1905 1951 2002 Der Professor Bernhardi den man gestern
1044 1970 1950 2053 abend pach langer, langer Zeit wieder begrüßen
1042 2007 1958 2081 durfteristeder Mann, der einmal in mo#tentauer
1047 2048 1947 2102 Aufwallungan den Schlaf der Welt rührt und¬
1047 2082 1964 2143 dann seine Ruhe haben will. — so sagt er selbst.
1035 2124 1951 2194 Nachbem ei dem Geistlichen den Zutritt zur Ster¬
1030 2164 1959 2225 benden, die nichts von ihrem nahen Ende ahnt,
1029 2201 1945 2257 verweigert hat, Mittelpunkt einer Affäre ge¬
1035 2238 1941 2303 worden ist, zwei Monate Gefängnig erhält und
1031 2291 1945 2342 absitzt, sieht man ihn im Gespräch mit dem
1040 2313 1942 2387 Priester, im Gespräch mit dem Minister — und
1025 2340 1936 2426 immer reichen sich zwei Personen am Ende die
1030 2390 1933 2469 Hände, einmal sehr ernst über „den Abgrund
1024 2437 1947 2515 hinweg“ ein anderes Mal ironisch. Und alles
1033 2458 1586 2539 ist, als wäre es nie gewesen.
1065 2510 2834 2602 Was ehedem vor nun mehr als 17 Jahren] Kampf führen muß von dessen Notwendigkeit er
1018 2551 1928 2620 uns sehr beschäftigte, wird fast zum Anlaß einer
1931 2569 2851 2643 keinen Augenblick überzeugt war. Eine Reihe
1028 2585 1929 2652 Jopperei. Was ehedem als beachtenswerter An¬
1930 2600 2833 2669 Professorentypen war gelungen, ohne daß man
1032 2627 2829 2709 laß zur Betrachtung eines unerträglichen Zu= eine Leistung über dem Durchschnitt sah. Otto:
1025 2666 1923 2727 standes wurde, wird nun ganz Komödie, und die
1926 2681 2843 2763 ein Schönredner von Minister, Hörbiger: ein
1028 2703 1917 2775 Art, wie hier „Politik“ genommen wird erscheint
1920 2716 2828 2788 Ministerialrat, am echtesten, unverfälscht un
1026 2740 1918 2810 fast spießig. Und wenn es anfangs schien, als
1935 2760 2785 2829 lustig; er allein brachte schon sprachlich zum M#
1016 2795 1929 2843 ginge es hart auf hart, begannen die Leute bald
1930 2800 2833 2877 wußisein daß es sic, um ein Wiener Stück #us
1026 2824 1916 2877 zu lachen, am Schluß war man mitten im
1926 2831 2827 2904 dem Jahre 1900 handelte. Alle anderen Per¬
1018 2859 1921 2924 Schwank. Das Menschenleben, das zu Beginn
1927 2873 2830 2938 sonen, so wie sie gestern abend verkörpert wur¬
1014 2900 1927 2959 verloren ging, war vergessen. Und ebenso ver¬
1924 2910 2825 2988 den ließen dies Typische vermissen: Viechtum,
1016 2935 1919 3002 gessen war auf der Bühne, vaß die Debatte um
1928 2949 2827 3019 Schlamperei und Raunzerei, verbunden mit ein
1012 2977 1917 3043 dies verlorene Leben nicht zu Ende geführt war.
1918 2987 2824 3067 wenig Charme, Sorglosigkeit und — Gemeinheit.
1013 3004 1924 3080 Der Rebell in diesem Stück wird als „Viech“ be¬
1952 3033 2829 3113 So ging alles ein werig durcheinander, dafür
1013 3058 1912 3110 zeichnet, er ist nicht einmal das, sondern ein
1926 3075 2757 3160 gab es starken Beifall und viele Hervorrufe.
1015 3088 1907 3149 Drückeberger, ein Urlauber. Es bleibt immer¬
1016 3123 1917 3196 hin Schnitzlers einzigstes Stück ohne Luxus¬
2655 3136 2811 3210 Kn.
1010 3166 1908 3235 menschen. Wenn es an Stoßkraft fehlt, ist er
1007 3204 1919 3278 nicht wunderlich. Ein Schelm gibt mehr als er
1006 3239 1134 3293 hat.
1041 3267 1915 3340 Barnowsky hat ehedem den Bernhardi zu¬
1003 3333 1919 3388 erst in Berlin inszeniert, damals bewußt als
1004 3356 1925 3431 Thesen=, als Kampfstück, heute ist es kaum noch
997 3403 1903 3465 möglich. Und so beginnt es beinahe wie ei
1009 3438 1917 3509 Intrigen= und Kabalenstück, um fast als Schwank
992 3491 1909 3537 zu enden. Nun hat man verwundert die Teile
1005 3515 1915 3576 in der Hand und weiß erst recht nicht viel damit
994 3558 1913 3616 zu beginnen. Darstellerisch interessante Köpfe:
997 3594 1914 3658 Kortner sehr beherrscht, bedrückt, fast scheu
1004 3626 1914 3713 und kränkelnd, ein müder Skeptiker, der einen
