3392 4352
765 195 865 262 S S
995 199 1048 265 B
270 198 1482 298 25 Pfehhandi
689 307 1025 390 —eun une Gerlo).
307 377 1372 463 sschnitt aus: Neues Wiener Abemisiur
548 423 751 488 APR. 1973
924 439 1100 526 Wien
311 472 406 561 810
1130 556 1286 652 Ma
615 574 1088 681 Theater und Bunst.
449 665 1258 763 „Professor Bernhardi“ in Budapest.
444 737 1381 807 Aus Budapest wird uns telegraphiert: Im
346 782 1399 850 Ungarischen Theater hat gestern das Ensemble des.
346 835 1409 900 Berliner Kleinen Theaters ein Gastspiel
348 869 1399 949 eröffnet. Gegeben wurde Artur Schnitzlers Professor.“
351 906 1390 991 Bernhardi“, Die=eeung sanld belm Puoritune
335 958 1378 1051 großes Interesse, das nicht nur dem Stücke selbst, sondern
343 1022 1392 1077 namentlich der glänzenden Darstellung zu danken war. Das
345 1055 1380 1130 Haus war vollkommen ausverkauft. Man sah die beste
348 1113 1374 1155 Gesellschaft von Budapest, wie auch viele Gäste aus
340 1155 1407 1213 Wien. Als sich die Nachricht verbreitete, daß Schnitzler,
342 1200 1371 1255 im Hause sei, wurde er nach dem dritten Akte und auch
339 1236 785 1305 später stürmisch gerufen.
444 1279 1360 1357 Ein zweites Telegramm berichtet uns: Artur
344 1333 1369 1394 Schnitzler zeigte sich angenehm überrascht von der
335 1371 1370 1443 Art, wie das ungarische Publikum auf das Stück reagierte.
324 1415 1375 1492 „Wir sind eben Nachbarn, Oesterreich und Ungarn,“ sagte
332 1480 1364 1534 er, „in Berlin hat das Stück auch Glück gehabt, aber es
334 1524 1380 1582 lag doch wie ein Schleier zwischen Bühne und Zuschauer¬
327 1566 1362 1629 raum. Hier versteht man alles, jede Anspielung und jeden
323 1610 1251 1664 Witz.“ — Schnitzler reiste heute nach Wien zurück.
445 1723 1242 1860 Ausschnit aug: Die Zeit, Wien
443 1808 941 1926 „vom: 12 & 1913
504 1915 1318 2046 „Professor Bernhardi“ in Budap. f.
541 1988 1284 2074 Beifällige Aufnahme des Stückes.
710 2045 1354 2132 —Budapest, 16 April. (Priv.=Tel.)
460 2080 1385 2193 Im Budapester Theater begann heute das
433 2119 1378 2212 Pastspiel der Berliner Kleinen Deut¬
437 2176 1375 2252 schen Bühne. Eröffnet wurde es mit
415 2212 1369 2318 Schnitzlers „Professor Bernbardi“.
395 2295 1371 2420 dem neuesten Werke des Dichters, dem auch in
392 2336 1368 2473 hiesigen literarischen Kreisen das lebhafteste
386 2390 1355 2507 Interesse entgegengebracht wurde. Ein vor¬
389 2436 1357 2557 nehmes Publikum hatte das Haus bis aufs
387 2478 1355 2601 letzte Plätzchen gefüllt und verfolgte den Gang
386 2515 1354 2651 der Handlung von Szene zu Szene mit
383 2552 829 2650 steigendem Interesse.
421 2613 1341 2743 Die Berliner Schauspieler brachten das
369 2645 1344 2787 Schnitzlersche Werk in geradezu meisterhafter
366 2706 1331 2831 Darstellung. Der Beifall steigerte sich besonders
364 2753 1333 2871 nach dem dritten Akt zu großartigen Ovationen
369 2794 1327 2903 für den Autor. Schnitzler wurde zehnmal ge¬
359 2837 1326 2959 musen und mußte versönlich dauken. Die Ten.
352 2888 1323 3012 denz des Stückes hat hier lebhaften Anklang
361 2924 586 3009 gefunden.
691 3116 1183 3179 (Quellenangabe ohne Gewähr.)
809 3171 1359 3262 Mstriortes Wiener Extrablatt
386 3214 811 3280 Ausschnitt aus:
998 3232 1182 3300 Wien
734 3287 1012 3365 174PR.1913
390 3319 548 3374 vom:
563 3467 1254 3575 Theaterzeitung.
385 3555 1399 3669 Artur Schnitzlers„Professor Bernhardi“ in
765 3642 999 3720 Hudapest.
503 3721 1379 3774 Aus Budapest, 16. d. M., wird uns tele¬
402 3755 1386 3802 graphiert: Im Ungarischen Theater wurde heute
393 3801 1381 3861 Artur Schnitzlers „Professor Bernhardi“
391 3830 1398 3903 von dem Ensemble des Berliner Kleinen Theaters
403 3888 1389 3943 aufgeführt und fand eine glänzende Aufnahme. Der
392 3918 1397 3975 Dichter selbst war im Hause und wurde wiederholt
398 3967 1384 4032 stürmisch gerufen. Das elegaute Publikum, das das
396 4013 1407 4094 Haus in allen Rängen füllte, bereitete Artur Schnitzlex¬
388 4056 812 4113 ranschende Ovationen.
1625 209 2101 304 box 30/4
1832 700 2099 775 ——
2029 767 2859 864 17A78. 19:3 E.emdsnblatt, Wien
1843 797 1969 875 vom:
1675 833 3083 947 Marlan, Marthöf, Masta und Paul zur Aufführung. Anfang hald 8 Uhr.
1862 890 3085 985 Aus Budapest, 16. d., wird uns gemeldet: Das Berliner
1685 939 3082 1035 Kleine Theater des Direktors Barnowsky eröffnete heute im
1686 986 3081 1076 Ungarischen Theater ein längeres Gastspiel mit Artur
1681 1046 3081 1136 Scnitzlers „Professor Bernhardi“ Man hatte der Aufführung großes
1676 1088 3079 1186 Interesse entgegengebrächt und das Haus war bis auf das letzte Plätzchen
1674 1139 3081 1226 ausverkauft. Das Stück nimmt einen dramatischen Anlauf, endet aber in
1669 1185 3082 1286 einer geistvollen polemischen Behandlung klerikaler und liheraler Gegensätze.
1673 1239 3078 1326 Zu einem lebhaften Aufflammen der Begeisterung kam es erst, als Schnitzler
1672 1294 3078 1355 nach dem dritten Akte vor der Rampe erschien, der unter stürmischen
1660 1346 3082 1425 Ovationen zwölfmal hervorgerufen wurde. Das Ensemble ist sehr tüchtig.
1660 1385 3069 1458 Namentlich gefielen durch die Wahrhaftigkeit ihrer Darstellung die Wiener
1665 1428 3082 1527 Mitglieder des Ensembles, die auch den Ton am richtigsten trafen. Es sind,
1659 1475 3079 1577 dies die Herren Wolf, Wurmser und Klein-Rhoden. In der Titelrolle gesiel
1665 1522 3066 1645 Herr Decarli; auch die Herren Abel und Landa errangen großen
1588 1617 2999 1752 Best. Den witgl Ansährungen des Gnsenties beingt man oes Hntese
1588 1698 1775 1749 entgegen.
2030 2051 2501 2129 Zuehehangaer Sane Scuu-
2097 2112 2627 2214 Neues Wiener Journal, Wien
1713 2156 2147 2224 Ausschnitt aus:
1719 2266 1874 2317 vom:
1676 2410 2878 2482 Schnitzlers „Professor Vernhardi“ in Budapest.
1819 2460 2699 2553 —Gastspiel des Verliner Kleinen Thaaters.
1735 2525 2910 2588 Budapest, 16. April. (Privattelegkamm des
1641 2570 2905 2643 [Neuen Wiener Journals“.) Das Berliner Kleine
1642 2630 2901 2681 Theater (Direktor Barnowsky) eröffnete heute im Ungarischen
1646 2682 2895 2741 Theater mit Artur Schnitzlers „Professor Bernhardi“
1637 2723 2900 2800 ein längeres Gastspiel. Man brachte dem Stück außerordentliches
1633 2763 2901 2826 Interesse entgegen. Das Stück nimmt anfänglich einen starken
1638 2817 2908 2877 Hramatischen Anlauf und endet dann in einer geistvollen
1624 2862 2898 2932 polemischen Behandlung liberaler und klerikaler Gegensätze, die
1638 2921 2896 2987 sich von einem Wiener Hintergrunde abheben. Man folgte den Aus¬
1631 2970 2900 3024 führungen des Dichters mit lebhafter Spannung. Zu einem Auf¬
1630 3016 2909 3081 flammen der Begeisterung kam es indessen nur, als nach dem dritten Akt
1625 3059 2889 3118 Artur Schnitzler selbst erschien, der dann unter stürmischen Ova¬
1626 3100 2896 3163 tionen zwölfmal gerufen wurde. Die Aufführung war ganz vor¬
1632 3159 2895 3228 trefflich. Besonders gefielen jene Wiener oder österreichischen Dar¬
1631 3198 2910 3269 steller, die den lokalen Ton des Dramas am richtigsten trafen,
1629 3242 2906 3309 nämlich die Herren Klein=Rhoden, Wolf, Wurmser. Dann gefielen
1629 3297 2901 3367 sehr der Darsteller der Tiielrolle de Carli, Abel und Landa. Die
1623 3356 2912 3406 weiteren Vorstellungen des Ensembles sind schon zum großen
1619 3397 2915 3468 Teil ausverkauft. Auch dem Gastspiel des Josefstädter Theaters,
1617 3445 2896 3530 das übermorgen seinen Anfang nimmt, wird das lebhafteste Inter
1621 3490 2075 3565 esse entgegengebracht.
