3344 4352
659 178 848 253 eSS0
223 184 1525 297 25. Pro. Bernhardi
637 739 1423 830 -paundz Nr. 4.
969 788 1057 824 45
997 798 1525 896 ger Zewung, Winn
956 831 1172 902 ap
565 951 1435 1063 Theater und Musik.
685 1042 1306 1124 Deutsches Volkstheater.
532 1107 1552 1184 Das in Wien durch Jahre hindurch von der Zensur
424 1142 1550 1216 verbotene Stück Artur Schninlers „Professor
436 1184 1541 1258 Bernhardi“, Komödi# in fünf Alten, erblickte auf
427 1218 1555 1301 dieser Bühne in der neuen Republik zum ersten Male das
427 1262 1544 1335 Rampenlicht. Schnitzler zeigt sich wieder als Meister der
424 1295 1548 1383 Sprache, glänzt insbesondere durch den geistsprühenden
415 1335 1547 1418 Dialog, schaltet diesmal das erotische Moment ganz aus,
420 1383 1555 1449 läßt aber seinem Werke wenig dramatische Entwicklung
422 1435 1551 1496 angedeihen. Im Mittelpunkte der Handlung steht Professor
423 1465 1546 1526 Bernhardi, ein Jude, den der Autor als Idealgestalt hin¬
419 1494 1544 1581 stellt. Als Arzt verweigert dieser einem Priester, der einer
429 1541 1535 1605 Schwerkranken den letzten Trost bringen will, den Zutritt
421 1575 1534 1638 zum Krankenbette mit der Motivierung, daß das Leben
422 1621 1532 1695 der Sterbenden nur mehr nach Minuten zählt und diese
423 1641 1532 1732 sich eben im glücklichsten Zustande befindet, da sie glaubt,
407 1696 1545 1758 das Krankenhaus ehebaldigst an der Seite ihres Geliebten
407 1732 1537 1809 gesund verlassen zu können. Diese Affäre wird von den
416 1769 1538 1853 Gegnern des Professors aufgegrissen, bildet den Gegen¬
413 1816 1525 1889 stand einer Interpellation im Parlamente und endet
416 1850 1540 1907 schließlich mit der Verurteilung des Professors, der wegen
405 1899 1532 1968 Religionsstörung zwei Monate im Kerker abbüßen muß.
509 1933 1528 1999 Die Darstellung war redlich bemüht, an dem Erfolge
405 1977 1522 2051 des Abends mitzuarbeiten. Herr Bernau gab die Titel¬
407 2003 1523 2090 sigur, wie sie nicht besser gegeben werden kann. Herr
407 2052 1514 2122 Homma gestaltete den aalglatten Streber Professor
409 2082 1528 2170 Dr. Ebenwald in Sviel und Sprache mit Eleganz und
403 2137 1521 2201 Herr Onno war als Priester ganz vorzüglich. Die Pro¬
404 2162 1511 2248 fessoren am Elisabethinum waren insbesondere durch die
402 2210 1514 2288 Herren Götz, Kutschera, Elfeld und Forest
397 2239 1521 2323 glänzend vertreten. Volles Lob verdienen noch die Herren
399 2288 1519 2359 Klitsch als Unterrichtsminister und Edthofer als
389 2323 1516 2421 Hofrat. Die einzige Damenrolle wurde durch Fräulein
380 2401 1499 2478 Elisabeth Markus bestens vertreten. Das Tendenzstück
384 2456 1511 2524 wurde von den anwesenden Freunden und Verehrern des
374 2490 1297 2565 Antors mit stürmischem Beifalle ausgenommen.
446 2967 718 3072 280F2 737
798 3036 1422 3130 iener Salonblatt
424 3101 1671 3215 Die Theaterwoche. Eine Reprise und drei
313 3163 1661 3271 Premièren am 21. Dezember. Erstere: Tschaikowskys
327 3218 1674 3308 Pique-Dame: in der Hofoper. Die Aufnahme dieser
319 3262 1660 3363 melancholisch-lyrischen Musik zu dem Buche, das vom
317 3299 1657 3393 Spieler Hermann handelt, dessen Los kein besonderes Mit¬
305 3358 1659 3465 gefühl erwecken kann, war wieder nur eine laue, echt bloß
309 3406 1655 3517 im Danke für die beiden Träger der Hauptrollen, Slezak
306 3457 1643 3556 und Frl. Lehmann, und für Frau Kittel als alte Gräfin.
305 3503 1649 3623 Kapellmeister Reichenberger leitete die Vorstellung
299 3555 614 3614 meisterhaft.
418 3606 1643 3709 Dann Schnitzlers Komödie Professor Bernhardi- im
291 3643 1644 3749 Deutschen Völksthéäter. Inhalt allbekannt, denn
295 3715 1634 3806 die Zensur harte seinerzeit die Aufführung in Wien immer
298 3752 1641 3841 wieder verboten. Die Wirkung kolossal, trotzdem nur
292 3803 1628 3903 Männerrollen vorhanden sind. Dafür aber brillierten in den¬
288 3844 1632 3947 selben die Herren Bernau, Edthofer, Homma, Klitsch, Onno,
289 3897 745 3968 Teubler und Götz.
1589 178 2034 274 box 31/2
2192 368 3012 490 WIENER ABENDPGen
2074 512 3088 636 (eutsches Volkstheater) Vorgestern konnte
2025 573 3076 693 das bisher durch behördliche Verfügung von der Bühne
2028 630 3074 737 jerngehaltene streitbare Arztestück Artur Schnitzlers,
2018 686 3072 815 die Komödie „Prosessor- Bernhardi“, zum
2028 729 3065 823 ersten Male in Wien öffemlich gespielt werden. Aus
2015 782 3066 911 der umfänglichen Buchausgabe und durch eine Vor¬
2014 836 3060 937 lesung Ferdinand Onnos ist das Werk gleichwohl dem
2004 874 3100 992 literarisch interessierten und auch dem bloß neugierigen
2001 917 3056 1037 Teile des Publikums bekannt. Schnitzler, der Sohn
1999 982 3046 1108 eines angesehenen Wiener Arztes und selbst Arzt,
2004 1025 3045 1154 kennt die Umwelt genau, die sein satirischer Stift zu
2001 1079 3058 1193 schildern unternimmt. Die Lokalsarbe ist echt. Eine
1982 1136 3048 1239 lange Reihe scharf gesehener Typen holt er mit kecken
1986 1186 3046 1292 Griffen mitten aus der Wirklichkeit heraus und grup¬
1991 1233 3043 1337 piert sie geschickt um ein findig konstruiertes Motiv.
1993 1286 3043 1411 Im Grunde handelt es sich hier um das, was Kant
1991 1334 3031 1457 als den „Streit der Fakultäten“ bezeichnete. Die Medi¬
1978 1391 3025 1512 zin ist mit der Theologie in Konflikt geraten. Ein Arzt
1987 1433 3023 1549 hält es mit seiner Berufspflicht und seinem Gewissen
1977 1484 3028 1603 für unvereinbar, den Priester an das Lager einer
1983 1537 3018 1647 Sterbenden zu lassen, die in „Euphorie“ liegt. Das
1965 1586 3014 1697 ist ein letzter, beseligender, flüchtiger Glückszustand.!
2438 1686 3020 1721 —.. Aenovon Rr. 294.
2009 1753 3063 1815 der, körperliches Wohlbehagen vortäuschend, dem
2005 1805 3055 1870 raschesten Kräfteverfalle vorausläuft. Die Kranke stirbt
2013 1859 3051 1919 ohne Beichte und Absolution. Für solches Verhalten
2019 1903 3059 1966 des Mannes der Wissenschaft gibt es vom Stand¬
2007 1957 3045 2025 punkte des gläubigen Christen keine Rechtfenigung.
2008 2008 3052 2049 Aber ebenso unverantwortlich ist die Art, wie dann
1994 2046 3053 2121 daraus gierig politisches Kapital geschlagen, wie das
2000 2107 3036 2156 Tatfächliche durch lügenhafte Intrigen, gröbliche Ent¬
2000 2156 3041 2218 stellungen, von Neid und niedriger Streberei aufge¬
2005 2210 3051 2272 bauscht und umgebogen wird. Bernhardi wird vom
2000 2254 3056 2325 Gericht mit zwei Monaten Haft bestraft. Schnitzler hat
2002 2301 3055 2356 mit großem Geschick seinen heiklen Stoff in mancherlei
1987 2353 3039 2408 Beleuchtungen gerückt und es unternommen, Bespre¬
1997 2404 3040 2481 chungen, Erörterungen, Glossierungen den Anschein
1995 2460 3028 2506 lebendiger dramatischer Vorgänge zu geben. Anzuer¬
1986 2512 3026 2573 kennen bleibt sein Geschmack, der große Stimmungs¬
1991 2566 3036 2629 mache und wohlfeile Effekthascherei möglichst meidet.
1988 2606 3058 2657 An beweglichem Geist gebricht es diesem Stücke keines.“
1986 2654 3034 2726 wegs; zuletzt hebt es sich gar selbst ironisch
1986 2711 3039 2774 auf. Was aber verhindert, daß man seiner
1995 2762 3045 2816 vom Herzen froh, werde, ist das spoktakelnt¬
1978 2808 3023 2880 Tendenziöse, das der ganzen Materie anhaftet, und
1983 2862 3011 2926 man möchte fast mit dem Patriarchen aus „Nathan“
1971 2899 3024 2978 sprechen: ... ist der vorgetrag'ne Fall nur so ein
1975 2956 3015 3026 Spiel des Witzes: so verlohnt es sich der Mühe nicht,
1972 3005 3002 3060 im Ernst ihn durchzudenken. ..“ Die Darstellung trach¬
1964 3055 2999 3125 teie, das Darstellbare, das theatralisch Mögliche, heraus¬
1969 3102 3004 3180 zubringen, was ihr zumeist auch ganz wohl gelang.
1966 3162 3004 3226 Direktor Vernau ist ein bühnengewandter Mann.
1960 3207 3015 3291 Sein Bernhardi ist sympathisch in der Haltung, nur
1970 3259 3003 3311 etwas zu trocken im Ton; norddeutsche Kühle entfrem¬
1966 3317 2991 3379 dete. Herr Onno gab den jungen Priester mit emp¬
1964 3352 3011 3427 findungsvoller Feinheit, mit zurückhaltender, scheuer
1959 3418 2994 3473 Noblesse und ohne flackernde Uniuhe. Herr Götz er¬
1959 3459 3009 3517 wies sich wieder einmal als vornehmer Charakteristiker,
1964 3511 2992 3572 und Herr Forest ließ seine humoristischen Gaben er¬
1962 3561 3021 3624 freulich walten. Herr Kutschera stellt derb polternde
1960 3607 3012 3691 Redlichkeit nach ältestem Theaterrezept her. Das Stüch“
1954 3635 3015 3726 hatte einmütigen Beifall, und der Tichter durste sich
1963 3700 2356 3780 oft dankend zeigen.
