3392 4256
1612 131 2072 213 box 31/2
269 142 1513 230 25. PrafesSor Bernhand1.
1313 651 1739 835 1##1
338 826 1179 928 Za Rr.ZYT.
536 997 1289 1062 Die Radrundfahrt durch die Lombardei
309 1043 1498 1105 hat, wahrscheinlich noch kurz bevor der Krieg diese gesegneten Gefilde
312 1081 1503 1130 Italiens erreichte, vor sich gehen können. Die 10 Kilometer lange
312 1113 468 1158 Streche
476 1128 1511 1172 Mailand—Varose—Como—Monza—Malland wurde von
309 1146 1488 1194 52 Fahrern bestritten. Sieger blieb im Endkampf um ¼ Länge der
308 1183 1491 1235 Belgier Thys vor dem Franzosen Pelissiers, dem erst als Dritter der
299 1212 787 1276 Italiener Torricelli folgte.
647 1326 1130 1416 Kleine Mittellungen.
334 1415 1463 1493 Professor Bernhardi im Schillertheater Charlottenburg.
370 1485 1496 1546 Die Neueinstudierung der Schnitzlerschen Komödie stellt einen
302 1511 1487 1589 glücklichen Einfall der Spielleitung des Schillertheaters dar: Zu¬
295 1569 1498 1607 schauer und Schauspieler, diese für die Darbietung des fesselnden
299 1607 1493 1674 Werkes, jene für das Geschenk der dankbaren Rollen können gleich
288 1640 1489 1710 zufrieden sein. Die Regie Franz Bonnos traf in Ausdruck und
300 1708 1493 1767 Tempo das richtige Maß und half den Boden vorbereiten, auf dem
289 1742 1488 1800 die Darsteller sich mit Erfolg betätigen konnten. Georg Paeschke
296 1786 1485 1840 in der Titelrolle traf gut in Ton und Maske den warmherzigen
302 1838 1485 1905 Menschenfreund, in der Corona der Aerzte zeichneten sich die
303 1875 1501 1921 Herren Nowack, Menzel, Aßmann, Letroe, Beringer
296 1922 1488 1967 besonders aus. Auch in den übrigen Rollen wurde nichts vor¬
301 1963 1488 2051 dorben, so daß das vollbesetzte Haus mit riesengroßem Beifall
283 2007 498 2088 quittierte.
1301 2013 1469 2082 F. S.
325 2258 1579 2344 Tharlottenb. Schillertheater: „Professor Bernhardi“.
426 2315 1575 2382 Der Sturm im Glase Wasser einer Wiener Professoren=, Hof¬
338 2345 1577 2430 rats= und Parlamentarierwelt in dieser vielgespielten Komödie
336 2387 1576 2449 [Schnitzlers wirkt heute, in den darin geschilderten verlogenen
338 2426 1578 2507 Tricks und Kniffen wie ein zwerghaftes Spiegelbildchen des heuch¬
336 2466 1573 2546 lerischen Hetz= und Ränkespiels, das die furchtbare Tragödie des
344 2507 1572 2591 Weltkrieges von Anbeginn begleitet hat. Eigensüchtigste Interessen
339 2550 1567 2623 und kleinlich verbohrteste Gehässigkeit vermummen sich in die
345 2581 1566 2664 Phrasen=Maskerade angeblicher, politischer Pflichten und Notwendig¬
337 2616 1562 2687 keiten, um den verdienten und ebenso verhaßten jüdischen Leiter
335 2658 1568 2727 einer Klinik von seinem Platz zu drängen, Bernhardis Verbrechen
335 2691 1569 2779 ist, daß er, um einer armen Patientin' ihre letzten Hoffnun##¬
330 2731 1563 2804 träume nicht zu zerstören, dem herbeigerufenen katholischen Priester
338 2776 1563 2844 den Zutritt zu der Sterbenden veru igert hat. Ein Verhaltn,
334 2822 1560 2900 das Uebelwollen und Verleumdung sofort in eine demonstrative Ver¬
327 2848 1569 2932 höhnung der Kirche zu verdrehen beflissen sind. Von den lieben
327 2900 1568 2974 Kollegen geschürt, setzt ein gesellschaftlicher Boykott wider den Uebel¬
336 2938 1563 3012 täter ein. Antisemiten und Klerikale interpellieren im Reichsrat
337 2969 1656 3052 unter höchst möglichem Aufwande moralischer Entrüstung, und der 2.
332 3014 1550 3090 Herr Unterrichtsminister, der seine kläglichen Umfälle seit jeher mit
323 3043 1609 3134 den tönendsten Sentenzen auszustafsieren wußte, sagt die Eröffnung“
328 3086 1626 3152 des Anklageverfahrens zu. Was in der Komödie unterhält, sind —
327 3129 1577 3207 die satirischen, in Wiener Lokalfarbe getauchten Züge. Weniger die
331 3164 1583 3253 Person Bernhardis, der weit davon entfernt ist, sich selber irgend¬
326 3206 1552 3277 wie als einen Vertreter von Prinzipien aufzufassen, und, gänzlich
1596 3217 1640 3261 —
324 3247 1500 3303 unpolitisch, die ihm angebotene oppositionelle Führerrolle ablehnt.
393 3290 1560 3362 Das geistig Ueberlegene wie die mit glänzender Weltgewandtheit
303 3320 1546 3403 verbundene innere Solidität des Mannes kam in der Darstellung
304 3350 1542 3449 durch Georg Paeschke zu äußerst sympathischem Ausdruck. In
308 3383 1555 3479 dem Kollegenkreise traten die Herren Nowack, Menzel, Wirth,
313 3439 1533 3510 Aßmann mit scharf umrissenen Charakterstizzen hervor. Alfred
319 3473 1544 3552 Braun gab dem katholischen Geistlichen individuelle Tönung. Den
307 3521 1543 3599 Unterrichtsminister spielte Herr Kirsch, den ironisch anarchistelnden
324 3555 1198 3644 Hofrat des letzten Akts Herr Direktor Pategg.
1404 3582 1500 3649 dt.
801 3623 1024 3689 Notizen.
417 3673 1525 3725 — Ein Forschungsinstitut für Textilindustrie
309 3707 1534 3776 soll in Dresden unter Teilnahme der sächsischen Regierung gegründet
300 3739 475 3787 werden.
286 3817 1530 3889 Pfründ' für den Religionsunterricht bei den adeligen Jung
289 3870 1527 3946 lingen in der Offiziersschul', denk' Dir, das is doch schön von
290 3910 1527 3977 der Regierung, daß doch wieder auf den rechten Glauben
294 3949 1209 4035 schaut bei dene adeligen Jüngling' gelt?“...
2099 1547 3015 1628 „ n wieugr
2547 1620 2847 1730 SAut 1917
2445 1718 2971 1812 genpont, Berlin
2150 1934 2823 2020 „Professor Bernhardi.“ Arthur S.
2092 1981 2193 2044 #
2486 1983 2903 2060 die vor einem Jc
2230 1998 2412 2062 Verztekams
2099 2036 2956 2107 #huricher Theatererfolg war, gibt jestcm
2093 2063 2983 2132 Herrenensemöle des SchillereTheaters
2089 2119 2977 2174 lim Charlottenburger Hause) Gelegenheit zur
2085 2157 2969 2205 Darstellung jener ärztlichen Typen, um derent¬
2093 2194 2966 2247 willen allein der Arzt und Poet Dr. meb. Schnitz¬
2087 2215 2965 2282 ler diese bittere Glosse des medizinischen Streber¬
2082 2272 2971 2330 tums und der Gesinnungslumperei geschrieben
2091 2302 2967 2364 zu haben scheint. Denn die Tendenz ist hier
2083 2334 2961 2404 Nebensache, und nach Kräften vermeidet der
2085 2382 2973 2449 Dichter die Parteinahme. Ihm kam es auf die
2093 2423 2970 2482 Menschenschilderung an, und es zeigt sich bei der
2086 2456 2961 2518 Wiedererneuerung der Bekanntschaft mit diesem
2081 2501 2968 2568 Kollegium von Aerzten, daß der damalige Erfolg
2087 2536 2968 2601 der Komödle ein Erfolg der Darstellung war.
2086 2576 2953 2635 Ele sichert auch im Schillertheater dem Stück,
2081 2608 2963 2680 das neben zweiundzwanzig männlichen Figuren
2085 2655 2950 2714 nur eine Krankenschwester in einer nebensäch¬
2078 2690 2953 2739 lichen Evisode auf die Bühne bringt, die Anteil¬
2080 2725 2960 2789 nahme des Hauses. Den Professor Bernhardi
2075 2764 2965 2853 aibt Herr Paeschke. Noch etwas zu jung,
2084 2809 2954 2860 äußerlich ein wenig unruhig, noch nicht ganz
2075 2853 2962 2902 selbstsicher; aber mit der inneren Ueberzeugung
2072 2890 2960 2940 an seiner Sache und dem unerschütterlichen
2078 2916 2963 2990 Glauben an sich selbst und sein Recht. Treffsicher
2105 2964 2955 3031 estalteten die Herren Nowack, Aßmann,
2069 2989 2952 3056 Menzel, Wirth, Geisendörfer und
2081 3035 2945 3112 Krüger die Mitglieoer des Aerztekollegiums;
2076 3069 2947 3136 den Pfarrer, der einstmals Alfred Abel war,
2077 3112 2957 3181 gab, milde) weniger eiservoll, als dieser Priester
2075 3150 2948 3217 innerlich ist. Alfred Braun den lebensklugen
2067 3195 2948 3252 Orspät Ditektor Pategg mit feiner Ueber¬
2073 3225 2269 3294 leginheit.
2756 3237 2937 3318 M. L
