3344 4320
1588 141 2038 246 box 30/3
228 139 1436 250 25 ProfesserBernhandi
1338 762 1861 943 Ume
1568 895 1693 960 159
1552 954 1625 1076 0
1919 1090 1962 1150 —
1820 1155 1971 1234 18
1850 1268 2318 1401 K ae ere
2105 1344 2184 1397 1970
2180 1355 2217 1392 .7
1990 1363 2251 1435 ge
859 1363 1658 1472 WENN
2198 1379 2297 1444 4
2011 1404 2225 1478 SCAHN
1264 1500 1968 1587 Kunst, Litferatur, Theater.
1216 1583 1971 1698 Professor Bernhardi.“)
842 1688 2370 1755 Am katholischen Krankenhause in Wien liegt ein junges Mädchen im Sterben.
897 1720 2362 1793 2 Sie hat entbunden und die Dinge sind nicht so glatt verlaufen; die Arzte
839 1783 2361 1854 sind sich einig darüber, daß es in wenigen Stunden mit ihr vorbei ist. Eine
840 1838 2364 1907 fromme Schwester, die solches aus dem Gespräch der Arzte entnimmt,
845 1892 2365 1953 hält es für ihre Pflicht, — wie auch sonst in ähnlichen Fällen — den Geist¬
845 1931 2317 1982 lichen rufen zu lassen, damit er der Sterbenden die Sakramente reiche.
959 1984 2366 2051 Der Geistliche kommt, und als er im Vorzimmer dem Direktor der
851 2023 2362 2096 Anstalt, dem Prof. Bernhardi, begegnet und diesem seine Absichten kund
842 2089 2364 2146 tut, verwehrt ihm dieser den Zutritt zu der Kranken. Er stellt dem Geist¬
833 2138 2361 2196 lichen vor, daß das junge Mädchen keine Ahnung von seinem nahen Ende
841 2176 2369 2246 habe. Die Kranke befindet sich in der glückseligsten Stimmung und lebt in dem
833 2229 2359 2278 Wahne, in wenigen Tagen als genesen von ihrem Geliebten abgeholt zu
846 2271 2357 2340 werden. Diesen seligen Wahn will der Arzt nicht zerstört sehen; und das
836 2331 2365 2372 Nahen des Geistlichen mit den Sterbe=Sakramenten würbe die Kranke
846 2371 2369 2453 doch mit rauher Hand aus ihren schönen Einbildungen reißen und das un¬
846 2412 1522 2480 glückliche Wesen tief erschrecken.
953 2472 2357 2539 Es kommt zwischen dem Arzte und dem Geistlichen zu Auseinander¬
847 2502 2365 2567 setzungen über die verschiedene Auffassung ihrer Pflichten, wobei eine ge¬
843 2574 2367 2618 wisse Schärfe nicht zu vermeiden ist. Und als der Geistliche in seinem Pflicht¬
836 2607 2358 2667 eifer dennoch sich den Weg zur Sterbenden bahnen will, vertritt ihm der
843 2668 2360 2733 Arzt den Weg und wehrt ihn — wenn auch nicht heftig, so doch mit Ent¬
843 2716 2349 2779 schiedenheit — von der Tür zurück. Inzwischen kommt aus dem Kran¬
843 2750 2060 2810 kensaale die Nachricht von dem Hinscheiden der Leidenden.
946 2800 2362 2859 Der Vorgang wäre an sich nicht allzu bedeutsam und der entstandene
839 2872 2358 2932 Widerstreit würde unter verständigen, billig denkenden Männern sich leicht
842 2899 2370 2963 schlichten lassen. Hier aber erlangt das Ereignis durch einen Umstand eine
832 2964 2354 3010 besondere Schärse: Professor Bernhardi ist Jude, und so entsteht der Ver¬
836 3006 2362 3077 dacht, seine Handlungsweise sei durch eine stille Voreingenommenheit gegen
830 3052 2359 3105 die katholischen Gebräuche bestimmt worden. Ja, die verletzten katholischen
833 3096 2366 3159 Gefühle und die heute überall in der Luft liegenden Spannungen zwischen
830 3163 2361 3210 christlichen und jüdischen Anschauungen bauschen in begreiflicher Weise
834 3200 2369 3240 den Vorgang al“ und so entsteht denn draußen die Meinung, Bernhardi
841 3261 2356 3322 habe sich tätlich an dem Geistlichen vergriffen und ihn mit Gewalt an der
841 3290 2359 3341 Erfüllung seiner Amtspflichten verhindert. Ja, man spricht von einer Re¬
829 3358 2380 3436 ligions=Störung und droht mit einer Interpellation im Abgeordneten=Hause.
949 3394 2386 3483 Auch unter den Kollegen Bernhardi's, die sich aus Katholiken, Judew“
956 3454 1605 3538 *) Komödie von Arthur Schnitzler
