3436 4256
1814 97 2602 196 blandt dem fandtes adskillig dyg¬
1806 148 2621 267 tigt. Der var veltrufne Lagetyper,
1809 222 2616 306 fremstillede af Victor Neumann,
1822 271 2612 380 Viggo Lindstrem, Jacob
1809 326 2597 410 Texière og Robert Neiien¬
1806 381 2605 471 dam, og Gunnar Sommerfeldt
1789 450 2597 530 forlenede den unge Prest med en
1216 451 1605 537 Karl Mantzius.
1797 496 2599 599 egen stilfardig og blid Myndighed.
995 535 1794 624 Udbytte, end man fik af denne
1800 552 2599 661 Peter Fjelstrup havde maaske
1011 570 1789 675 Forestilling, der led under saare
1811 605 2593 701 faaet noget ud af den slimede
1008 649 1790 733 primitive ydre Forhold og den
1808 667 2600 753 Kultusminister, hvis han ikke havde
990 694 1795 787 ganske selvfelgelige Mangel paa
1800 726 2600 832 staaet saa fremmed overfor sin
1004 762 1789 850 lincre Samstemthed, der maa prage
1801 780 2083 855 Rolles Ord.
995 798 1796 912 en hojst tilfeldig Skuespiller-Trup,
1823 836 2573 910 Men skal Scenisk Samfund fort¬
986 849 1785 955 hvor kunstnerisk Evne medes med
1795 891 2590 966 satte, kommer det vist iil äb soge
997 916 1586 1010 den skare Dilettantisme.
1778 955 2577 1010 sig et andet Teater end det tarve¬
1032 986 2575 1086 Naar intet kebenhavnsk Teater lige i Odd Fellow-Palaet. Selv
989 1052 1786 1124 har bragt Skuespillet frem, har
1795 1055 2571 1146 det taalmodigste Publikum vil rea¬
996 1090 2566 1203 Grunden vel i forste Rekke veeretgere overfor et saadant Nattesede,
998 1160 2569 1258 den, at det intet Skuespil er. Det de besvarlige Scezeskifter var Aar¬
989 1217 1778 1295 er en Diskussion i fem Akter, ofte
1788 1225 1950 1304 sag i.
2349 1237 2532 1319 H. L.
982 1278 1780 1353 talentfuld fert med mange kloge
986 1329 1783 1404 og skarpe Indlag, men af Livi
994 1380 1778 1461 ejer det intet, end ikke af det
985 1442 1776 1530 Teater-Liv, som kan erstatte det
1785 1429 2550 1545 Thorvaldsens Museum.
984 1508 1773 1576 virkelige. Tiden er lebet fra det.
975 1538 1785 1655 For tredive Aar siden havde det
1804 1570 2561 1672 Fra Udvalget angaaende Thor¬
974 1608 1764 1687 Isikkert herhjemme fundet bedre
1771 1644 2565 1729 valdsens Museum forelaa i Aftes i
988 1662 1754 1761 Sangbund, end det nu ter gere
1766 1693 2569 1783 Borgerrepresentationens Mede en
983 1717 1299 1797 Regning paa.
1750 1759 2552 1842 fornyet Indstilling, efter at dets fer¬
1016 1779 1752 1863 En Indvending af ikke mindre
1770 1813 2554 1909 ste Forslag til Ordningen af Muse¬
974 1834 1750 1915 Veegt er det, at Liskussionen end
1769 1869 2545 1964 ets Forhold var vist tilbage til for¬
975 1904 1761 1978 ikke feres loyalt. De to stridende
1766 1936 2561 2017 nyet Behandling og Forhandling
964 1958 1745 2030 Parter, den jediske Laege og den
1762 1989 2351 2081 med Museumsbestyrelsen.
966 2009 1761 2093 katolske Praest, der medes og
1788 2055 2545 2138 Man havde da opnaaet Forlig
966 2053 1761 2149 terner sammen uden for Deren til
1758 2113 2535 2192 med denne angaaende Bestyrel¬
971 2116 1750 2199 det Sygeverelse, hvor den unge,
1756 2174 2536 2245 sens Sammensetning, og herom
965 2172 1740 2257 dedsmarkede Kvinde ligger, har
1753 2234 2532 2303 drejede da Spergsmaalet sig nu.
965 2220 1742 2316 ikke lige Spil. Paa Professor Bern¬
1753 2279 2536 2372 Og da nu de af denne Forsamling
963 2292 1749 2369 hardis Side or for hans Veegring
952 2340 1743 2421 ved at give Praster Adgang til
1750 2358 2538 2424 valgte Medlemmer fik omtrent
956 2395 1743 2485 Sygeverelset Intelligens og Ret¬
1753 2405 2540 2485 samme Indflydelse som de andre,
963 2458 1740 2537 sind, til Prestens og Kirkens For¬
1752 2465 2525 2545 vilde Flertallet anbefale at felge
1741 2514 2005 2593 Forslaget.
952 2521 1734 2591 svar kun Lumpenhed og Misun¬
949 2570 1737 2654 Celse og sjofel Partipolitik. Der
1771 2590 2541 2660 Ifelge dette skal Kunstakademiet
952 2641 1727 2705 er ingen Balance, fordi Arthur
1750 2648 2519 2719 velge 3 Medlemmer, og Borgerre¬
939 2683 1732 2771 Schnitzler, selv Jede og irreligies,
1747 2705 2514 2776 presentationen 3, 1 efter Indstil¬
945 2751 1732 2826 er Advokat og Anklager og ikke
1748 2754 2526 2823 ling fra Magistraten blandt dennes
937 2806 1722 2877 Digter. Saa let leses ikke Sperzs¬
1740 2818 2517 2893 Medlemmer, og 2 blandt Borgerre¬
950 2854 1719 2934 maalet om Legens Pligt over for
1741 2873 2517 2950 presentationens Medlemmer. og
938 2915 1726 2993 den Ceende, det afgeres ikke ved
1733 2930 2514 3017 endelig veelger Hojesteret 1 Med¬
944 2973 1716 3053 en Henvisning til en „Menneske¬
1730 2983 2506 3062 lem blandt de retskyldige Dom¬
933 3015 1728 3100 ligbed“ der ikke vil taale, at de
1730 3044 2520 3141 mere ved en af de kollegiale Dom¬
941 3066 1711 3165 sidste Timer formerkes af Uro og
1731 3100 2166 3187 stole i Kobenhavn.
939 3129 1728 3218 Angst, og ved en total Afvisning
1756 3158 2514 3246 Rump anbefalede paa Udvalgets
931 3187 1713 3268 af Kirkens Krav. Ikke ci Eru faar
1732 3228 2501 3304 Vegne, som Ordferer, den ny Indstil¬
941 3248 1719 3328 den Lov til at faa indfert, fordi
1720 3274 2499 3347 ling, hvorefter Becker paa egne og
940 3315 2502 3398 Forf. i sin Ensidighed intet for-Schovelins Vegne havde Ordet for at
930 3355 1713 3439 staar af Kristendommen og dens
1726 3378 2503 3445 anbefale, at man forkastede denne
1727 3419 2500 3475 Overenskomst, og for Tiden gav Af¬
941 3430 1705 3495 Vesen. For ham er Professor Bern¬
1714 3474 2499 3552 kald paa at sege en ny Ordning gen¬
928 3446 1702 3557 hardi en Mand, der ger sin men¬
1713 3520 1926 3585 nemfort.
922 3527 1722 3624 Ineskelige Pligt vedat frede om en
1743 3558 2492 3624 Trier stettede Flertallets Forslag og
924 3574 1707 3666 ceende Stakkels si ste Timer,
1708 3614 2499 3701 fandt ikke Forsamlingens Veerdighed
919 3663 1708 3722 men han er uden nogen som heist
1709 3664 1916 3730 kranket.
925 3698 1714 3791 Forstaselse over for den Tanke, at
1738 3714 2487 3783 Fischer vilde stemme for Mindretal¬
1711 3762 2488 3835 lets Indstilling. Sagen burde forelobig
925 3765 1700 3852 Freden muligvis kan viere dyre¬
1709 3811 2484 3867 udsattes, til man fik en Ordning, der
931 3816 1068 3874 kobt.
1710 3865 2485 3931 mere stemte med Forsamlingens Ver¬
969 3839 1705 3952 Skuespillet bliver da i dybeste
1706 3902 1874 3962 dighed.
898 3928 1710 4004 Forstand uden virkelig Interesse,
1734 3959 2493 4010 Schovelin fandt det uden Sidestykke,
904 3955 2495 4071 li hvert Fald for danske Tilskuere, at en Forsamling tog saa lidt Hensyn
2440 4085 2508 4146 15
