3344 4352
1840 102 2277 179 e enenenseenhanngmna
693 133 1818 192 That she trinoplm in the long run be her vern
1818 168 2955 237 Ho represents, no decht, a certain trend schich bad ite
693 155 1820 225 Iinitations, and that family ties attach the temporarily
1825 210 2959 276 beginning in Ibsen, as tine direction taken Da-II. Enlenberg
690 224 1818 282 faithless, is a connnon experienee. But in the current
1829 258 2960 326 was perhaps infiuerred 7y D’Annungio. The Mele
692 267 1809 324 welter of New Moralities these truisms are apt to be over¬
1827 294 2961 365 Schidnke mnust not be taken too serionslg, nor do chey
697 300 1812 363 looked. Beyerlein does a service to that section of tho
1825 342 2967 422 represent the best that Eilenberg enn do, A lunnourist,
694 351 1800 412 pülblie to whom his work appeals in presenting the truth,
1815 398 2959 466 for example, would scareely have chosen t# title for tese
688 392 1807 470 though not perhaps the whiole truth, of a triangular situn¬
1827 442 2964 508 little one-net pieces. The best of the four is Die Oesch¬
693 441 1804 508 tion. Hemakes areal effort to get to the heurtof the matter,
1822 489 2958 549 wister, in wbich Paul and Paula beving madle a füli mutual
686 495 1806 551 t0 go as deep as he can, or as deeplas his public can follow
1819 538 2949 584 confession, as each supposes, of former frailtie-, pre Sud¬
691 527 1811 602 him. To unjesting Tolstoi asking“ What is Art?'' onc
1820 577 2962 651 denly confronted, sile with a# Jetle? Faul, and he
684 579 1806 649 might replg. Art is for each man just so much as he can
1834 632 2960 693 with a“ little? Paula, out of their respective pasts. Die
698 625 1801 682 understand of universal design. In that sense Prauen is
696 664 970 730 a work of art.
1827 665 2952 736 Welt mit betrogen werden refers to the world of art,
1816 728 2953 786 and a faked“ Reinbrandt.“ The farces are in rhyined
726 725 1800 797 On a considerably higher level is Der Munn im Saupfeur¬
1827 770 2950 827 couplets of varying length according to the moodl sug¬
694 751 1813 841 kasten, wllich also seeins to mark a reaction in favour of
1824 816 2958 875 gested. They are pleasant to read, und prove how rich
696 822 1798 888 wholesomeness. Thie man in tie prompt-box is a stage¬
1826 856 2960 929 in divers tones is the instrument upon which Eulenberg
692 858 1803 931 struck youth who gives rise to legends of a ghost, by' lis
1816 896 2255 961 80 skilfully performs.
691 899 1813 982 habit of walking the boards and comnposing plays afterthe
1848 943 2959 1003 The vigorous talent of H. H. Ewers is independent of
697 962 1814 1023 closing of the theatre for thenight. He is discovered bjethe
1825 986 2964 1034 style. His works run into double-figured editions, and
679 993 1807 1062 leading lady with the inevitable sequel. He has his
1821 1051 2954 1103 are translated into many langnages, though probably not
683 1054 1801 1119 succes d’estome, tlience develops into popularity, aspiros
1821 1096 2955 1147 more than a few dozen English readers are acquainted
690 1092 1794 1154 to the hand of Corelli, who has ouly been the director.
1823 1137 2960 1176 with lis name. He belongs to tho “echt Deutschen,?
686 1130 1797 1210 wife in name, and all ends happily with marriage bells.
1813 1179 2959 1222 for whom the grotesque has a peculiar appeal. Das
689 1184 1801 1253 There is a delicate and delicions flavour about this coinedy.
1827 1222 2953 1285 Uundermädchen von Berlin, the second of two published
681 1212 1804 1294 It is neither farce nor burlesque, nor ang otlier substitute
1818 1266 2951 1336 plays, of which the first, Delphi, appeared in 1906, presents
668 1274 1806 1329 #forchagennine artiele. Frau Wieselin, mother of
1818 1329 2956 1373 acherseter in shieh ing'stie elements morge into the sensual.
679 1304 1802 1391 Heinrich, whose one desire in life is at last to feel that
1812 1362 2955 1423 Luise Braun, the miracle worker, the Grüfin ida Hahn¬
682 1363 1801 1431 she 7e his mother; Angiolina, whose“ noble profile'' is
1810 1412 2961 1466 Hahn, and others are historical personages, and though
686 1418 1797 1479 eclipsed by the youthful charms of Corelli, and whose
1813 1453 2953 1516 Ewers disclauns any attempt at historical pedantry, his
690 1464 1793 1529 carcer is marred by devotion to her child; the fat, jollz¬
1818 1506 2961 1560 rendering of the atmosphero of 1848 is admirable. IIe has
682 1495 1799 1574 director llimself, man of thie world and man of business,
1817 1543 2951 1599 hardly perhaps succeeded in the central figure, whiose
677 1547 1802 1603 get with a very human side; all these and others are
1806 1588 2940 1649 Jekyll-and-Hyde reality was surely stranger than any
685 1601 1801 1659 true comedy figures. In a word, Rittner, too, is ovidently
1804 1627 2948 1695 fietion. Luise’s developinent from a Wundermädchen to
689 1641 1792 1708 one of those who love mankind. It is humanity again,
1817 1689 2948 1753 a light o'love ends on a melodramatie note, wllich is hardly
680 1699 1797 1754 above all, that hias given to both Schnitzler and Gerhard
1813 1728 2951 1778 in keeping with therestraint of the carlier scenes. But tho
683 1733 1796 1790 Hauptinann their assured niche in the temple of drama.
1814 1774 2948 1839 teclmical excellence of a dramatist who ranks pre-eminently
688 1768 1801 1852 The peculiar gentloness characteristic of these writers is
1808 1819 2445 1875 as a novel writer is reinarkable.
675 1821 1802 1894 displayed in the Festspiel and in Projessor Bernhardt.
689 1869 1804 1940 Hauptmann’s attempt to place the German nation as pro¬
1839 1870 2944 1935 Space serves mnerely to mention the amusing Ver¬
692 1916 1798 1986 tagonist upon the stage, compared with any of our pageants,
1814 1925 2944 1982 tauschte Seelen of W. v. Scholz; a successful“ big bow¬
683 1964 1796 2035 in wllich class of drama it naturally falls, is, of course, as
1813 1968 2948 2015 wow? by Sudermann, Der Beiller von Syrakus; some
1816 2010 2957 2073 pleasant diminutive dramas, something in the vein of Mr.
689 2009 1788 2077 wine unto water. Many things are said wittily, many
687 2047 1787 2126 beautifully; and the crowd mofir, always attractive to
1809 2059 2946 2117 Maurice Baring, Der spielende Eros by W. Schmidtbonn;
1809 2101 2953 2143 A. v. Kalllenberg’s ambitious and partially censured social
683 2097 1793 2166 Hauptmann, is skilfully used. Ho divides his stage into
1820 2146 2952 2215 drama, Der Kaiser: Schönherr’s effective and popular Eyde;
679 2146 1800 2201 three parts, one above another. Below stands the director,
682 2196 1792 2254 wlio takes out of his box one puppet after another, with
1814 2194 2964 2253 and, lastly, as in dramatie duty bound, the strange queer
686 2245 1789 2303 satirical commment upon each, as they are about to appear
1810 2209 2993 2307 Franziske of Wedekind, half eriminal, half Madonna, a7
1808 2276 2313 2354 Wundermädehen indeed.
682 2280 1801 2352 in large upon the second stage. The third and highest
677 2334 1804 2396 compartment represents tho temple of Eros, to which
687 2369 1808 2445 the whole nation in union is bidden to aspire by Athene
678 2408 1788 2496 Deutschland. Without entering into the controversy
680 2466 1807 2545 to which thie Festspiel has given rise, one may place it at onco
674 2518 1798 2567 asliterature amlong Hauptmann’s second best. His imagina¬
674 2558 1800 2615 tion was perhaps applied more earnestly to the form than
685 2602 1856 2689 the substance. Technically it is interesting, and the dis-t
674 2653 1868 2740 satisfaction felt in some quarters with his treatmnent of the###
672 2696 1821 2775 great theine may have been due in part to his unconscions
677 2732 1292 2804 aversion from an imposed task.
696 2788 1796 2857 Tlie new Schnitzler,' on the other hand, has evidentli¬
1809 2819 1876 2882 St
677 2834 1857 2896 been composed con amore. The doctor type is onc of hisg.
671 2887 1872 2960 notes, und in Projessor Bernhurdi we have no fewer thanife
671 2932 1878 3011 fifteen nnedical men, all nicely differentiated, from Bernhardi# #
668 2979 1858 3045 himself, pure man of science, or the assistant Wenger,g#
667 3010 1873 3098 whose acunien is independent of a bedsidlo manner, to theife
661 3068 1844 3145 verririste, Flint, who has used thie profession as a stepping¬ v
669 3106 1861 3194 stone to the higher things of an Unterrichtsminister. Inthelos
676 3149 1878 3241 latter capacity he has the deciding influence upon thel'
688 3198 1880 3272 a#ere Bernhardi, but ambition carries tho day overige
669 3228 1838 3323 friendship. Bernhardi’s rejection of the priest Frank
666 3286 1882 3372 Reder from a dying girl’s bedside has offended ih
673 3341 1865 3419 tho powers that be, and Flint has undergonej sc
670 3386 1861 3454 the subtle change that alters judgment in theiwi
663 3439 1879 3514 official mind. Though one of the powers, he is h1
658 3453 1883 3568 impotent on behalf of an unpopular cause. Ssveralj pi
670 3525 1794 3585 of the doctors, including Bernhardi himself, are also Jews,
1797 3536 1871 3603 of
666 3560 1789 3647 and elerieal opinion is further affected by anti-Semitie
1802 3588 1880 3641 st
663 3601 1788 3680 prejudice. Sister Ludmilla, the nurse, a minor character,
1793 3618 1875 3698 G
658 3658 1788 3729 represents the whole female interest in this astonishing
1794 3674 1874 3731 01
665 3699 1788 3785 play. It has certain points in conunon with Mr. Gals¬
1791 3717 1863 3785 86
667 3753 1860 3814 worthy’s Sirce, particularly the crumbling up of theig
660 3802 1869 3874 problein in thie conclusion.“ What will be the end of! R
660 3844 1865 3916 this ?“ said a character in an old play; and anotheri#
660 3888 1422 3939 answered,*Tewill be no end.%
1783 3892 1871 3969 b.
694 3930 1871 3995 To pass fron writers who are becoming classies, thefee
651 3987 1860 4057 theatre has niso a supreme attraction for C. Sternheim, Ii.
667 4035 1865 4107 whio has already somne half-dozen plays to his credit, andr.
608 4047 1860 4158 is feeling his way to further developments. Bürger Schippel p.
