3344 4320
233 178 1435 271 25. ProfessenBernhandi
433 680 729 769 ohnitt aus:
728 709 1491 804 Berliner Börsen Courier, Berl
947 788 1337 858 bondansrabe
555 790 1063 916 Siieentr.,
431 833 531 898 1
463 1025 1450 1106 Schnitzlers „Professor Bernhardi in Stutt¬
406 1078 760 1160 gardmir
844 1104 1441 1164 jeldet: „Professor Bernhardi“
416 1104 1453 1183 fand bei ausvertaustem Häuse größtes Interesse und
407 1177 1447 1216 hielt das Publikum bis zum letzten Augenblick in
407 1218 1459 1273 Spannung, was sich durch häufige Hervorrufe an den
400 1258 930 1326 Aktschlüssen dokumentierte.
459 1291 1473 1397 Mhe Günaen Pufte Bi e an d. Be  n
673 2028 1164 2147 Eemenenangabe onne Gewahr.)
953 2118 1496 2217 Neueste Nachrichten
472 2173 802 2258 schnitt aus:
935 2191 1212 2277 München
750 2244 1049 2321 N. 0K7.1973
513 2308 1488 2462 T Kleine Chronik. v. Iu Stutgart dat
556 2375 1459 2498 Schnitzlers Kom#di#r Bernhardi“
538 2434 1474 2524 hei der ersten Aufführung im Kleinen Hoftheater
538 2460 1479 2580 am Sonntag lebhafteste Anteilnahme erweckt und
542 2507 1474 2610 sehr starken Beifall gefunden. Egmont Richter lie¬
536 2542 1471 2650 ferte ein treffliches, lebensvolles Charakterbild der
537 2576 1468 2686 Hauptgestalt; auch die übrige Besetzung befrie¬
533 2619 1461 2728 digte in hohem Maße. Die Hauptdarsteller wur¬
522 2646 1453 2768 den nach den Aktschlüssen oftmals hervorgerufen.
576 2696 1462 2804 Im Stuttgarter Schauspielhause erzielte Lud¬
509 2728 1454 2844 wig Thomas Einakter „Das Säuglingsheim“ bei
516 2767 1449 2872 den ersten Aufführungen am(Samstag und Sonn¬
504 2806 1071 2889 tag einen Heiterkeitserfold“
534 2857 1450 2975 elandels „Verkänötgung“ ging gesten
705 3200 1201 3327 Wuellesaharbereung Orrthr.)
820 3275 1225 3363 GRTUGER 1915
450 3345 832 3430 usschnitt aus:
727 3381 1478 3481 rliner Zeitung am Mittag, Berlin
461 3458 573 3519 om:
574 3674 1414 3791 Schuitzt###rfessor Bernhardi““
513 3717 1415 3844 w#urde gestern im Stuttgarter Hoftheater
528 3798 1092 3877 mit großem Erfolge gegeben.
805 3761 1436 3886 . den did din Gemien „ene.
591 3848 752 3902 #. (:
1580 160 2038 250 box 30/4
1860 1235 2277 1315 Ausschnitt aus
2162 1251 2504 1360 Gt 5 10
2344 1290 2865 1392 Hamerist, Wien
1868 1336 2036 1394 vom:
1890 1390 3033 1481 Ans Kalkowit wird une berichtei: „Der zweite
1693 1475 3028 1529 Schnitzler=Abend“ dieser Saison brachte das in der medizinischen
1697 1526 3032 1579 uns Politischen Welt spielende Drama „Professor Bernhardi', das
1694 1575 3023 1635 im vorigen Winter am „Kleinen Theater' in Berlin seine Urauf¬
1708 1623 3028 1676 führung erlebte. Er hatte eine sehr zahlreiche Zuhörerschaft ver¬
1702 1669 3020 1722 sammelt, so daß der Wunsch sich unwillkürlich aufdrängte, diese
1694 1724 3027 1787 literarischen Abende möchten sich auch weiterhin einer solch regen
1693 1771 3028 1815 Gunst ueseres Theaterpublikums erfreuen. Schnitzler läßt uns
1702 1814 3024 1869 hochinteressante Einblicke in das Getriebe der „Gelehrten=Republik“
1700 1871 3027 1921 und der Politiker tun; die Handlung ist folgerichtig entwickelt und
1694 1912 3030 1999 läßt den Zuhörer nicht aus der regen Teilnahme und Spannung
1697 1971 3030 2016 kommen. Die Aufführung zeugte von sorgsamster Vorbereitung und
1694 2016 3024 2065 großer Hingabe aller Mitwirkenden an ihre Aufgaben. Voran
1703 2064 3023 2129 stand Herr Lischka=Raul als Titelheld, der, den wiener Dialekt
1691 2117 3026 2167 völlig beherrschend, eine glänzende Leistung bot, unterstützt durch
1697 2164 3032 2222 charakteristische Maske und Erscheinung. Die Auftritte mit dem
1695 2208 3035 2259 Unterrichtsminister und dem Geistlichen waren in dem, was sie
1705 2264 3018 2313 vermittelten, durchaus überzeugungstreu gehalten und von mächtiger
1699 2307 3026 2378 Wirkung. Der letztere („Pfarrer Franz Redler) wurde durch Herrn
1701 2361 3014 2411 Grüber würdig und lebenswahr verkörpert. Den Unterrichts¬
1703 2405 3013 2461 minister, den „weder Skrupel noch Zweifel plagen“, zeichnete Herr
1702 2454 3020 2512 Kiel mit treffender Maske und scharf pointiertem Spiel. Unter
1692 2507 3010 2565 den zahlreichen Vertretern des Professoren=Kollegiums ragte Herr
1689 2556 3009 2608 Carlmayr als „Professor Dr. Ebenwald', mit fein nuanciertem
1702 2607 3022 2651 Spiel hervor. Die frische, lebenskräftige Art, mit der Herr Rolly
1699 2651 3013 2704 den „Professor Dr. Pflugfelder“ zeichnete, verdient hohes Lob;
1694 2702 3014 2761 ähnliches gilt von dem „Dr. Löwenstein“ des Herrn Bernhöft,
1699 2749 3027 2806 obgleich er sich nicht frei von Uebertreibung hielt. Von letzterem
1699 2805 3019 2864 Fehler war auch der „Hofrat“ des Herrn Paul, so frisch und
1697 2850 3024 2921 lebensvoll und echt wienerisch seine Darstellung erschien, nicht ganz
1701 2899 3014 2954 freizusprechen. Die Herren Weil, Brosig, Rothen und
1697 2950 3013 3002 Westphal fügten sich, ihr Bestes bietend, harmonisch in das
1692 3000 3014 3056 Ganze. Herr Wisten („Hochroitzpointer“) spielte zu sehr auf den
1696 3049 3024 3094 Effekt; Herr Robert als „Verteidiger Dr. Goldenthal“ erschien in
1686 3091 3024 3153 der Darstellung zu farblos. Impulsiv und mit glücklicher Charak¬
1692 3141 3042 3196 teristik stellte Herr Bachmann den „Bezirksarzt Dr. Feuermannt
1678 3195 3018 3250 dar. Die Regie (Herr Lischka=Raul) waltete umsichtig ihres
1691 3238 1861 3317 Amtes.
2866 3249 2969 3305 B.
