3344 4320
232 180 1451 259 25. ProfeseBernhand
917 890 1560 975 . Ausiedler nicht ausreicht.
347 938 1561 1012 weiterer Grund von benachbarten Gütern zur Abrundung des
165 953 310 1012 Went
341 997 1572 1055 enteigneten Gebietes ebenfalls durch Enteignung herangezogen
355 1044 626 1100 werden kann.
143 1167 301 1235 ktuelle“
335 1151 1565 1234 Es ist wirklich, als ob In Stücken mit Dialektanklang das Idiom
344 1223 1566 1283 selbst zur Fackel würde und in die tiefsten Tiefen des Menschen
140 1219 306 1285 t gegen
345 1267 1568 1320 herunterleuchte. Auch Reinbardts grosse Erfolge in dieser?
351 1313 1563 1351 Saison beruhen auf zwei völlig österreichischen Aufführungen.
139 1306 320 1382 bit jetzt
346 1355 1565 1410 Zum ersten hat er kürzlich eine völlig österreichische Ausgabe
157 1370 305 1425 Ueber¬
337 1396 1570 1449 den „Lebenden Leichnam“ hergestellt, mit dem tragischen Ko¬
154 1415 318 1480 Grafen¬
355 1445 1568 1497 miker Gustav Waldau in der Titelrolle. Das schläfrige, von
149 1461 319 1524 er war.
343 1485 1566 1540 Natur misogyne, zugleich aber auch aus Erziebung noble und
142 1504 320 1563 esucher.
347 1531 1573 1582 dem Gemeinen abbolde Wesen Waldaus gab dem Fedja, und
143 1551 320 1609 ie muss
344 1577 1567 1637 damit dem Stück, eine ganz neue Melodie. Eine heiser sym¬
150 1584 317 1653 neiner
343 1619 1567 1665 pathische Melodie. Zunächst schien Waldaus Gestalt nur ver¬
172 1639 323 1694 (Weil
350 1660 1576 1709 vettert irgendeinem Ruah-Haben-Wollenden aus einer Nestroy¬
151 1684 321 1737 nur ge¬
338 1697 1563 1752 Charakterkomödie. Dann (irgendwo muss man die Klinke
172 1728 317 1781 selbe
351 1749 1572 1803 packen) machte er eine Türe auf und trat tief in die Rolle hin¬
154 1771 308 1826 kommt,
348 1792 1572 1835 ein. Durch eine ganz andere Wand als Moissi. Moissis Be¬
152 1813 312 1876 terhund
347 1828 1570 1872 redtheit und Waldaus Verstummen, beides wird man nicht ver¬
166 1861 327 1925 dieses
350 1883 1564 1936 gessen. Wenn sich Schwager und Schwägerin (die begabte Eva
152 1905 319 1962 hicksal
342 1924 1574 1972 Geyer) anschweigen, und aus Waldaus Auge die Erkenntnis
148 1948 315 2007 terfolg
349 1966 1561 2017 bricht, man solle eigentlich niemals sprechen — wie wunderbar
185 1994 320 2063 ging
344 2007 1564 2054 ist das! Zum Zweiten haben die Josefstädter (unter Reinbardts
146 2029 319 2091 age das
345 2055 1562 2104 Meisterschüler Paul Kalbeck) Kamares „Leinen aus Irland“ aus
152 2076 313 2133 te oder
342 2101 1568 2153 der Berliner Dlaspora erlöst und dem verdienten Erfolge zu¬
156 2122 319 2180 grosse
348 2146 1564 2201 geführt. Nicht die recht abgegriffene Lustspielintrige entschied
150 2165 317 2223 da war
344 2184 1566 2242 ihn, sondern die österreichische Typenkenntnis des Verfassers,
162 2210 300 2268 das in
350 2231 1564 2269 die Waldau, Peppler, Neugebauer, Nowotny, Alten und Anna
149 2258 320 2314 ebracht
341 2264 1576 2313 Salten glänzend hoben und ausbauten. Merkwürdig der Berliner
155 2299 313 2362 1 Jahn
339 2308 1562 2359 Schauspieler Kurt Bois. Was er an Schärfe daheim lassen
274 2352 309 2394 5
345 2362 1565 2416 musste, gewann er an Tiefe — ja: an Tragik. Mit Ausnahme
162 2390 318 2441 bel und
345 2402 1565 2449 von Hugo Thimig, aber wer wird einem gewesenen Burgtheater¬
154 2427 320 2489 kknopf
350 2449 1558 2515 direktor die Wahrheit sagen wollen (das Alte bleibt hier un¬
159 2472 310 2528 erheben
346 2492 1376 2544 gestürzt!): ein schauspielerisch ganz grosser Abend.
151 2520 316 2571 musste
397 2530 1568 2587 Manches ist hier zu österreichisch, als dass es von den
166 2561 310 2616 dürfe“.
355 2576 1565 2630 Hiesigen genug gewürdigt werden könnte. So wird man vielle cht
157 2603 310 2663 glicher¬
352 2621 1560 2683 erst in Deutschland darüber entscheiden müssen, ob und werem
158 2653 321 2705 meta¬
355 2660 1572 2720 Clemene Neydissers Lustspiel das beste österreichische
153 2698 314 2758 pder im
358 2707 1572 2753 Komödiengewächs seit Bahrs „Konzert“ ist. Hinter dem
161 2742 321 2800 um der
344 2753 1576 2805 Pseudonym verbirgt sich Lernet-Holenia plus Stefan Zweig; das
342 2801 1573 2852 Stück heisst „Gelegenheit macht Liebe“. Es hat eine Anmut, die
173 2826 325 2897 Georg
341 2845 1563 2889 nirgend verlogen ist; seine Indezenz ist so unbefangen, dass sie
353 2883 1561 2925 bereits wieder völlig dezent ist. Es hat allerdings (welch ein
154 2898 320 2983 hundert
349 2926 1559 2977 Verbrechen!) nirgends Ansatz zu Gefühlsfett. Trotzdem ist es
162 2963 323 3029 manche
355 2974 1561 3017 österreichisch. und sogar zu 100 Prozent — denn jenes verlogene
168 3013 321 3068 . dass
344 3012 1567 3071 Gebäck aus Gesang und Tränen, jenes noch immer zu wenig
159 3058 316 3108 hnitzler
357 3055 1569 3116 verfluchte internationale Flimmer-Wien, der Export-Kitsch, ist
160 3087 323 3157 gespielt
350 3111 1565 3164 gar nicht österreichisch. Die schöne Aufführung des Deutschen
178 3141 328 3194 128 ist
355 3150 1564 3183 Volkstheaters wurde getragen von der reifen und weiblichen Erika
165 3183 321 3252 Bühnen¬
357 3187 1571 3241 Wagner, von Paula Wessely, Hans Thimig und dem vielleicht
180 3236 1354 3295 macht. & besten, weil uneitelsten Bonvivant Wiens, HIans Olden.
1605 157 2056 244 box 31/4
2047 894 2922 973 ische Juristen aussernato
2055 962 3272 1019 mögen, um den erregenden Fall nachzuprüfen und ein
2061 1016 3095 1081 Gutachten über den Urteilstatbestand abzufassen.
2805 1057 3235 1131 Thomas Mann.
2110 1060 2551 1137 Ihr sehr ergebener
2102 1170 3275 1249 Leider hat Wien noch immer nicht, was es haben sollte und
2046 1234 3278 1289 könnte: ein Nestroy-Theater. Ein Theater, auf dem man 364 Tage
2059 1276 3264 1326 im Jahr Nestroy zu spielen hätte. Täte man dies, so würde sich
2055 1322 3266 1379 durch das ganze Jahr eine solche Silvesterstimmung verbreiten
2052 1366 3275 1399 wie beim „Färber und sein Zwillingsbruder“. Sogar die beste
2056 1411 3267 1462 Gesellschaft Wiens, die Nestroy für einen sehr lange ver¬
2058 1450 3275 1503 storbenen, eigentlich nie recht aufgekommenen und überholten
2057 1488 3282 1538 Schriftsteller hält (und sich nach Art jeder besten Gesellschaft
2060 1538 3284 1598 lieber eine teure Importe aus London, Paris und Berlin in den
2054 1577 3280 1636 Mund steckt), würde zwangsweise merken, was es an ihm besitzt.
2057 1629 3286 1696 Denn das ist der Ernst in Nestroys lustigen Stücken: dass er
2057 1673 3273 1718 vom höchsten Würdenträger bis zum untersten Hausmeister das
2057 1710 3288 1772 ganze Oesterreich erfunden hat. Hier — in den Lustspielen eines
2056 1759 3276 1808 Shakespeare! — steht wirklich die metaphysische Oberbühne.
2051 1805 3276 1842 Aber kein Druck auf den Intellekt, sondern ein leises Berühren
2062 1850 2902 1912 des Herzens befördert das Publikum hinauf.
2111 2003 3276 2081 * Renée Sintenis und Klee in Brüssel. Aus Brüssel berichtet
2061 2070 3269 2110 unser Korrespondent: In Brüssel wurde die Ausstellung der
2052 2111 3286 2166 Bildhauerin Renée Sintenis und des Dessauer Professore Paul
2051 2161 3279 2217 Klee eröffnet. Damit treten zum ersten Male wieder deutsche
2059 2190 3284 2255 Künstler von Ruf vor die belgische Oeffentlichkeit. Der deutsche
2051 2246 3277 2301 Gesandte und Frau Horstmann eowie der Gesandtschaftsrat
2054 2288 3278 2336 Braun von Stumm waren aus diesem Anlass in der Galerie
2063 2335 3278 2385 „Der Zentaur“ erschienen. Die Anerkennung der Sintenisschen
2066 2388 3277 2437 Tierbildserien wird sicher allgemein sein. Das Werk Paul Klees,
2062 2423 3279 2470 der bereits vorigen Winter in Brüssel ausstellte, dürfte hier nur
2054 2476 3288 2521 bei den ganz Jungen auf Verständnis stossen, die sich aus dieser
2053 2510 3287 2564 Ungereimtheit des Expressionismus noch nicht freigerungen haben,
2066 2563 3284 2613 wie in Deutschland Die frühere Periode Klees würde hier weit
2054 2608 3275 2655 mehr Zustimmung finden. Es wäre dankenswerter, wenn weniger
2062 2648 3280 2697 unverständliche, weniger dem kleinen Moritz nachempfundene
2054 2695 3277 2741 Erzeugnisse aus Deutschland hierherkämen, die ein wirkliches
2058 2735 3276 2785 Bild deutscher Kunst bôten. Neben Klee wirkt die heitere
2053 2780 3281 2831 liebenswürdige und grosse Kunst der Sintenis fast klassisch und
3043 2815 3249 2887 J. v. R.
2059 2822 2901 2885 darum danken wir ihr für ihr Erscheinen.
2129 2886 3271 2941 * „Jede Woche Musik.“ In der heutigen Nummer unserer
2064 2930 3278 2982 illustrierten Wochenschrift bringen wir zwei Silvester-Tans¬
2064 2978 3289 3031 schlager: a) „Sag mal, wer ist die Dame?“ (Foxtrott), Worte von
2059 3030 3280 3081 Friedrich Schwarz. Musik von Ed. May und F. Schwarz, abge¬
2055 3077 3268 3124 druckt mit freundlicher Genehmigung der Edition Benjamin,
2056 3109 3283 3179 Paris, 3, rue Richer, Propagandabureau, Auslieferung für Berlin
2067 3156 3284 3217 Hermann Augustin, Berlin; b) „Küss mich, mein Lieb’, nur noch
2060 3200 3292 3271 ein einzig Mal“ (Boston), Worte von A. O. Witte, Musik von
2047 3239 2407 3318 Heinrih Hirsch.
