3392 4320
1616 114 2055 213 box 31/7
250 156 1459 236 25. BrfesBehand
2393 229 2815 304 —
2522 259 3245 380 Neue Hamburger Zeitung
2047 307 2507 389 Auszehnitt aus:
549 385 941 469 Ausschnitt aus:
2267 385 2555 468 4- 5 7915
2054 415 2222 482 vom:
806 421 1113 534 ILAP WIE
2475 443 3053 535 M . u. Ae de unstogen win.
1129 425 1691 559 Fuckel, Wien
2097 508 3107 570 — Professor Bernhardt. Die Münchener Jugend er¬
546 498 704 590 vom:
2015 524 3112 606 zählt: In einem mitteldeutschen Stadttheater gibt man
2021 580 3107 650 Professor lernhardi vor Scuilenchwill zusammen mit
2025 606 3112 687 einem Freund wir dies Stück ansehen, gehe in eine Vor¬
813 631 1271 717 Schnitzler ist kühn
2021 658 3110 718 verkaufsstelle, um mir Eintrittskarten zu kaufen, und ver¬
424 663 1126 749 und die Arbeiter-Zeitung beweist es:
2020 694 3111 761 lange: „Zwei Billette für Professor Bernhardi“. Der Mann
2033 725 3099 800 am Schalter sucht zu meinem Erstaunen erst fünf Minuten
535 730 1636 826 Er kann nichts dafür, daß die Menschen und die Zustände so
2031 767 3105 840 in den Billetten herum. Endlich erhellt sich sein Gesicht und
411 761 1639 880 sind. Und zu Lesonderem Ruhme mur ihm angerechnel werden,
2017 816 3109 898 er sagt liebenswürdig: „Bedaure, die Billette hat der Herr
410 804 1661 927 daß er so nebenher, aber recht deutlien auch an Zustände führt.
2022 846 2609 917 Professor selbst schon abgeholt“
415 844 1638 948 die für einen Schriftsteller sehr heikel sind. Er kann es sich erlauben,
411 885 1633 997 an ihn traut sich niemand heran, er braucht auch nicht zu fürchten,
406 925 1641 1019 totgeschwiegen zu werden. Einem Anfänger möchte es übel bekommen,
413 967 1619 1073 wenn er so beißend über gewisse Wiener Zeitungen reden möchte,
402 1007 1625 1097 wie es Schnitzler im -Bernhardie getan hat. Der Schmock Kulka vertrift
400 1025 1626 1150 im Stück nur eine Zeitung, er verhöhnt aber in Wirklichkeit gleich
401 1089 1622 1192 zwei Wiener Tagesblätter, Ich brauche sie nicht zu nennen, ich brauche
1898 1077 2148 1187 — bekomme.
403 1119 1624 1234 bloß zwei Sätze zu zitieren, die Kulka zu Bernhardi sagt: -Mein Chef
405 1159 1622 1270 würde sich eine besondere Ehre nachen, Ihnen die Spalten unseres
1993 1163 3094 1253 In einem mitteldeutschen Stadttheater gibt man „Professor Verr
393 1200 1620 1313 Blattes zur Verfügung zu stellenle und: Es ist Ihnen gewiß nicht
2390 1215 3144 1290 uill zusammen mit einem Freund mir dies
400 1238 928 1309 unbekannt, daß unser Blatt.
1897 1235 2113 1304 harbi“ von
932 1268 1623 1354 sich neuerdings genötigt sah, gegen
1891 1249 3151 1332 Stück ausehmnegehenn eine Vorderkaufstelle, um mir Eintrittskärten zu
392 1280 1154 1365 gewisse überraschend fortschrittsfeindliche,
1894 1319 3010 1392 kaufen, und verlange: „Zwei Billette für „Professor Bernhardi“.“
1181 1329 1620 1392 geradezu reaktionäre
391 1326 1608 1436 Maßnahmen des Ministers in energischer Weise Front zu machen,
2003 1326 3145 1418 Der Mann am Schalter sucht zu meinem Ersia nen erst syuf
385 1362 1608 1465 wobei stets jene maßvolle Form gewahrt wurde, die uns seit jeher als
1891 1405 3095 1458 Minuten in den Billetten herum. Endlich erhellt sich sein Gesicht und
387 1404 1609 1513 die Vorbedingung eines gedeihlichen Wirkens auch auf politischem Gebfet
375 1432 680 1497 erschienen ist.=
1907 1433 3145 1528 sagt liebenswürdig: „Bedaure, ie Billette hat der Herr Professor selbst
1266 1483 1564 1544 E. Pernerstorfer.
1897 1488 2200 1569 schon abgeholt.“
2843 1471 3086 1577 ###0
502 1482 1602 1593 Nun ja, da muß sogar ich. Besonders die Kühnheit
372 1539 1601 1641 gegen das eine Blatt! Und besonders, wenn der Kämpfer die Ehre,
2291 1551 2781 1626 Ein Schmeichler.
379 1585 1603 1680 die sich der Chefredakteur macht; ihm die Spalten seines Blattes zur
1979 1591 3175 1704 In der Ordination. Arzt (zur jungen Frau): „Ja, meine liebe
367 1619 1598 1746 Verfügung zu stellen, öfter selbst sich zur Ehre macht. Er braucht
374 1682 1591 1790 nicht zu fürchten, totgeschwiegen zu werden, er arbeitet gleich
373 1728 1609 1847 selber mit. Und der Kritiker braucht die Blätter nicht zu nennen:
1883 1778 2293 1851 Aueschnitt aus:
370 1764 1146 1874 der Kämpfer hat sit auch nicht genannt.
2366 1795 3020 1895 ikeriki, Wien.
2070 1826 2354 1911 84.00N 1913
1899 1885 2030 1942 vom:
1937 1962 2325 2064 Zu spät.
2027 2014 3010 2092 ArthurSchnitler: Püh, wenn iach hätt' das gewußt,
1973 2075 3009 2127 daß der Essad Paschaieben esoi bestechlich ist, hätt' jach
2378 2099 3014 2172 vielleicht hätt' er mir mein' „Pro¬
1972 2115 2308 2170 ihm Geld gegeben
1967 2156 2790 2206 fessor Bernhardi“ in Skutari vorlesen gelaßt!“
437 2196 829 2313 lusschnitt aus:
830 2227 1505 2348 „Humoristische Blätter, Wien
728 2278 846 2352 J4M
444 2287 579 2367 om:
1928 2313 2143 2414 tt aus:
2084 2380 2875 2534 E Kikeriki, Wien
583 2443 1476 2537 Wenn man begreifen will, warum unsere
2073 2478 2266 2559 A#Aan.
482 2517 1466 2604 Monarchie stagniert, muß man nur ein wenig
488 2571 989 2647 unsere Literatur mustern.
2002 2536 2752 2662 Arme Adakalehsen:
2442 2598 2795 2676 Schnitzler hat sich
2109 2629 2787 2722 Der Dichte 1#h be¬
574 2645 1456 2723 Man lese z. B. den in der „N. Fr. Presse“.
2037 2684 2389 2757 gestern nach der
2051 2684 2794 2789 geben, um die jüngsten österreichischen
473 2695 1464 2779 erscheinenden Roman von „der Hannerl und ihren
2053 2721 2794 2825 Untertgnen mit seinem „Professor Bern¬
480 2755 1467 2833 Liebhabern“ des Wiener Lieblingsautors Rudolf
2037 2783 2544 2895 harht“ bekannt zu machen.
480 2813 1277 2908 Bartsch und man wird vieles verstehen.
568 2892 1456 2971 Vor Allem „die Hannerl!“ — im deutschen
455 2958 1447 3025 Reich sagt man korrekt das Hannerl, aber ein
452 3013 1456 3076 bischen grammatikalische Schlamperei steht dem
458 3057 850 3149 Österreicher gut.
2068 3085 3122 3244 Auschmit aus: Wieiet Genaerine,
552 3136 1436 3222 Und dann die Handlung: Ein läufiges Vor¬
2075 3165 2242 3232 vom:
2319 3172 2596 3261 2900N 19
460 3202 1447 3266 stadtmädel, dem eine ganze Kette von Männern mit
2159 3226 2899 3321 Ein güter Gedanke.
450 3246 1157 3331 heraushaugenden Zungen nachläuft.
540 3326 1446 3399 Ein morastiger erotischer Quatsch, in welchem
2124 3316 3029 3395 Arthur Schnitzler: „Nächstens
454 3387 1436 3462 allerlei Zivil und Militär versirkt, breiteste Aus¬
2040 3383 3022 3452 schreib ich auch ein Festspiel. Na¬
452 3434 1440 3508 malung lüsterner Szenen, nicht ein männliches,
2034 3436 3026 3515 türlich auch eines, das der Dr. Eloesser
448 3503 1441 3578 ergnickendes Wort. Notabene, das ganze in einem
2038 3507 3021 3572 eine Sache der Wahrheit und des Fort¬
440 3560 960 3628 Familienblatt abgedruckt!
2040 3553 3019 3632 schrittes nennen kann. So werde ich
2047 3613 3029 3686 wenigstens erst dann verboten, bis die
532 3618 1444 3709 Das ist österreichisch — allerdings
2040 3688 3023 3740 zehnte Aufführung erreicht ist, was
446 3679 1448 3763 Schnitzlers „Professor Bernhardi“ wird
2029 3739 3036 3813 immer noch zehnmal besser ist, als
442 3747 1446 3828 verboten und somit sieht man doch, daß über
2040 3794 2730 3874 der Professor Bernhardi!“
435 3797 1065 3883 unsere Literatur gewacht wird.
