3436 4352
237 163 1455 262 25 PrefessenBernhandi
403 1325 1227 1404 verspannrieden Himmel verzierte. p. k.
443 1440 1137 1558 „Professor Bernharbi“
525 1536 1108 1612 im Deutschen Volkstheater
433 1583 1267 1656 Die vorgestrige Reprise der Schnitzler¬
361 1643 1267 1703 schen Komödie wurde vom Publikum mit
363 1702 1267 1761 demonstrativem Beifall aufgenommen. Das
364 1744 1259 1796 Stück hat in seinen leidenschaftlich nüch¬
358 1794 1261 1849 ternen Diskussionen über politische und
356 1845 1270 1904 menschliche Probleme, wie sich zeigt, nichts
353 1891 1274 1951 von seiner Aktualität eingebüßt. Neben dem
354 1935 1266 2000 Problemstück ist es auch ein meisterhaft ge¬
352 1987 1260 2045 lungenes Theaterstück mit überaus charak¬
352 2037 1264 2081 teristisch und fein gezeichneten Figuren
362 2083 1265 2138 aus dem Oesterreich um 1900. Die Dar¬
351 2127 1269 2181 steller, allen voran die Herren Eothofer
356 2192 1273 2242 und Klitsch, boten eine vollendete Auffüh¬
354 2228 1279 2302 rung, die vom Publikum stürmisch be¬
317 2266 690 2353 klatscht wurde.
819 2363 1050 2568 00
1255 2697 1294 2756 —
1606 155 2050 243 box 31/4
1857 709 2965 792 Dr. Max Weitmann, Assistent der psychisch=neurologischen
2982 703 3203 773 wieder und
2986 758 3216 815 „Walküre“,
1839 762 2798 825 Universitätsklinik, mit Fräulein Hedi Rares, statt.
2983 799 3215 851 Schorr ist :
2979 832 3230 891 New Yorker
2981 873 3234 925 Jahr wiede
1990 851 2787 975 Theater und Kunst.
2980 908 3222 966 Der Kompo
2986 956 3235 1009 gement eine#
2988 991 3234 1046 zur Schuber,
1980 982 2815 1052 Tragikamödien des Inden'ums.
3000 1033 3221 1082 ist aus den
1831 1047 2916 1098 Carl=Theater: Gastspiel des Moskauer jüdischen Theaters. —
2978 1067 3229 1124 wurden neu
2079 1091 2729 1149 Reprise von „Professor Bernhardi“.
1938 1138 2956 1188 Sehnsucht nach dem gelobten Land, Sehnsucht dem engen
1829 1182 2959 1229 Rahmen des Alltags zu entfliehen, heißes, inbrünstiges Streben
2979 1163 3236 1271 Schlußt
1832 1221 2952 1269 nach höheren Zielen — ob es nun die erträumte Königskrone
1835 1262 2955 1304 vom sagenhaften Reich der „roten Juden“ ist, eine Eroberung
2981 1264 3223 1340 Gayer auf
1839 1302 2948 1348 auf wissenschaftlichem Neulond oder eine politisch=geseilschaftliche
2983 1322 3224 1389 rennen. —
1831 1340 2956 1398 Angelegenheit: irgendwo begegnen sich letzten Endes doch die
3084 1374 3176 1439 neu
1832 1379 2951 1418 armen, ewig hungrigen Ghetto=Juden aus Tunejadowka und
1834 1411 2957 1456 die kultivicrte, geistige Sphäre Arthur Schnitlers. Nur
1835 1454 2954 1494 daß im phantastischen Spiel Mendele Moscher=Storims
2989 1473 3058 1526 rent
1831 1501 2954 1550 Menschen und Dinge eben verschiedene Gesichter zur Schau
1829 1535 2019 1595 tragen.
2978 1556 3024 1603 di
1931 1548 2869 1622 In „Die Reise Benjamins III.“ erweist
2973 1593 3023 1644 le
1841 1602 2945 1652 Alexis Granowsky als genialer, ganz großer Reisemarschall,
1836 1641 2948 1695 dem man mit ehrlicher Begeisterung auf allen Etappen in das
1829 1683 2952 1733 Zauberreich der Illusion folgt. Unter socher Führung müssen
1828 1723 2951 1762 Benjamin und sein Freund Senderl (der Darsteller, Michoels
1830 1767 2949 1813 hat in dieser Rolle die rührend=tragikomische Hilflosigkeit
1827 1803 2952 1849 Chaplins) in das Land ihrer Träume gelangen, auch wenn die
1830 1836 2942 1882 Reise dahin noch so beschwerlich ist. Allerdings ergänzen sich
1831 1873 2940 1932 Regie und Darstellung in vollendeter Weise. Sie alle finden
1833 1919 2945 1962 den Weg in das heilige Land, zwar nicht nach dem, in der Bibel
1840 1961 2945 2003 verheißenen, Erez Isroel, aber in das Reich der Kunst. Der
1835 1990 2949 2042 Kunst und speziell des Theaters, dem sie alle mit fanatischer,
1831 2032 2491 2091 leidenschaftlicher Liebe ergeben sind.
1936 2050 2949 2123 Nicht allein mit der Seele, mit jeder Faser ihres arm¬
1830 2124 2951 2157 seligen Körpers streben die beiden Pilger dem ersehnten, im¬
1826 2138 2952 2196 aginären Ziele zu. Und wenn Benjannn jedesmal vor Beginn
1824 2186 2939 2239 der Wanderung kommendiert „Senderl, mit dem rechten Fuß“
2978 2217 3040 2269 auf
1824 2226 2948 2260 und sie erhobenen Hauptes ausschreiten, ist es, als ob ihnen
1835 2257 2955 2308 Flügel wachsen würden; das sind nicht mehr die gedrückten
3070 2272 3160 2337 ein
1833 2303 2945 2347 Pantosselhelden des Heimatdorses vielmehr vom Herrn der
2981 2327 3179 2378 beiden Gü
1834 2328 2957 2386 Heerscharen selbst Auserwählte. Wenn auch die Schelle zum
1828 2381 2954 2421 gelobten Land ein schmieriges Wirtshaus ist und sie den Traum
2979 2390 3168 2454 Runtsch d
1832 2411 2946 2462 von Glück und Reichtum eben nur träumen, so ist vielleicht
2980 2441 3176 2495 Runden i.
1832 2448 2946 2486 doch alles richtig erlebt und Traum und Wirklichkeit nicht rest¬
2974 2477 3191 2532 Vordertret
1826 2486 2953 2528 los zu scheiden. Wie gesagt, dach Colderon? Denn ein Traum
2971 2521 3155 2572 lichen“ 2
1839 2526 2748 2600 ist alles Leben und die Traume selbst ein Traum.
2978 2563 3175 2614 gerade zu
2972 2601 3170 2665 lich vier
1921 2612 2949 2679 Im Volkstheater ordiniert wieder, vom Publikum mit
1828 2660 2913 2707 stürmischen Premierenbeifall begrüßt, „Projessor Berhardi!
2969 2661 3179 2735 Katagorie,
1837 2680 2945 2751 Man erinnert sich noch des erbitterten Kampfes, der seinerzeit
2972 2720 3180 2773 wollte, un
1825 2737 2946 2787 um dieses Schauspiel entbrannte, und kann es kaum fassen, daß
2966 2757 3168 2808 zeitlich al
1835 2775 2960 2833 aus diesem Werk, das zum vollendeten gehört, was Schnitzler
2971 2795 3159 2860 Zweiten,
1837 2812 2954 2868 schuf, ein Politikum gemacht wurde. Weltreiche mußten unter¬
3043 2835 3155 2886 Die
1827 2856 2952 2897 gehen, Throne stürzen ehe Professor Bernhardi“ das Ram¬
3065 2870 3161 2918 Rei
1835 2887 2942 2941 penlicht erblickte. Die Titelrolle wird nun von Wilhelm Klitsch
2969 2898 3170 2962 bis 250 K
1830 2932 2945 2982 dargestellt. Die Rolle Bernhardis, dieser komplizierte, wider¬
2974 2948 3117 2999 2. Karl
1831 2968 2954 3021 prunkvolle, mitunter kratzbürstige Charakter erfordert einen
2963 2991 3153 3054 8:03; 4.
1831 3000 2957 3062 vollendenten, hervorragenden Menschendarßeller, einen Künst¬
3054 3032 3164 3090 Re¬
1828 3043 2879 3091 ler. Somit war die Rolle bei Klitsch in den besten Händen.
2977 3063 3156 3127 350 Kuh
1928 3077 2941 3132 Als Pfarre präsentierte sich Karl Meixner mehr ein Priester
2970 3112 3161 3174 2. Franz
1821 3116 2948 3162 der duldenden, als der streitenden Kirche, ruhig und un¬
2979 3155 3156 3213 (Calthor“
1829 3157 2952 3215 pathetisch. Das Portefeuille für Kultus ohne Unterricht ist bei
1824 3201 2946 3243 Kurt Lessen in besten, energischen Händen, die, wenn es not¬
2977 3221 3143 3284 bis 500
1828 3232 2952 3288 tut, zuzugreifen verstehen. Von der früheren Besetzung haben
2970 3271 3150 3324 2. Fran¬
1835 3272 2947 3308 sich Edthofer (Hofrat Dr. Winkler), Kutschera (Prof. Pflug¬
2962 3308 3147 3369 beam) 7
1834 3313 2943 3363 felder), Forest (als förmlich ober= und überjüdischer Kinder¬
3070 3345 3160 3397 Re
1831 3346 2946 3397 arzt) und Homma (der glänzend gesehene, gesellschaftlich ehr¬
2971 3382 3134 3436 bis 250
1831 3388 2951 3450 geizige Chirurg) siegreich wie nur je behauptet. Es gab Bei¬
1836 3427 2253 3493 fall auf offener Szene.
2970 3420 3130 3478 Hunger
2957 3468 3135 3525 4. Karl
2975 3565 3138 3635 schmück
1951 3571 2694 3675 Der Hausfrauenausflug
2967 3622 3139 3682 bei sein
2976 3666 3141 3715 uns un
2293 3671 2830 3758 in die Wachau.
2976 3707 3122 3783 fluten
