3392 4352
858 142 1801 205 Vertreter vorsprechen werden, mit dem An¬
867 173 1825 259 suchen, den Unterricht für einen Protest= und
861 221 1817 299 Sympathiestreik für die oberen Klassen frei¬
860 274 1836 358 zugeben. Dr Schön erklärte, er werde sich mit
850 342 1828 415 den beiden Direktionen ins Einvernehmen setzen,
854 379 1822 443 riet aber von einem Streike ab, sagte für den
865 424 1836 508 Fall des Einverständnisses mit den beiden
857 475 1830 552 anderen Direktionen den Festsaal zu, um die
857 515 1843 597 Schüler nicht in ein öffentliches Lokal zu
859 567 1829 646 zwingen, sie besser überwachen und vor unüber¬
859 616 1842 687 legtem Tun zurückhalten zu können Er ersuchte,
856 664 1832 734 dem Unterrichte nicht fern zu bleiben und die
857 714 1838 778 Versammlung auf den Nachmittag zu verlegen.
856 767 1837 834 Der Unterricht im Untergymnasium müsse un¬
862 808 1838 887 bedingt aufrecht erhalten bleiben Schließlich
852 858 1848 929 wurde die Abhaltung der Versammlung um
865 908 1849 984 12 Uhr mittags vereinbart, vorbehaltlich der
870 973 1849 1031 Zustimmung der beiden anderen Mittelschulen.
862 1008 1855 1093 Nach seiner Unterrichtsstunde (8 bis 9) erfuhr der
871 1067 1857 1126 Leiter Dr. Schön, daß der größere Teil des
872 1081 1872 1186 Lehrkörpers von den Vorfällen bereits in
872 1149 1857 1233 Kenntnis gesetzt sei. Gegen 11 Uhr hatte er
869 1206 1847 1275 eine Besprechung mit dem Direktor der Real¬
887 1257 1847 1332 schule, der bereits von dem unliebsamen Er¬
877 1296 1860 1377 eignisse gehört hatte, aber vonseiten der Schüler
883 1360 1867 1421 seiner Anstalt noch keinen genauen Bericht hatte.
873 1392 1867 1479 Bei der nachmittägigen Besprechung der Schüler
872 1449 1861 1520 konnte der Vorschlag des Leiters Dr. Schön
882 1492 1890 1582 nicht durchgesetzt werden. Die Vertreter der
887 1541 1874 1608 beiden anderen Mittelschulen erklärten, mit
887 1584 1901 1678 Zustimmung ihrer Direktionen Freitag 9 Uhr
2714 158 2785 216 ruc
1850 155 2645 224 Dr. Beirer wies auch mit Nachdruck
1835 216 2817 270 die Demonstration als reaktionären Putsch zu
1844 243 2828 315 bezeichnen, und protestierte gegen die Benennung
1846 291 2830 362 der Schüler und Professoren als Monarchisten
1844 342 2825 426 und Reaktionäre. Hierauf sprachen die Schüler
1844 403 2829 471 vertreter der Realschule und des Lehrerseminars,
1854 441 2829 515 im Namen der Hochschüler Ing. Leister.
1862 507 2838 561 Die Redner versicherten sich gegenseitiger Soli¬
1859 543 2838 608 darität, forderten Genugtnung für die angetanen
1857 608 2837 665 Beschimpfungen und Mißhandlung und hoben
1858 635 2857 713 hervor, daß sie deutschfühlende Schüler seien
1861 684 2855 754 und bleiben werden. Nun richtete der Leiter
1864 732 2855 816 der Versammlung an die anwesenden Professoren
1865 786 2852 865 die Aufforderung, zu ihren Schülern zu sprechen,
1870 831 2858 907 und ersuchte namentlich Dr. Schön, das Wort
1866 880 2846 956 zu ergreifen. Dieser kam der Aufforderung nach.
1870 921 2858 1002 Anknüpfend an die Vorredner, betonte er, daß
1865 988 2857 1053 die Schüler an ihm und an den Professoren
1877 1022 2856 1095 deutschfühlende Berater hätten, die
1875 1068 2873 1148 ihre Erregung wohl begreiflich fänden. Er sagte
1881 1122 2868 1194 ihnen zu, daß berechtigte Beschwerden von den
1879 1166 2874 1251 Lehrkörpern gerne geprüft würden, da sie aber
1880 1218 2873 1284 in dieser Aufregung zu einer sicheren Fassung
1888 1292 2870 1334 ihrer Beschwerden nicht kommen könnten, mögen
1884 1327 2877 1389 sie Vertreter aus ihrer Mitte wählen, um die
1891 1367 2878 1432 Beschwerden niederzuschreiben und ihren Lehr¬
1891 1421 2869 1484 körpern vorzulegen, denen sie vollkommenes
1889 1466 2870 1536 Vertrauen bei der Beurteilung entgegenbringen
1885 1519 2877 1591 könnten Er legt besonderes Gewicht darauf, die
2308 1563 2892 1640 für zu erbringen, ob und
2091 1580 2211 1642 Lem
2180 1910 2379 1979 Nr. 85.
2122 2040 3132 2127 von wem die Beschuldigungen erhoben wurden,
2125 2097 3118 2171 daß die Direktionen und Lehrkörper die An¬
2133 2136 3115 2232 stifter des Theaterskandals gewesen seien. Schließ¬
2125 2190 3113 2281 lich forderte er die versammelten Schüler auf,
2126 2240 3119 2318 die würdig verlaufene Versammlung mit dem
2124 2290 3107 2377 studentischen Weihelied zu schließen, ruhig nach
2123 2325 3111 2425 Hause zu gehen und sich jeder weiteren Kund¬
2120 2400 3112 2472 gebung zu enthalten. Er dankte noch dem
2123 2427 3104 2513 Prof. Dr. Beirer, der denselben Appell mit
2117 2487 3095 2574 warmen Worten in seiner Rede an die Schüler
2110 2524 2455 2595 gerichtet hatte.
2207 2579 3091 2670 Dr. Schön hat also nicht sofort nach
2103 2623 3102 2705 Dr. Beirer das Wort ergriffen, wie es in dem
2107 2689 3098 2756 genannten Artikel der „Gleichheit“ heißt. Er hat
2104 2737 3089 2813 auch keine Frage gestellt, den Vizebürgermeister
2109 2768 3088 2858 Püchler betreffend. Es entstand also auch keine
2103 2819 3090 2917 Pause, nach der er seine Hetzrede auf die Juden
2092 2879 3086 2959 und die jüdische Regierung fortsetzte. Von Juden
2098 2922 3082 2997 und jüdischer Regierung ist von ihm kein Wort
2090 2973 3077 3064 gesprochen worden. Seine sogenannte Hetzrede
2086 3025 3082 3111 hatte den ruhigen Abschluß der Versammlung
2090 3077 3079 3140 zur Folge. Es sprach nur noch der zum Worte
2088 3114 3072 3209 gemeldete Pros. Gidaly, der die Schüler auf.
2086 3171 3072 3259 forderte, nach der Versammlung wieder die
2092 3220 2987 3299 Schule zu besuchen, was abgelehnt wurde.
2184 3270 3060 3357 Nach einigen Bemerkungen des Leiters der
2071 3320 3071 3405 Versammlung, daß die Vertreter der Mittel¬
2078 3360 3064 3433 schüler der Anregung des Prof. Dr. Schön ent¬
2070 3416 3068 3503 sprechend nachmittags ein Beschwerdeprotokoll
2065 3450 3064 3550 abfassen werden, das den Direktionen zu über¬
2069 3515 3052 3591 reichen sei, wurde die Versammlung mit der
2064 3545 3052 3635 Absingung der ersten und letzten Strophe des
2070 3606 3060 3687 studentischen Weiheliedes geschlossen. Die Schüler
2057 3653 3050 3743 entfernten sich in der 10 Uhr=Pause in Ruhe
2064 3710 3048 3789 und Ordnung aus dem Gymnasium. Die Ver¬
2067 3755 2972 3822 sammlung hat etwa 50 Minuten gedauert.
2164 3796 3037 3877 3. LAbg. Dr. Beirer und Prof. Dr. Schön
2059 3848 3033 3935 führten nach Schluß der Versammlung im
2048 3891 3042 3980 Vordergrunde des Festsaales noch ein längeres
2043 3946 3034 4029 Gespräch, das einen Wunsch der Wähler des
2043 3995 3038 4085 Abgeordneten betraf. Als sie auf den Gang
2042 4046 3034 4125 traten, war das Gymnasium von den ver¬
2040 4092 3022 4179 sammelten Schülern bereits verlassen. Herr
2046 4134 2558 4192 Dr. Beirer, dessen Sahn
2804 4160 2890 4201 K
