3392 4320
1625 135 2062 229 box 30/2
253 142 1465 242 25 Professen-Bernhandi
1803 770 2313 888 AGU
1023 880 2293 987 W. von Wymetal, Schnitzlers „Professor Bernhardi“.
2352 923 2466 995 31
843 1066 1651 1141 serveoffizier zu werden, so darf es uns
1663 1067 2488 1157 übt, mit einem Haufen „Rechte“ und
843 1138 1650 1195 weiter nicht erstaunen, wenn er nach
1672 1138 2481 1210 viel wirklicher Freiheit, tatsächlich
849 1177 1644 1255 Erreichung seines Ziels den Lebensstil
1664 1197 2476 1267 keine Herrschaft aus. Aber kein Zweifel,
837 1248 1648 1306 des aktiven Offiziers ins Bürgertum
1668 1250 2476 1302 daß es sich dafür rüstet! Es geht ihm
839 1297 1650 1358 verschleppt und für den Militarismus
1671 1306 2481 1362 zu gut, um sich eine Revolution zu
833 1340 1648 1410 unbezahlte Agentendienste verrichtet.
1663 1357 2478 1427 leisten, der herrschenden Kaste zu schlecht,
831 1392 1653 1468 Der Reserveoffizier hat gut die Hälfte
1664 1408 2484 1480 um eine solche zu provozieren. Deren
839 1453 1645 1509 des geistigen Erbes, das vom deutschen
1674 1463 2465 1533 Sicherheit besteht nur noch in der Un¬
840 1500 1647 1580 Bürgertum Generationen hindurch ge¬
1664 1519 2483 1593 sicherheit der anderen. Der Endkampf
831 1560 1648 1629 hütet worden war, gegen Wind und
1671 1576 2473 1625 wird mit geistigen Waffen ausgetragen.
835 1620 1653 1670 klingenden Flitter eingetauscht oder
1665 1630 2474 1703 Wir haben schon eine stattliche Zahl
838 1668 1645 1740 stumpfsinnig verwirtschaftet. In dreißig
1665 1673 2465 1747 „Enzyklopädisten“ und die Jungen ge¬
836 1730 1652 1780 Jahren ist ein Riesenkapital zum Teufel
1668 1737 2468 1801 hören fast alle dazu. Wo auf der
836 1784 1654 1833 gegangen. Alle geistige Energie scheint
1655 1786 2468 1855 andern Seite der Barrikade ein In¬
846 1826 1644 1897 sich in Gewehre und Kanonen umzu¬
1659 1848 2468 1914 tellektueller steht, soll eine heimliche
842 1885 1618 1957 setzen, bestenfalls in Exportgeschäfte.
1661 1891 2477 1961 Kollegialität uns mit ihm verbinden,
873 1947 1643 2008 War das nötig? Haben nicht demo¬
1663 1946 2477 2022 denn er ist, selbst als Gegner, ein
836 1986 1648 2062 kratische Engländer und Franzosen
1670 1998 2307 2086 Bundesgenosse, wider Willen.
833 2037 1642 2117 gerade so gute Geschäfte gemacht? Wird
1976 2058 2418 2149 René Schickele
836 2098 1646 2160 in parlamentarisch regierten Ländern
840 2154 1245 2219 weniger verdient?
887 2201 1643 2277 Wo auf Gottes Erdboden findet sich
1672 2222 2459 2334 Schnitzlers „Professor Bernhardi“.
821 2261 1639 2336 noch einmal die selbstquälerische, jedes
822 2313 1640 2379 edlere Selbstbewußtsein unter des
1707 2298 2470 2402 Arthur Schnitzlers, des Fünfzigjäh¬
832 2377 1646 2440 Königs Stiefel tretende Manie, das
1660 2381 2459 2441 rigen, neue Komödie „Professor Bern¬
1649 2435 2472 2493 hardi“ ist dem Wiener Deutschen
826 2422 1629 2498 Heim an die Kaserne, das Arbeits¬
1648 2480 2460 2539 Volkstheater zur Aufführung nicht frei¬
833 2473 1631 2552 kleid an die Uniform zu verraten?
1661 2531 2461 2591 gegeben worden. Bei der erstaun¬
832 2535 1643 2598 Wo? Das war, in Deutschland, die
1654 2583 2467 2639 lichen Gleichheit der Anschauungen der
828 2586 1625 2665 parcdoxe Folge der allgemeinen Wehr¬
1650 2617 2460 2692 Behörden in solchen Fällen, wo offen¬
831 2638 1003 2708 pflicht!
1643 2667 2456 2735 bar ein „Wink von oben“ vorliegt,
873 2682 1634 2769 Mir sind das Volk der Dichter und
1651 2719 2457 2791 werden alle österreichischen Zensur¬
820 2752 1635 2820 Denker. Dichter und Denker, erklärt
1648 2774 2464 2835 stellen diesem Verbot beitreten, und
816 2799 1296 2875 uns dies Phänomen!
1653 2823 2461 2884 kein braver Österreicher wird somit
876 2853 1630 2924 Vielleicht leben wir jetzt in Deutsch¬
1642 2861 2458 2942 durch eine Vorstellung des „Professors
1659 2919 2311 2986 Bernhardi“ verdorben werden.
829 2902 1636 2980 land zur Zeit Ludwigs XIV. Das
1693 2954 2452 3038 Ein Buch aber, und schon gar ein
828 2975 1637 3036 Reich geeinigt, die böswilligen Vasallen
1649 3007 2459 3084 Theaterstück, liest der richtige homo
829 3028 1629 3095 endgültig zur Ruhe gebracht. Cumberland
1646 3061 2461 3140 Austriacus nicht, und so ist Österreich
821 3072 1623 3141 und Hohenzollern vereinigen sich gar im
1645 3119 2451 3172 wieder einmal gerettet worden... Die
817 3132 1624 3197 Myrtenkranz. Um dieselbe Zeit weilte
1640 3169 2453 3221 Gefahr war aber auch wirklich groß,
828 3181 1628 3236 der Mann der „Vasallen“=Rede in
1647 3217 2453 3277 und das Hublikum mußte vor einem
814 3229 1632 3303 reichstreuer Mission beim preußischen
1643 3255 2453 3331 Werk behütet werden, dessen Tenor
827 3289 1624 3354 Hof. Es ist die Zeit des Absolutis¬
1646 3307 2449 3379 dahin geht, Charakterfestigkeit, Über¬
827 3347 1631 3401 mus. Der heutige gibt sich natürlich
1638 3360 2454 3428 zeugungstreue, Menschlichkeit und pein¬
819 3405 2452 3455 zeitgemäß, konzilianter. Das Volk lichste Reinlichkeit in geistigen, poli¬
893 3842 1698 3942 —Iin Ministel einem L
891 3921 1198 3982 Ehre erweise.
934 3950 1698 4031 Diese Geschichte erinnert an eine
889 4013 1713 4080 andere ähnliche. Dieselbe Beratung
896 4065 1729 4133 mit demselben Erfolge soll auch statt¬
