3392 4320
756 163 865 215 S S
274 157 1490 259 25. Brofe.Bern
1638 150 2078 233 box 31/7
2349 105 3133 160 sonalities in continual and subtle con¬
2356 147 3144 193 flict. Its nearest counterpart in modern
2354 167 3131 212 drama is the third act of Granville Bar¬
2362 201 3140 261 ker’s Waste,“ the cabinet meeting scene
2353 240 3135 298 which is to be cut when the play is per¬
2353 286 3135 328 formed in America, It is par excellence
2360 308 3139 353 the “talky“ sort of drama which play¬
2363 351 3138 400 writing courses teach us to avoid, but
2362 383 3095 428 it is thrilling and dramatie throughout.
2392 421 3136 464 Possibly Professor Bernhardi“ will
2346 456 3137 505 never “go“ in America, because the sub¬
2349 494 3140 544 ject is not so vital a one to us. But in Ger¬
2359 527 3145 573 many and Austria, where a Jew can
2354 552 3135 599 hardly get an official chair in any State
2349 593 3142 640 educational institution, no matter how
2344 627 3133 671 learned and capable he may be, where a
2351 659 3143 695 Jew’s advancement in the State service
2344 697 3139 741 practically and admittedly depends upon
2346 738 3145 782 his formal acceptance of the Christian
2349 775 3133 808 faith, where anti-semitism is a formal
2350 806 3139 842 and recognized factor in polities—there
2350 841 3139 885 any able setting forth of the subject by
2340 865 3138 926 gone-who-knows the fäcts and feels the
2353 906 3128 950 situation is an event of the highest in¬
2358 945 3130 989 terest. We can imagine the work, on
2350 981 3139 1030 the part of Arthur Schnitzler, to be al¬
2346 996 2815 1062 most autobiographical.
2394 1046 3140 1097 But the mere treating of an interesting
2349 1078 3135 1119 thesis would by no means make a play.
2358 1119 3132 1151 Especially when, as in this piece, there
2349 1152 3140 1200 is not the slightest vestige of “love in¬
2350 1181 3141 1232 terest,“ nor a single female character
2353 1215 3136 1272 except for a nurse who appears for a
2344 1247 3135 1302 few moments in the first act. The ped¬
2346 1289 3140 1339 ants are perfectly right in saying that
2349 1324 3140 1375 discussion does not make drama. Such
2358 1359 3127 1403 a play as this demands one thing more.
2347 1390 3148 1451 That is character delineation and action,
2350 1432 3139 1492 ceaseless, rich, powerful. And this
2344 1456 3148 1522 Schnitzler has given us. Every charac¬
2350 1501 3145 1557 ter in the the piece, and there are a great
2345 1539 3143 1573 many, is shown in his pecullar shade
2342 1569 3146 1632 of political belief, personal dogma and
2351 1603 3130 1659 temperament. There is Bernhardi him¬
2344 1647 3133 1690 self, first of all a good physician, but
2362 1678 3128 1716 Umore man of the world than savant,“
2349 1712 3138 1756 witty, balanced and capable, desiring
2351 1748 3134 1791 above all things to do his work and keep
2351 1790 3136 1830 out of musses. There are the pro¬
2361 1819 3137 1867 nounced anti-semites (one of them à
2347 1847 3133 1896 Jew), and the men of the world who are
2343 1883 3135 1945 content to be pro-semites, so long as the
2345 1929 3126 1975 Jews make all desired concessions. There
2352 1960 3130 2014 are the more or less violent Jews and
2353 1991 3133 2034 the gentile pro-semites, one of the lat¬
2355 2027 3139 2071 ter a delightful old doctor who has more
2350 2062 3131 2107 bile in the cause of justice than the most
2354 2097 3123 2153 violent Hebrew. And there is especially
2352 2126 3135 2186 one remarkable character, that of Flint,
2359 2166 3139 2214 the minister of public instruction, who sees
2356 2210 3142 2254 the question quite humanly and bears
2347 2240 3124 2292 the highest friendship towards Bern¬
2388 2331 3125 2381 Through him the play drives into poli¬
2359 2378 3136 2418 tics. And it is here, apparently, that
2360 2414 3140 2457 Schnitzler says ’what he has to say.“
2642 2433 2677 2470 „
2354 2443 3132 2480 Unfortunately,“ says Flint, since I
2351 2479 3140 2526 can't get along without the coöperation
2362 2508 3130 2559 of Parliament, I must make what men
2355 2549 3146 2599 call concessions. But you are wrong if
2358 2595 3139 2633 you think it is always an easy thing to
2362 2624 3138 2666 make concessions. Do you think it cost
2353 2653 3132 2693 me no sacrifice to let these people take
2351 2678 3134 2735 their revenge on my' old friend Bern¬
2350 2722 3137 2779 hardi? And yet it was necessary. The
2354 2752 3086 2795 situation was for once clearly defined.“
2406 2792 3117 2834 Tes, Excellence,“ replies his secretary,
2352 2815 3142 2855 Lit seems that when one is an official
2354 2856 3135 2916 one has only the chofce between being
2362 2888 2847 2936 an anarchist or a toady.“
2383 2903 3125 2976 In this appears the only note of bitter¬
2350 2950 3143 3008 ness, on the part of the author, in the#
2365 3005 3138 3044 whole play. Semitism has come to be ab
2363 3024 3137 3075 matter of politics, and in any sort of!
2357 3067 3128 3114 politics or administration one cannot be
2353 3095 3123 3136 one’s true self. It is a sort of secret of
2360 3139 3116 3177 the political boudoir that he is revealing,
2350 3163 3119 3217 a thing which the young men don't know
2360 3201 2891 3243 and the old men won't tell.
2388 3242 3120 3281 Bernhardi himself never becomes mere¬
2356 3266 3124 3314 ly bitter, but falls into a sort of resigned
2358 3298 3132 3348 despair, coming to the conclusion (as so
2359 3333 3125 3389 often happens) that plays right into the#
2353 3365 3131 3413 hands of his opponents.“I feel, as per¬
2360 3401 3123 3453 haps you feel,“ he says to the priest, who
2361 3438 3129 3486 returns to beg his pardon, "and never!
2360 3480 3129 3519 more intensely than in this hour, thatt
2362 3507 3142 3555 something separates us, concerning thei
2355 3542 3129 3588 existence of which we cannot delude our¬
2358 3567 3114 3631 selves by means of friendly politeness.“
2382 3631 3126 3685 This play, so different from the super¬
2355 3672 3132 3714 flelal French and American plays on the.
2349 3707 3123 3746 same subject—Israel“ and As a Man
2359 3732 3126 3785 Thinks’—clears away two former doubts
2352 3773 3130 3815 as to its author. It proves that he is not
2359 3808 3127 3850 a mere cynic, but a serious thinker. And
2348 3840 3134 3885 it demonstrates that he is a master of
2358 3878 3135 3915 the most typical stage phenomenon of
2358 3910 3127 3962 today, the drama—genuine drama—of
2901 3941 3097 3992 H. K. M.
2356 3944 2485 3986 ideas.
2375 3963 2807 4020 Berlin, January, 1913.
