3344 4224
2832 1195 3147 1305 Nr. 17399
2050 1210 2536 1312 29. November 1912
948 1211 1702 1321 (Neue Freie Presse.
283 1213 642 1295 Wien, Freitag
158 1294 3161 1378 ngst, daß ihn die Snobs einen Kontrapunkt. Worauf ihm freilich die hübsche Antwortf geschaffen hatte und daß er sie frisch und lebendig be¬
1983 1337 3166 1418 handelte. Die seine Zeichnung mancher Figur wurde ebenso
829 1378 1982 1434 zuteil wird, daß dies nur solange der Fall sei, bis einer
163 1372 823 1439 unten, niemals und nirgends
1988 1401 3176 1471 gewürdigt wie der amüsante, stellenweise geistreiche Dialog,
819 1410 1991 1485 komme, dem wieder einmal eine Melodie einfalle. Aber
156 1421 827 1486 nd Lügen das Feld zu räumen.
1982 1451 3180 1513 wie überhaupt der große Erfolg, den das Stück gefunden
815 1465 1994 1522 der Minister läßt sich durch solche Einwände nicht irre¬
170 1462 838 1535 fessor aus der Welt, in der man
1992 1499 3097 1565 hat, vor allem wohl darin seinen Grund hat, daß
165 1508 1989 1571 egen den „nihilistischen Hochmut machen. Arbeiten, Leisten, das bezeichnet er als seine Welt¬
1986 1542 3183 1624 beinahe das Lustspiel ist, das man seit langem von Artur
167 1565 823 1620 acht und erklärt, Glaube und
830 1565 1976 1625 anschauung, und dieser Forderung gegenüber muß alles
823 1603 1984 1667 in den Hintergrund treten. Darum ist er auch stets zu
198 1603 825 1670 sehr gut. Wissenschaft ohne
2064 1624 3172 1707 Was die schauspielerischen Leistungen anbelangt, war
821 1654 1993 1717 Konzessionen bereit, zu so ausgiebigen Konzessionen, daß
195 1649 829 1712 etwas unsichere Angelegenheit,
1986 1687 3176 1758 es ein Ehrenabend für das Kleine Theater, das nahezu
181 1701 827 1776 ge fehle. Neben dem nationalen
819 1700 1983 1764 er schließlich der Minister für Kultus und Konkordat ge¬
1989 1732 3168 1795 allen Anforderungen genügte, die das figurenreiche Stück
196 1746 830 1817 klerikale Streber und der
830 1731 1987 1806 nannt wird. Vorderhand stellt er sich auf die Seite Bern¬
1985 1775 3175 1847 von der Darstellung verlangt, und das in den Dienst der
207 1786 826 1863 zeitlebens die übertriebene
826 1790 1987 1853 hardis, dem er freilich nachsagt, daß ihm der Blick fürs
1988 1832 3175 1891 Novität Einzelnleistungen und ein Ensemblespiel stellte,
167 1828 827 1905 und zu ihnen tritt der Mann,
813 1844 1989 1908 Wesentliche fehle, ohne den alle Ueberzeugungstreue doch
1980 1869 3174 1957 wie dies kaum ein anderes Berliner Theater zuwege¬
156 1891 1987 1950 wunsch nicht unterdrücken kann, nur Rechthaberei bleibe. Er wünscht zunächst, daß ihm die
1985 1912 3179 1989 gebracht hätte. Freilich ließ gerade der Vertreter des Pro¬
164 1935 831 2006 frätin zu werden. Auch sonst
812 1932 1995 2002 Interpellation im Parlament erspart werde, redet auch
1997 1967 3173 2030 fessors Bernhardi, Herr Bruno Decarli, zu wünschen
164 1998 1984 2046 kugten Anhängern der Lebens=] seinerseits Bernhardi zu, eine Erklärung abzugeben. Aber
1995 2007 3171 2076 übrig. Er war etwas gar zu deklamatorisch und schuf
167 2020 1996 2098 stlosen Gemeinheit“, das heißt da er von jenem kleinen Kuhhandel hört, der Bernhardi
1987 2067 3185 2126 keine sehr sympathische Figur, woran allerdings wohl auch
821 2070 1996 2155 zugemutet wurde, ändert er plötzlich seine Auffassung,
177 2087 826 2158 hne Grund, ohne Zweck, sogar
1992 2111 3171 2177 der Autor schuld sein mag. Denn gerade gegen die Figur
691 2118 831 2193 ge¬
822 2132 1994 2191 denn jetzt fürchtet er die Interpellation nicht mehr und
177 2131 712 2206 Das Haupt dieser
1990 2167 3181 2222 des Helden in diesem Drama sind die meisten Einwen¬
192 2176 834 2251 Professor Bernhardi. Das
831 2175 1980 2238 glaubt, der Klerikalen Herr zu werden, wenn er von
1986 2208 3180 2272 dungen zu erheben. Eine Meisterleistung war der Kaplan
166 2216 826 2290 Leitung über die ärgsten Fähr¬
821 2214 1989 2288 der parlamentarischen Tribüne die Gesinnungslosigkeit
1994 2255 3177 2322 des Herrn Abel, die wieder einmal die vornehme Kunst
158 2268 818 2350 sten Kinderkrankheiten hinaus¬
833 2276 1989 2348 aufdecken wird, die man von Bernhardi als Preis ver¬
1987 2301 3173 2368 dieses Schauspielers zeigte, die den besten Burgtheater¬
169 2304 826 2386 Protektorin, eine hochadelige
829 2323 1004 2396 langte.
1995 2348 3174 2418 traditionen entspricht. Von großer Naturtreue war der
165 2361 829 2436 Hand über Bälle hält, die zu
896 2344 1986 2430 Dazu kommt es aber nicht. Denn da der Minister
1983 2393 3188 2461 klerikale Professor Ebenwald, den Herr Klein=Rohden
172 2395 822 2471 et werden, und ein Kuratorium,
814 2409 1990 2476 im Parlament die Interpellation beantwortet, spürt er
1986 2443 3180 2517 spielte. Hans Salsner gab den Professor Pflug¬
184 2457 815 2522 n Bischof, ein Bankdirektor und
814 2462 1993 2531 plößlich mit seinem feinen Instinkt für die Massen¬
1993 2481 3176 2556 feldner, den alten Achtundvierziger, warmherzig und
170 2489 823 2561 s gibt sogar reiche Leute, die
825 2498 1997 2574 stimmungen, daß das Haus auf seiten der Inter¬
1999 2539 3175 2594 sympathisch. Den Unterrichtsminister spielte Max Landa
159 2555 823 2608 es aber freilich nicht täten, wenn
808 2549 1991 2629 pellanten stehe. Er kommt von seinem Thema ab, spricht
2007 2576 3183 2642 so, daß die feine satirische Zeichnung der Figur zur vollen
162 2586 833 2669 kein Bischof Kuratoren wären.
819 2588 1995 2666 von der Notwendigkeit der religiösen Erziehung und
1995 2629 3182 2693 Geltung kam. Der anarchistische Hofrat im letzten Akt
220 2640 1992 2706 die nur gelegentlich gestört endigt, vielleicht zu seiner eigenen Ueberraschung, mit der
1990 2682 3173 2749 freilich, der unter den Wiener Figuren dieses Stückes eine
153 2659 1996 2752 Personalfragen handelt und nicht Mitteilung, daß er sich mit seinem Ministerkollegen von
1988 2727 3182 2786 der allerwienerischsten ist, hätte unbedingt auch eines
157 2735 1996 2810 uffassung Bernhardis sich bekehren der Justiz ins Einvernehmen gesetzt habe, ob dem Pro¬
1989 2775 3179 2842 Wiener Darstellers bedurft, obwohl Max Adalbert
166 2788 822 2847 Posten dem Tüchtigsten gebühre,
809 2798 1992 2854 fessor Bernhardi nicht der Prozeß wegen Religionsstörung
1987 2822 2421 2904 sein Möglichstes tat.
149 2840 832 2902 auf, als der Professor mit der
809 2834 2000 2905 gemacht werden soue. Und dieser Prozeß wird tatsächlich
2074 2861 3197 2931 Es gab Beifall nach jedem Akt, manchmal sehr
164 2880 1988 2945 Da liegt auf einer Abteilung durchgeführt, die Anklage lautet noch dazu auf Verbrechen
2001 2903 3213 2993 starken Beifall, und der Dichter, welcher der Vorstellung,
154 2919 826 2995 achtzehnjähriges Mädchen. Sie
824 2946 1992 2998 und die Geschwornen finden Bernhardi schuldig, trotzdem
1987 2948 3188 3019 beiwohnte, konnte mehrmals vor dem Vorhang erscheftien.
145 2962 828 3044 Etsein, möchte aufstehen, spazieren
814 2982 1994 3045 der Psarrer vor Gericht seine Ueberzeugung ausspricht,
167 3003 827 3088 gesund und ist doch eine Tod¬
820 3026 1995 3091 das Verhalten des Angeklagten sei keineswegs von osten¬
187 3062 828 3136 Völlig ahnungslos ist sie in
816 3063 1999 3150 tativ=feindl.cher Absicht gegen die katholische Kirche geleitet
154 3088 829 3167 befangen, daß in der nächsten
813 3123 2003 3193 gewesen. Als der verurteilte Bernhardi in seine Wohnung
155 3139 826 3214 nahe steht, erscheinen wird, um
824 3174 2003 3237 heimkehrt, da erscheint der Geistliche bei ihm, um sich mit
148 3205 823 3282 wieder mit sich zu nehmen ins
812 3212 2003 3290 ihm auszusprechen. Und es ist eine der tiefsten
205 3238 835 3324 An das Sterbelager dieses
826 3254 1998 3333 Szenen in dem Schnitzlerschen Werk, in der die
145 3286 831 3361 ttbar verloren ist und sich
811 3318 2001 3387 beiden Vertreter entgegengesetzter Weltanschauungen
178 3330 827 3423 Priester mit den Tröstungen
814 3357 1994 3438 die geistigen Waffen kreuzen, und die schließlich
160 3396 805 3466 und Bernhardi meint, es
824 3410 2003 3474 damit endet, daß der Priester zu seiner Religion
225 3428 826 3502 möchte er sagen kein
830 3462 2005 3518 sich bekennt, die ihm gebietet, auch die zu lieben, die ihn
151 3467 830 3560 llte man sie aus ihrem letzten
824 3505 2000 3565 hassen, während der Arzt seine Weltanschauung rühmt,
141 3518 820 3603 tiester zögert. Er fragt, ob die
827 3546 2003 3609 vie von ihm heischt, auch dort zu verstehen, wo er nicht
155 3584 827 3644 i, daß sein Erscheinen den Ver¬
825 3598 2004 3665 verstanden werde. Bernhardi geht in das Gefängnis.
154 3619 825 3688 ungünstiger Weise beschleunigen
815 3648 1991 3712 Aber schon deutet sich bei ihm der innere Umschwung an,
154 3661 829 3738 e noch zu retten ist, dann will
819 3687 2001 3746 der sich während der Kerkerhaft vollendet. Er will nicht,
149 3726 828 3775 er wenn sie unbedingt verloren
826 3733 1998 3796 daß seine Sache ein Politikum werde. Davor flüchtet er
147 3756 834 3834 seinem Recht, beharrt er auf der
825 3788 2000 3859 sich eigentlich in die Zelle. Seine Lebensaufaabe ist es,
147 3811 822 3885 Denn was ein glücklsches Sterben
827 3828 2002 3901 Leute gesund zu machen oder ihnen wenigstens einzu¬
146 3855 825 3921 Anschauung und die des Pro¬
826 3867 2002 3951 reden, daß er es könne. Eine politische Affaire will er
144 3885 830 3971 useinander. Bernhardi verwehrt
817 3927 1996 3991 aus seiner Angelegenheit nicht machen lassen. Das würde
142 3939 835 4014 an das Bett der Kranken zu
131 3965 2004 4065 s Wohl seines Patienten bis zur ihn zu einer Rolle verführen, zu der er sich gar nicht
156 4014 2014 4080 t bleibe, und er rührt leicht mit tauglich fühlt, weil es eben nur eine Rolle wäre. Darum
897 4062 1987 4131 ea  Wmud-t eine Ma
292 4080 708 4152 riestendgeneuaehune
825 4087 2001 4164 ie
