3392 4320
667 41 1185 123 „Professor Vernhardi“.
544 101 1378 196 Komödie in fünf Akten von Arthur
478 152 1373 237 Schnitzler. Gesteum ersten Male im
484 193 978 258 „Kleinin Theater“.
537 244 1374 328 In der Klinik des Professors Bernhardi
478 277 1369 355 liegt ein armes Menschenkind im Ster¬
485 326 1374 401 ben. Ein junges Mädchen, dessen sün¬
478 364 1370 454 diger Leib irgend einem verbrecherischen
484 414 1360 502 Eingriff den Todeskeim verdankt. Sie ist ver¬
477 460 1360 543 loren. Aber im letzten Augenblick vor dem
471 505 1362 588 Ende gerät sie in den Zustand der „Euphorie“
473 551 1354 635 in jene traumhafte Illusion der Rettung und des
479 598 1362 680 Glückes, den die Natur mitunter in gnädiger;
467 624 1363 733 Laune der Vernichtung unmittelbar vorangehen
470 674 1358 761 lüßt. Da tritt, von der übereifrigen Kranken¬
472 719 1357 793 schwester herangeholt, ein Priester ein, der Tod¬
475 771 1351 842 geweihten die Sterbesakramente zu reichen.. Der
475 815 1349 899 Arzt bittet ihn, davon abzustehen, die Unglück¬
470 852 1357 932 liche nicht durch sein Erscheinen aus ihrem kurzen
469 895 1352 984 holden Wahn zu reißen. Es gibt einen raschen
466 949 1350 1027 Wortwechsel. Der Pfarrer besteht auf seinem
461 987 1340 1068 Recht. Professor Bernhardi verbietet es ihm.
460 1042 1339 1105 Da tritt der Assistent ein: es ist vorbei. Die
461 1077 1338 1171 Kranke ist ohne die Tröstungen der katholischen
459 1116 924 1185 Religion dahingegangen.
507 1171 1358 1243 So stellt Arthur Schnitzler in seinem
454 1213 1342 1288 jüngsten Werke, das, in Wien von der Zensur ver¬
453 1259 1344 1337 boten, gestern hier unter starken Bei¬
457 1302 1350 1382 fallsstürmen die erste. Aufführung erlebte,
447 1343 1343 1424 sein Thema. Ja, es ist ein richtiges „Thema“,
455 1398 1346 1460 ein „Fall“ im Geschmack der Thesenstücke fran¬
442 1431 1340 1511 zösischer Schule, der nun zunächst auch mit allen
447 1479 1333 1559 Mitteln weltlicher und theatermäßiger Logik
445 1518 1345 1602 durchgefochten wird. Die Sache wird lächerlich
449 1567 1335 1641 aufgebauscht, sie wird in den Streit der öster¬
437 1616 1330 1684 reichischen Parteien hereingezogen, zumal da
434 1645 1330 1733 Bernhardi Jnde ist, es kommt zur Interpellation
443 1692 1334 1776 im Parlament, ja zur Anklage und Verurteilung
428 1735 1322 1810 wegen „Religionsstörung". Bernhardi muß auf
440 1781 974 1849 zwei Monate ins Gefängnis.
477 1829 1328 1902 Wie Schnitzlers Theaterinstinkt diese Vor¬
433 1861 1322 1954 gänge für die Szene zubereitet, ist erstaunlich.
434 1918 1323 1995 Man wird nicht viele in Deutschland
437 1957 1315 2021 sinden, die das wie er vermöchten, ohne
427 2007 1316 2082 geschmacklos zu werden. Es ist ein Triumph
425 2050 1321 2122 der Bühnentechnik. Der Dichter, der selbst von
430 2088 1316 2169 Hause aus Arzt ist, läßt ein medizinisches Milien
410 2133 1322 2208 aufleben, das gestern abend, als gerade die er¬
429 2175 1313 2238 schütternde Nachricht vom Tode des Mannes,
424 2219 1327 2310 der Schnitzler einst zuerst aufs Theater gebracht,
417 2262 1308 2346 die Zuschauer erreichte, in seiner Wahrheit dop¬
425 2318 1320 2397 pelt stark berührte. Alles rings lebt und bewegt
415 2360 1309 2442 sich aus der Kraft einer unmittelbaren An¬
421 2402 1305 2482 schauung. Oft fast zu realistisch, zu sehr Wahr¬
413 2446 1303 2526 heit und zu wenig Dichtung. Drei Akte lang
409 2488 1301 2564 bleiben die Verhandlungen über das Thema
410 2536 1309 2599 propositum trotz aller bewunderswerten
412 2574 740 2632 Klugheit der
765 2589 1290 2657 Szenenführung einiger¬
401 2625 1296 2705 maßen äußerlich, nicht eigentlich schnitzlerisch.
406 2661 752 2731 Aber da kommt
750 2670 1296 2744 im vierten Aufzug eine
404 2704 1301 2773 Szene zwischen dem Arzt und dem
407 2755 1295 2823 Priester, der den Gegner nach der Ver¬
406 2807 1295 2876 urteilung aufsucht — und dies Gespräch, in dem
406 2849 1284 2924 zwei Weltanschauungen ohne Phrase einen Men¬
407 2888 1287 2969 surgang miteinander ausfechten, hob das Ganze
404 2931 1282 3007 sofort in eine andere, höhere, nun erst wirklich
402 2981 1291 3051 Schnitzlers ganz würdige Sphäre. Und der
388 3016 1280 3095 Schlußakt im „K. K. Ministerium für Kultus
389 3069 1290 3142 und Unterricht“ steigt, fast unerwartet, zur Höhe
396 3105 1274 3184 der Komödie auf, wo nicht das wichtig ist, daß
388 3150 1278 3229 der aus dem Gefängnis heimgekehrte Bernhardi
392 3192 1282 3272 hört, seine verlogen=hysterische Belastungszeugin,
386 3236 1276 3316 jene Schwester, habe revoziert, sondern die ewig
395 3286 1269 3349 alte, ewig neue Erkenntnis, daß die Welt ein
393 3329 1281 3415 Gaukelspiel ist. So wurde es ein außerordent¬
383 3363 652 3429 licher Erfolg.
437 3408 1261 3502 Die Aufführung unter Barnowskys Re¬
381 3461 1258 3524 gie war ein Meisterstück hohen Ranges. Herr
386 3506 1261 3587 Decarli aus Leipzig als sympathischer Träger
364 3547 1266 3611 der Titelrolle, ringsum die Herren Klein¬
375 3595 1269 3672 Rohden, Herzfeld, Salfner, Wolff,
371 3638 1264 3700 Wurmser, Platen als die tüchtigen, neidi¬
365 3682 1259 3763 schen und streberischen Herren Kollegen, Herr
364 3719 1263 3793 Landa als Minister und Herr Adalbert
360 3763 1279 3861 als sein Hofrat, Herr Abel als Priester bildeten!
373 3814 1258 3893 ein glänzendes Ensemble. Die einzige, kleiny
362 3854 1252 3943 Frauenrolle der Schwester hielt Fräuhln
376 3899 611 3971 Corlsen.
1046 3914 1175 3991 #l. 9
1767 1066 2762 1222 Auschalt unet Köinischa Zeitung
1766 1172 1915 1223 vom:
1973 1154 2399 1243 26 Nau 7912
1918 1286 2666 1413 Theater und Musik.
1889 1387 2691 1469 Professor Bernhardi von Schnitzler.
1709 1437 2877 1523 #. Berlin. Mit dem fünsaktigen Drama Professor Bernhard
1657 1470 2864 1561 die am Donnerstag den 28. ihre Uraufführung im Kleinen Theatere¬
1674 1501 2875 1597 lebte, hat Arthur Schnitlersicher eines seiner merkwürdigsten
1662 1543 2868 1636 bedeutendsten Stücke geschrieben. Das Stück ist schon deshalb mer
1666 1584 2865 1660 würdig, weil es lauter Männerrollen enthält, und nur eine einzige Fraue¬
1672 1625 2864 1711 rolle, die ganz episodische einer Krankenschwester im ersten Akt, vo
1667 1654 2861 1753 kommt. Wir haben nicht mehr Schnitzler, den Dichter des Dandi
1654 1701 2860 1780 und des Süßen Mädels vor uns, sondern Schnitzler den Satiriker, de
1654 1743 2857 1829 alle unsere Gesellschafts= und Moralbegriffe in feines Gespinst auflö
1661 1781 2859 1871 und uns dann lächelnd aber ohne alle Aufregung versichert: „Seh
1653 1816 2843 1910 es ist nichts!“ Das Drama Professor Bernhardi, dessen Aufführung
1653 1857 2250 1926 Österreich verboten wurde, ist
2248 1878 2865 1934 ein Medizinerdrama. Der Ar
1658 1896 2884 1981 Dr. Schnitzler hat es mit naturgetreuem Milieu und offenbar nach gute
1644 1936 2880 2011 Beobachtungen geschrieben. Professor Bernhardi, ein berühmter Kliniker
1649 1967 2881 2060 und Direktor des Elisabethinums, erlebt am Bett einer Sterbenden einen
1647 2015 2879 2105 unangenehmen Zusammenstoß mit einem Priester: In seiner Klinik
1641 2048 2872 2137 stirbt ein junges Mädchen an den Folgen einer Fehlgeburt; bis zum
1645 2096 2879 2170 letzten Augenblick ist sie in Täuschungen über ihren Zustand befangen
1637 2145 2874 2220 und glaubt an ihre Wiederherstellung. Der Arzt hält es für seine
1636 2168 2871 2263 Pflicht, sie in dieser Täuschung zu erhalten; da erscheint der Priester,
1639 2214 2874 2275 um sie mit dem Allerheiligsten zu versehen und ihre letzte Beichte zu
1635 2246 2875 2342 hören. Mit seinem Erscheinen müßte die Täuschung schwinden, der
1634 2289 2864 2368 Arzt verbieiet daher dem Priester den Zutritt; dieser zieht sich zurück,
1635 2330 2871 2404 und die Kranke stirbt ohne Beichte und Absolution. Der Fall macht
1630 2354 2357 2435 Aufsehen, Professor Bernhardi wird
2358 2393 2587 2447 von den
2585 2402 2857 2460 verschiedensten
1638 2405 2024 2461 Seiten angegriffen,
2062 2419 2555 2485 und neidische Kollegen,
2591 2438 2853 2496 sowie junge
1621 2443 2865 2536 Streber verbünden sich gegen ihn, um ihn aus seiner Stellung
1631 2490 2849 2571 zu verdrängen. Das gelingt auch, Bernhardi sieht nicht nur,
1615 2522 2865 2605 daß das Elisabethinum seine einflußreichen Gönner verliert, es erlebt
1627 2563 2855 2649 auch eine Interpellation der Klerikalen im Parlament, die ihm eine An¬
1623 2605 2852 2680 klage wegen Religionsstörung zuzieht. Er wird verurteilt, bleibt zwei
1616 2646 2841 2703 Monate im Gefängnis, und kehrt dann zu seinen Freunden und An¬
1615 2679 2843 2777 hängern zurück, um zum Besten der Menschheit weiter zu wirken, zumal
1613 2716 2848 2798 sich auch herausgestellt hat, daß bei der Gerichtsverhandlung die Kranken¬
1615 2766 2843 2842 schwester falsches Zeugnis gegen ihn ausgesagt hat. Schnitzler hat mit
1615 2793 2841 2876 dieser satirischen Komödie kein liberales Kampfstück schreiben
1616 2851 2849 2931 wollen. Er verteilt Licht und Schatten nach beiden Seiten, was die
1604 2884 2848 2966 Persönlichkeiten betrifft; seine so elegante Satire nimmt nur dann eine
1610 2918 2846 2984 schneidende Schärfe an, wenn sie sich gegen den Staat richtet, der mit
1610 2962 2844 3044 dem Anspruch, „christlich“ zu sein, seine Bürger in unausbleibliche Kon¬
1605 2990 2836 3078 flikte des praktischen Lebens bringt, und der zwei unvereinbare Welt¬
1606 3052 2843 3122 anschauungen unter einen Hut bringen will. Darin liegt die hohe Be¬
1597 3080 2833 3168 deutung des Stücks. Dessen Hauptfehler besteht darin, daß die Gestalt
1607 3113 2830 3195 Bernhardis selbst, die doch im Mittelpunkt steht, eigentlich zu wenig
1593 3165 2829 3236 lebendig ist. Das ist schade, und um so mehr, weil die andern Gestalten,
1604 3195 2832 3283 die verschiedenen Typen der Mediziner, vortrefflich gezeichnet sind. Eine
1593 3238 2841 3323 Prachtfigur und von echt Schnitzlerschem Blut ist der satirische Hofrat
1602 3261 2828 3360 des letzten Akts. Die Handlung steigt dramatisch und effektvoll an bis
1591 3325 2827 3394 zum dritten Akt, läßt dann in ihrer Spannung etwas nach, und verflacht
1596 3359 2822 3442 im letzten Akt ein bißchen durch zu viel episodische Reden. Trotzdem
1593 3385 2829 3482 bleibt Schnitzlers Professor Bernhardi eine sehr bedeutsame Leistung,
1592 3431 2825 3518 die erste wirkliche Premiere des Berliner Winters. Das Publikum
1592 3473 2827 3557 nahm das Stück mit sehr starkem Beifall auf, der nur am Schluß etwas
1585 3520 2818 3612 schwöcher wurde; nach dem dritten Akt mußte der anwesende Dichter
1586 3558 2387 3641 mehrere Male vor dem Vorhang erscheinen.
1714 4043 1842 4096 —
2802 4046 2962 4121 —.—
