3436 4256
775 138 1011 234 Nr. 23
2173 183 2369 244 " amt
2345 192 2959 295 Berttag
1788 202 2136 291 S3•2
658 215 1159 301 Erstes Beiblatt
2822 410 3149 556 2
784 384 1264 531 Schnitzlers
2809 489 3037 589 12
560 511 1456 640 „Professor Bernhardi“
2785 568 3012 688 ∆
603 661 1456 715 Theater in der Königgrätzer Straße.
633 706 1470 777 Barnowsky spielt Schnitzler. Noch nicht
2867 741 2937 813 #
573 782 1469 830 die neue Produktion des Dichters, sondern ein
1792 738 2294 865 2 N igure
577 813 1469 883 Drama von 1912. Den „Professor Bernhardi“
1823 815 2045 911 # F.
1577 747 1831 923 68).
573 861 1481 921 das Aerztestück des Arztes, das beinahe ein
579 910 1464 970 Tendenzstück ist. Mit heute wie damals leben¬
2055 793 2324 1005 0
2458 934 2572 1003 4
582 942 884 1015 digstem Leben.
2154 948 2401 1046 2
1896 961 2039 1080 N.
636 1006 1472 1057 Und dennoch kein Tendenzstück. Wohl steigt
2444 1009 2630 1118 42
2379 1035 2451 1110 2
582 1044 1481 1103 seine Handlung bis zur Hälfte des Verlaufs in
577 1086 1477 1139 gerader Linie an; wohl zieht sie uns hinein
587 1129 1473 1183 in Diskussionen, in politisch=ethische Konflikte,
2393 1018 2751 1203 *
577 1165 1475 1214 wohl hat der Professor Bernhardi, Direktor des
580 1217 1469 1263 Elisabethinums im kaiserlichen Wien, von
1947 1222 2059 1305 N.
583 1261 1476 1317 Schnitzler das besondere Merkmal, daß
575 1312 1475 1352 er Jude ist. Aber die Linie istge¬
583 1340 1476 1394 brochen. Während das adlige Kuratorium des
577 1383 1475 1435 Krankenhauses niederlegt, um die Abteilung für
3130 1401 3255 1479 A1
584 1435 1466 1482 Hautkrankheiten gekämpft wird, die tumul¬
2664 1404 2723 1503 4
574 1469 1477 1514 tuarische Versammlung der Elisabethinums¬
573 1512 1480 1567 Aerzte mit Bernhardis freiwilligem Rücktritt
569 1565 1469 1612 endet, die Christlichsozialen (von 1900) über den
2224 1533 2760 1657 S
583 1598 1474 1659 Fall Bernhardi den Minister für Kultus inter¬
2758 1572 2990 1668 SIN
1816 1622 2052 1697 KALSEE
579 1643 1481 1694 pellieren, das Justizministerium die Strafver¬
2848 1633 3238 1717 * STAHL-NACHBAUR
585 1687 1475 1728 folgung einleitet, Bernhardi wegen Religions¬
2821 1700 2946 1804 77
574 1722 1474 1786 störung zwei Monate ins Gefängnis muß: immer
1952 1695 3228 1868 S
578 1760 1475 1823 ist da, erschütternd, die Anfangssituation. Das
2012 1779 2265 1859 BAFSSART
577 1808 1479 1869 unsichtbare Bild der jungen Arbeiterin, die ihre
2254 1816 2528 1889 KORTNER
1583 1823 1855 1894 WAMLOCK.
581 1856 1474 1909 Todesstunde nicht ahnt und aus dem beseligen¬
2694 1877 3243 1954 Zeichnung von F. Meisel.
572 1895 1473 1940 den Wahn der Euphorie durch den Besuch des
586 1942 1470 1993 Pfarrers von Sankt Florian aufgerüttelt wird;
1495 1971 2376 2031 und des Zweifels, der Jahrhunderte alten
2400 1967 3311 2045 macht gute Figur, und die Aerzte=Sitzung ist
575 1987 1461 2063 die jammernd fragt: „Muß ich denn wirklich
574 2027 787 2087 sterben?“
1485 2025 2367 2072 Weisheit. Nicht die Manieren des Salon¬
2399 2023 3280 2088 eine Regieleistung Barnowskys. Wieder wenig
2399 2072 3280 2131 echt, unösterreichisch, der Minister Paul Ottos,
1483 2070 2367 2131 arztes, aber die unantastbare Hoheit des
630 2084 1461 2145 Die Szene lagert über der Komödie, eine
1495 2116 1707 2173 Intellekts.
2396 2117 3288 2169 mit den Bartkoteletts und der geschmeidigen
574 2140 1460 2188 leise quälende Erinnerung aus der abgeschlos¬
2397 2154 3275 2218 Malice. Rhetorisch wirksam Stahl=Nach¬
1549 2140 2369 2214 Ein einziger Satz fällt auf. Bei Schnitzler
583 2171 1463 2229 senen Welt der Säle, in denen Arthur Schnitzler
2401 2203 3062 2262 baur, der Sprecher, als Pfarrer.
1491 2207 2381 2260 hat Bernhardi zu Ausgang des zweiten Aktes
572 2227 1454 2283 zum Menschenbeobachter, zum Deuter der
2460 2221 3277 2295 Sehr belustigend, aber zu rotbäckig und zu
1482 2246 2379 2302 zu sagen: „Nun, wir werden ja sehen.“ Kort¬
576 2253 1468 2318 „letzten Masken“ wurde. Das gibt dem Debat¬
2401 2283 3288 2347 fiakerisch mit seinen Pepitahosen ist der Hofrat
1489 2301 2379 2349 ner sagt: „Nun, man wird doch da sehen.“ Eine
572 2310 1456 2364 tierstück die tiefe (mit einem Stichwort Bern¬
2401 2335 3282 2388 Winkler von Hörbiger. Dieser Hofrat des
1498 2335 2377 2392 Nuance, die in keinem seiner Worte sonst, keiner
583 2350 1453 2406 hardis) Hoffnungslosigkeit. Sie verliert sich
2397 2371 3289 2428 habsburgischen Regimes ist eine Spezialität,
1487 2379 2370 2441 Gebärde zu spüren ist, jedoch etwas mehr in
1198 2395 1461 2446 wenn der
578 2391 1180 2445 nicht, verstärkt sich nur,
2397 2422 3285 2473 aufzufinden noch bei Max Burkhard und
1493 2433 2377 2479 seiner Umgebung. Vor allem in dem Dr. Lö¬
572 2421 1453 2491 Chorus von Bernhardis ärztlichen Kollegen,
2401 2461 3273 2519 Hermann Bahr. Mondän und sehr klug,
1500 2465 2375 2521 wenstein Kalsers, der das Achselzucken im
568 2480 1455 2529 die Klique der Ebenwald, Filitz, Schrei¬
2402 2517 3287 2560 raffiniert klug bei aller äußeren Harmlosigkeit.
1498 2510 2377 2565 Ton von unserem witzigen Paul Morgan borgt.
583 2524 1468 2568 mann, Adler bis zu Hochroitzpointner, dem
2404 2545 3291 2605 Einer, der heimlich „Anarchist“ ist, weil er
1487 2562 2381 2609 Wie übrigens der vortreffliche Bressart als
576 2559 1468 2614 streberischen Kandidaten, offenbart, daß die
2395 2590 3287 2646 keinen Wert darauf legt, ein Trottel zu sein.
1496 2611 2371 2651 Professor Cyprian im Auftritt die Persiflage
571 2609 1466 2666 Menschen Gesindel sind, einbegriffen die Leute der
2401 2623 3283 2689 Darum bringt auch die Aussprache zwischen ihm
1490 2651 2368 2704 unseres Egon Friedell kopiert. Es wird immer
583 2653 1465 2697 „selbstlosen Gemeinheit“. Verstärkt sich in den
2401 2674 3290 2750 und Bernhardi im fünften Akt den Sinn des
1492 2681 2364 2737 schwer sein, einem solchen Männerdrama (denn
571 2701 1469 2745 seinen Schattierungen der dialektischen Ausein¬
2403 2717 2596 2788 Dramas.
1509 2728 2369 2784 die Spitalschwester Ludmilla, Victoria Strauß,
583 2733 1468 2797 andersetzung zwischen dem Arzt und dem Kle¬
2447 2735 3294 2830 Die Regie versucht, das Stück historisch zu
1494 2783 2368 2830 verschwindet rasch) in allen Rollen gerecht zu
578 2770 1472 2824 riker, die ein Händereichen über den Abgrund
2397 2784 3287 2851 sehen. Die Herren haben die Plastronkrawatten
1491 2799 2384 2861 werden. Zumal hier das Wiener Milieu zur
574 2827 1460 2873 hinweg ist. Und schwebt noch, skeptisch und
2399 2845 3286 2914 und die Gehröcke von 1900. Aber das Werk
1500 2861 2367 2911 geistigen Luft des Stückes gehört. Einige der
571 2870 1465 2915 traurig, um den Lustspielakt im Büro des k. k.
2401 2889 3283 2949 siegt über die Zeitdistanz. Es schlägt so ein,
1499 2904 2371 2950 Typen stimmen nicht, einige sind Behelfe: ein
572 2901 1463 2966 Unterrichtsministeriums, um das Pult des Hof¬
2396 2932 3288 2989 wie früher im Kleinen Theater. Barnowsky
1501 2944 2371 3004 schöner Mann mit Spitzbart, ein gestrichener
586 2948 1465 3005 rats Winkler, der zu Bernhardi sagt, es sei.
2400 2973 3281 3043 wird hervorgerufen, Kortner feiert einen ver¬
1491 2983 2377 3027 Hängebart. Aber Salfner poltert das greise
575 2987 1469 3042 schon besser, den Dingen nicht auf den Grund
2398 3021 2740 3094 dienten Triumph.
1496 3029 2379 3084 Naturburschentum seines Professors Pflugfelder
569 3027 1458 3089 zu gehen, weil man sonst eines Tages lerne,
3075 3041 3243 3130 P. w.
1495 3061 2401 3146 herunter, der Dr. Adler von Harry Hardt
585 3074 1470 3144 alles zu verstehen und alles zu verzeihen, und
575 3115 1265 3185 nicht mehr lieben und hassen dürfe.
638 3169 1463 3224 Es ist die Größe von Kortners Dar¬
2404 3193 3288 3275 Schwester“ verweigerte, hat Frank gegen
569 3218 1465 3289 stellung, daß sie diese gebrochene Linie einhält.
2400 3244 3289 3320 diese Zensurmaßnahme in der einzig denk¬
580 3257 1479 3315 Er hat einen grauen Kopf, den Kopf des
1610 3253 2264 3352 „Ein alter Mlann
2401 3312 3287 3355 baren Weise protestiert, indem er seine Mit¬
577 3303 1465 3357 Alternden. Mit dunklen Augen, die vom Ge¬
2278 3328 2368 3399 46
2401 3345 3286 3399 wirkung an solcher nur zu zwei Dritteln „ge¬
570 3353 1462 3408 sprächspartner meist abirren, zu Boden starren,
1507 3348 2339 3450 sonl nicht mehr singen!
2390 3382 3290 3434 nehmigten“ Veranstaltung absagte. Strecker, der
569 3398 1469 3454 oder die er halb zudrückt. Klangvoll, aber von
2400 3440 3283 3482 Vertreter der repräsentativen Vereinigung deut¬
574 3438 1463 3495 einem Schleier verhüllt die Stimme, mit jähen
1497 3440 2366 3527 Mißglückter Dichterabend des Verbandes
2395 3461 3283 3535 scher Prosaschriftsteller, drückte sich allerdings
578 3496 1468 3539 Entladungen des Zornes, in dem die flache
1701 3496 2160 3572 Deutscher Erzähler
2402 3512 3283 3563 erheblich gemäßigter aus; er sprach nur von dem
578 3527 1466 3570 Hand auf den Tisch haut, und sofortiger Rück¬
2389 3565 3284 3615 „ziemlich unhaltbaren Zustand“, daß ein allge¬
1548 3540 2365 3621 Der Vorsitzende des Verbandes ließ sich ent¬
575 3574 1468 3616 kehr in scheinbare Ruhe. Ein Lächeln, das
2400 3617 3277 3664 mein anerkannter Roman in dieser Weise zensu¬
1503 3605 2368 3663 schuldigen: seine Freunde hielten es für nötig,
575 3615 1467 3678 kommt und entflieht, das Lächeln der Ironie
2400 3649 2647 3701 riert werde.
1498 3659 2362 3710 daß er sich (nach überstandener Krankheit) schone.
2451 3669 3283 3743 Als Ersatzmann wurde nun ein anderer
1494 3700 2373 3747 Ein anderer Herr, das Vorstandsmitglied Karl
2400 3729 3283 3784 Frank ins Treffen geschickt. Dr. Frank Thieß
1502 3739 2370 3786 Strecker, trat an seine Stelle, um (merklich aus
665 3738 1138 3844 Inhauhe lände.
2404 3769 3289 3833 nämlich. Der als Essayist und Prosaist so
1488 3786 2379 3843 der Fassung gebracht durch Zurufe aus dem Pu¬
2410 3829 3294 3875 ehrenwerte Schriftsteller las (im Erzähler¬
1504 3822 2371 3878 blikum) etwa folgendes mitzuteilen: Da der
1237 3829 1289 3873 #
2405 3873 3287 3923 Verband, nicht zu vergessen!) seinen Einakter
1500 3867 2401 3932 Berliner Rundfunk, der die Vorlesung;
2391 3906 3279 3960 „Der Kammersänger“ aus dem Manuskript; und
1498 3912 2376 3961 dreier Dichter aus ihren Werken seinen Hörern
2404 3950 3293 4006 man muß wohl — angesichts der Tapferkeit, mit
1490 3966 2379 4011 weiterzugeben übernommen hatte, wegen morali¬
2394 3992 3286 4053 der dieser Reservemann in die entstandene
1495 3999 2374 4049 scher Bedenken die Sendung eines Abschnitts aus
2387 4019 3319 4096 Bresche sprang — sich auf die Feststellung
1144 4017 2387 4107 GELEE ! Leonhard Franks Roman „Bruder und
734 4029 828 4111 *
823 4085 984 4165 #.
