3344 4352
1587 95 2060 197 box 31/3
225 101 1452 213 25. ProfesBernand
1795 957 2023 1050 RRER
1454 1044 3319 1100 des urgewaltigen Deutschen, dessen Problemstellung dargestellt. Aus der g oßen Zahl de
1454 1094 2553 1149 sich fraglos ohne Zweifel aufwirft und die des
2556 1098 3322 1163 die alle ihr Bestes geboten habe
542 1100 1244 1203 Kunst und Wissen.
1454 1142 2556 1203 subtilen Wiener Juden, dessen Antwort mit
2569 1150 3315 1200 genannt, die durch ihre scharfumei
1451 1194 2548 1251 einer zweiflerischen, vielleicht verzweifelten Frage
2571 1197 3322 1255 in Erinnerung bleiben: Rupert R
436 1177 1442 1263 „Professor Bernhardi“. Komödie in fünf
1456 1242 2545 1301 endet. Aus Bernhardi einen Helden zu machen,
2566 1237 3304 1305 Pflugfelder, Ernst Fuchs, ein
333 1246 1435 1308 Akten von Arthur Schnitzler. Im Wien des
1453 1288 2550 1347 wäre gelinde gesagt eine künstleri he Unwahrheit
2568 1289 3325 1345 Schauspieler, als Bezirksaxzt von
342 1296 1442 1354 Jahres 1909 verwehrt der jüdische Spitalsdirektor
1452 1348 2560 1396 gewesen. Schnitzler ist in biesem ganzen Werke er !
2571 1338 3323 1402 Norfolk in bewährter Güte. Hu
342 1345 1436 1410 Bernhardi dem Anstaltspfarrer einer schmerzlos und
1455 1374 2555 1444 selbst, der feine weise Spötter geblieben, und auch
2568 1387 3314 1458 Alfred Helfer und der den Hof
333 1393 1444 1457 ahnungslos Sterbenden durch dessen plötzliches Er¬
1456 1434 2555 1498 das alte Österreich hat sich durch sein Zensuroerbot
2559 1431 3333 1484 Unterrichtsministerium. Ein Kabinet#
344 1449 1446 1523 scheinen mit den Sterbesakramenten die letzten Stunden
1454 1485 2556 1555 gegen Professor Bernhardi in seiner Unrettbarkeit
2562 1486 3322 1565 über üdelte den Dozenten Löwenstein
340 1499 1437 1565 zu zermartern. Die Christlichsoz'alen machen selbst¬
1449 1529 2557 1588 erwiesen. Österreich hat in diesem Stücke ein
2561 1535 3258 1618 war Ludmilla, die hysterisch ist.
333 1549 1435 1609 verständlich aus dem Zwischenfall einen „Kul# irkampf“,
1456 1582 2553 1644 zweites nal frei billig mitspielend Partei gegen
343 1597 1448 1655 die liberale Judenpresse eine Sensation. Und gunz
1462 1629 2550 1707 Schnitzler ergriffen. Daß beutale Dummheit oft so
346 1632 1446 1699 unfreiwillig steht der menschlihe und ehrliche Medi¬
2629 1649 3306 1728 Stadttheater. Donnerstag, 27. be
1459 1672 1979 1757 viel Pikanterie erzeugt!
342 1684 1436 1750 ziner Bernhardi im Mittelpankt des -politischen
2554 1717 3312 1785 monisches Konzert. Dirigent Kapellmeiste
349 1736 1441 1806 Tagesgeschreis. Sein Jugendfreund, der Unterrichts¬
2553 1762 3310 1806 Es gelangen Mahlers erste Sympho
1522 1731 2550 1825 Erst nach der Enthabsburgeran Oesterreichs konnte
346 1783 1438 1838 und Konkordats=Minister liefert ihn aus „höheren
2553 1791 3312 1860 Strauß' Tondichtung „Tod und Verklär
1454 1795 2542 1858 das Stück in Wien aufgeführt werden. Das
2550 1833 3308 1900 führung. — Freitag den 28. ds.: „
346 1831 1432 1900 volitischen Motiven“ der Strafoerfolgung aus.
1443 1843 2545 1928 Deutsche Volkstheater brachte es in einer ausge¬
2555 1882 3310 1923 Samstag den 29. ds., abends 8 Uhr, neu
340 1869 1445 1952 Bernhardi wird wegen Religionsstörung auf Grund
1458 1903 2552 1963 zeichneten Aufführung zur Darstellung. Die Wiener
2557 1919 3314 1971 Oper in drei Akten von Puceini, szenisch
335 1935 1440 2004 tendenziöser Aussagen zu zwei Monaten Gefängnis
2561 1962 3326 2009 wald, musikalisch von Kapellmeisters K
1452 1950 2546 2016 Kritik lobte damals insbesondere das Zusammenspiel
330 1997 1438 2045 verurteilt. Um den Politikern und ihrem Anhang und
2564 2000 3316 2067 Sonntag den 30. ds., nachmitags 4 un
1451 2002 2551 2074 von etva dreiundzwan ig männlichen Darstellern,
2563 2033 2878 2107 „Walzertraum“.
335 2029 1440 2101 dem Schmutz des Mißfalls und Bei alls zu entgehen,
1449 2057 2557 2119 von denen jeder einzelne eine Persönlichkeit wieder¬
334 2082 1434 2138 flüchtet er, eigenwillig und auf alle Rechtsmittel ver¬
1456 2100 2553 2161 zugeben hat. Mit einm etwis bangen Gefühl
341 2127 1444 2195 tichtend, in den Kerker: er ist weder Held no hJouralist.
2622 2107 3291 2197 Gastsviel Willy Thaller. Es
1451 2144 2545 2205 mußte man deshalb der Aufführung in einem Pro¬
2557 2189 3319 2228 noch einmal darauf aufmertsan gemacht,
335 2177 1446 2253 Die Grenzen seiner Konsequenz sind in seiner der
1450 2191 2550 2246 vinztheater entgegensehen Kann eine Provinzbühne
2558 2224 3315 2286 zu dem Dienstag den 1. Feber und Mitt
354 2215 1446 2304 Abstraktion fremden und dennoch der fälligen
1453 2243 2547 2299 dreiundzwanzig Schauspieler dre undzwanzig Persön¬
2569 2265 3321 2309 nachmittags und abends stattsindenden
351 2269 1440 2349 Umgebung überlegenen Persönlchkeit gegeben. Er
1449 2291 2549 2351 lichkeiten darstellend auf die Bühne bringen? Und
2570 2301 3321 2347 Thaller Freitag den 23. Jänner, 9 Uhr
343 2319 1437 2386 straft seine Feinde, indem er sich einsperren läßt.
2566 2338 3323 2388 Abendkassa des Stadttheaters (in der
1457 2334 2551 2403 dennoch, so unwahrscheinl h es klingen mag: es
2570 2379 3324 2427 Der Gast tritt Dienstag den 1. Feber in
335 2375 1443 2432 Aber nicht etwa aus Märtyrerbedüefnis, sondern
1454 2386 2559 2447 gelang! Schon die ersten Szenen mitten in Einem
2558 2418 3306 2479 „Krenzelschreiber“ als Steinklopferh#
348 2419 1451 2477 mehr aus dem großzügigen Bestreben, eine peinliche An¬
1457 2437 2549 2502 das befreiende Gesühl auslösen, daß hier ein kühnes
2560 2448 3306 2509 2. Feber, abends 8 Uhr, als Robert 9
337 2465 1446 2543 gelegenheit radikal zu erledigen. Schnitzler stellt in Bern¬
1463 2487 2549 2553 Werk im Gelingen ist. Und unwillkürlih mußte
2560 2501 3315 2546 Leons Wiener Volksstück „Gebildete
346 2518 1441 2580 hardi keinen Typus, sondern einenlebendigen Menschen,
2559 2536 3328 2614 Mittwoch den 2. Feber, nachmittags 4 Uhr
1458 2526 2554 2601 sich dieses Gefühl im Genuß einzelner Meister¬
2557 2576 3096 2645 mit Willy Thaller als Gast.
337 2547 1454 2649 dessen Charakter man in wenigen Worten nicht er¬
1457 2584 2554 2642 leistungen und des ungestörten straffen Zusammen¬
340 2604 1445 2676 gründen kann, auf die Bühne. Und wenn dieses
1453 2636 2550 2716 spiels zu reiner Freude an dem Erfolg einer, schwe¬
2629 2636 3276 2722 Abonnements im 2. Rang.
350 2663 1441 2735 Stück gleichsam ohne Schluß endet, beweist das nur,
1460 2686 1911 2758 ren Arbeit steigern.
2561 2687 3282 2755 darauf aufmerksom gemacht, daß die
334 2705 1453 2782 wie lebenswahr, wie unmittelbur aus persönlicher
2574 2742 3325 2799 Zehner=Abonnements im 2. Range des Sta
1543 2730 2546 2809 Ludwig Gibiser spielt den Bernhardi mit
347 2754 1447 2834 Erfahrung geschöpft es ist. Um die Eigenart
2566 2764 3332 2822 den 25. ds. an der Tageskassa begannen
1464 2805 2550 2869 Sicherheit und restloser Erfassung von Schnitzlers
2571 2817 3325 2878 Behebung der angemeldeten Abonnements
336 2790 1445 2876 Schnitzlers im Vergleiche zu umreißen, genügt es,
2569 2859 3291 2909 Abonnementswerber gelegen, da die er
1461 2858 2547 2924 Eigenart. Alexander Marich fand sich geradezu
350 2867 1447 2938 wwenn man „Professor Bernhardi“ Schnitzlers
2571 2900 3331 2972 neu aufgelegten Abonnements Donners#
1453 2900 2550 2969 beispielgebend in die Rolle des Ebenvald. Melneg
335 2901 1451 2980 „Pfarrer von Kirchfeld“ nennt. Im Vergleiche
2569 2935 2777 3004 statifinbet.
1456 2947 2552 3022 Erinnerns war der Ebenwald des Wiener Volks¬
350 2953 1456 3019 werden uns erst seine vergleichslosen Gegensätze be¬
337 2982 2572 3091 wußt, die Unüberbrückbarkeit zweier Kulturen: die theaters unpersönlicher, gleichsam charakterschwächer
791 3083 1621 3360 Gona sc6g l,
1599 3230 1856 3323 PEr
