3344 4320
715 145 766 207 5
1587 130 2033 228 box 31/7
229 139 1440 254 25. BrfzoBernhandi
1126 1094 1248 1176 32 —
568 1213 1804 1266 vom ersten Augenblick an mit Spannung wie mit Elektronen
578 1272 1803 1332 sättigen=, und glossieren: „Elektrone sind Bernsteine, aber das
576 1331 1795 1385 macht nichtse, Jene Gebildeten meinen nun, Sie verspotteten den
567 1368 1798 1427 Satz, weil Sie nicht wüßten, was in jedem physikalischen Schulbuch
568 1432 1801 1480 stehe, nämlich daß es wirklich Elektronen gibt. Solche Vorzugs¬
581 1482 1792 1528 schüler, die nach dem Schulbuch schreien, wo ihnen Ohr oder
569 1521 1794 1579 Auge versagt, verdienen das Lineal über das Maul gestrichen, Ich,
566 1586 1794 1629 der icn mir anmaße, dutzendemal mehr von den Elektronen zu
564 1627 1799 1679 verstehen als der gesamte wissenschaftlich gestikulierende Teil Ihrer
561 1666 1795 1715 Leserschaft, habe die Glosse folgendermaßen aufgefaßt: Sie
566 1730 1803 1771 entblößen die spannungsbeflissene Leere des gebrauchten Bildes
572 1767 1800 1818 (das, als innerlich unerlebt, unsachlich ist), indem Sie ihm die
576 1820 1798 1869 schlichte ältere Bedeutung des Wortes entgegenstellen; Sie sind
569 1875 1800 1930 durch die Ubersetzung -Bernsteinee gleichzeitig imstande, das
571 1911 1799 1966 Gemauschel mit aufgeschnappten Fachwörtern zu charakterisieren,
573 1964 1798 2011 davon nicht erst zu reden, daß sich diese Ubersetzung dem
566 2014 1794 2073 Dramatiker Schnitzler sofort assoziiert. Aber auch wenn Sie nicht
575 2073 1806 2119 so komponiert hätten oder wenn Sie wirklich von der übrigens
567 2120 1795 2173 viel befehdeten Elektronenhypothese nichts wüßten, ja sogar wenn
564 2166 1791 2215 Ihr Satz im physikalischen Unrecht und die Phrase im Recht wäre
570 2209 1792 2262 (was nicht der Fall ist, denn die Phrase hinkt sprachlich wie
569 2264 1791 2319 physikalisch und Ihre Wendung hat gerade für den tatsächlich
573 2306 1792 2350 wissenschaftlich Geschulten und Erkennenden besonderen Reiz), so
564 2367 1796 2421 bliebe die Berechtigung jener Stelle außer Zweifel; denn Sie haben
564 2412 1790 2460 nicht bloß das Recht, Sie haben die Pflicht — nicht als ein -Du
563 2457 1792 2515 sollst-, sondern als ein -Ich muße — dem Schmock immer über
575 2502 1799 2565 die Schnauze zu fahren, wenn er sich erfrecht, seine bericht¬
578 2551 1799 2618 erstattende Nebensächlichkeit durch wissenschaftliche Wortschälle
577 2599 1793 2658 aufzubauschen; der Schmock hätte auch dort wissenschaftlich
579 2650 1793 2703 Unrecht, wo er zwischen seinen Neuigkeiten einen wissenschaft¬
577 2701 1800 2763 lichen Ausdruck scheinbar richtig einsetzt. Und so: Elektrone
575 2763 1797 2813 sind Bernsteine und die Schnitzler sättigen ihre Handlungen mit
577 2809 1807 2862 Bernsteinen und nicht mit Elektronen und Professor Bernhardi hat
578 2845 1757 2907 nichts mit der Wissenschaft, aber alles mit der Zeitung zu tun.
953 2902 1775 2977 Ihr ergebener L. E. Tesar, Physikprofessor.
686 2965 1807 3058 Denn: Und sie bewegt sich doch nicht — seitdem es auch
564 3036 902 3099 die Presse weiß.
2707 1319 2840 1418 W
2056 1349 2440 1454 Aerdeunnt aue!
2491 1394 3023 1493 Salzburger Cbronik
2086 1480 2189 1543 P7:
2251 1468 2480 1538 28A. 19“
2567 1478 2898 1573 Salzburg
2495 1480 2553 1566 —
2129 1629 3124 1698 Kultur und Geschäft. Die Kultur war da¬
2058 1688 3117 1755 mals in höchster Gefahr. Wenigstens die Juden¬
2063 1733 3114 1793 presse tat so, als ob dies der Fall gewesen wäre,
2062 1792 3147 1850 nämlich als die Wiener Zensur das=Schnitlen
2058 1833 3112 1891 sche Schauspiel „Professor Bernhardi“
2062 1884 3114 1947 von der Aufführung an den Wiener Bühnen
2057 1980 3114 2040 man für gewöhnlich nur auf dem Gebiete der
2058 2030 3110 2085 Manufaktur begegnet, drängten sich um die an¬
2057 2076 3112 2125 geblich durch klerikale Umtriebe bedrängte mo¬
2055 2123 3104 2185 derne Kultur mit einem Getöse, als gelte es,
2059 2170 3120 2229 noch ein zweitesmal die Mauern von Jericho
2051 2226 3110 2289 zu Fall zu bringen. Nun wurde in Preßburg
2041 2273 3116 2311 von einem Berliner Ensemble dieses „weltbe¬
2048 2320 3111 2378 wegende Schauspiel“ auf die Bühne gebracht.
2043 2352 3112 2422 Eine Kulturtat ersten Ranges. Täglich las man
2045 2413 3107 2473 von ihr in der Presse, Separatdampferfahrten
2041 2465 3107 2517 wurden eingeleitet, und dergleichen Tam Tam
2044 2515 3110 2571 mehr. Und was ist bei diesem Schnitzlerrum¬
2049 2562 3112 2623 mel herausgekommen? Selbst die „Wage“ eine
2042 2615 3111 2670 Wochenschrift, deren „geistiger“ jüdischer Leiter
2046 2658 3112 2710 der betannte Indenliberale Abg. Zenker ist,
2048 2710 3113 2751 macht das Geständnis, „daß zwar das Verbot
2045 2756 3110 2805 des Stückes durch die Zensur eine Dummheit
2057 2817 3105 2871 var, daß es aber eden eine solche Dumm¬
2053 2853 3119 2905 seit ist, die Aufführung dieses Stückes eine
2050 2906 3104 2964 Kulturtat“ zu nennen. Das ist eine recht in¬
2047 2962 3108 3010 eressante Beurteilung. Aber wehe, wenn sich
2057 3001 3112 3059 o ein „Klerikaler“ dieses Urteil über das
2046 3041 3106 3103 Nachwerk des Herrn Schnitzler angemaßt hätte!
2055 3109 3107 3163 der Liberalismus hat wirklich Pech. Politisch
2048 3153 3105 3206 ommt er immer mehr auf den Hund und lite¬
2047 3194 3121 3251 arisch wird er nun auch noch an seiner Leuchte
2062 3239 2410 3308 chnitzler irre.
