3436 4352
997 226 1057 287 B
1634 216 2103 314 box 30/4
278 223 1496 333 25. Professor bernhardi
960 1201 1430 1283 (Gegienangabe ohne Genjhr.)
624 1287 1074 1373 Husschnitt aus:
637 1390 806 1457 vom:
959 1383 1251 1467 0%
1603 1573 2572 1650 der erste Akt; alles andere ist, mit wenig Aus¬
779 1561 1496 1667 Professor Bernhardi.
1604 1627 2566 1694 nahmen, Zwiegespräch, Geplauder — Feuilleton.
771 1640 1604 1707 In einem Privatspital in Wien, das gerne
1611 1663 2564 1731 Freilich kommt dann noch die Auseinandersetzung
643 1680 1604 1760 Staatsspital werden möchte, liegt eine Tochter
1611 1712 2562 1775 des Professors Bernhardi mit dem katholischen
644 1739 1602 1796 sterbenskrank darnieder. Sie ist aber voll Lebens¬
1608 1756 2576 1813 Priester, und dieser menschlich sehr feinen Szene1
635 1778 1596 1845 hoffnung, trotzdem sie im nächsten Augenblick
1614 1803 2570 1871 wünscht man beinahe eine bessere Umgebung.
647 1804 1601 1882 sterben muß. Die Krankenschwester läßt einen
1602 1837 2564 1909 Wenn das Stück so zu fesseln vermochte, so ist
643 1867 1599 1928 Geistlichen rufen. Als der aber ins Sterbezimmer
1607 1882 2567 1945 daran die Inszenierung sehr stark beteiligt. Willy!
635 1915 1601 1985 will, verweigert ihm Professor Beruhardi den
1602 1926 2558 1989 Schrader hat da zweifellos mit großem Geschick
636 1952 1595 2022 Eintritt; die Kranke soll einen glücklichen Tod
1607 1975 2563 2048 gearbeitet; die einzelnen Szenen waren hübsch
641 1999 1595 2073 haben. Der christliche Vizedirektor benützt diese
1593 2014 2564 2086 abgestimmt; die ganze Aufführung ist rund und
636 2046 1594 2095 Gelegenheit, um gegen den jüdischen Vorsteher
1609 2061 2553 2130 hatte bis zum letzten Akt, der auch in der Dar¬
630 2066 1595 2151 des Spitals eine Intrige anzustiften; es kommt
1596 2099 2548 2174 stellung etwas abfiel, keine toten Stellen. Es
627 2117 1582 2198 zu einem Skandal, zu einer Interpellation im
1591 2152 2561 2229 spricht auch für die Tüchtigkeit des Regisseurs,
623 2160 1590 2232 Abgeordnetenhaus, zu einer gerichtlichen Unter¬
1599 2198 2552 2250 daß die mitwirkenden Mitglieder des Chorper¬
625 2215 1580 2283 suchung, zu einer Verurteilung des Professors
1595 2238 2555 2318 sonals noch recht annehmbar Figur machten.
624 2253 1585 2317 Bernhardi, zu zwei Monaten Haft, und schließ¬
1592 2278 2555 2356 Freilich mag Schraders Professor Bernhardi einen
617 2288 1590 2373 lich zu — ja zu was kommt es schließlich? Zu
1597 2330 2553 2402 nicht unwesentlichen Teil der Schuld an dem „spie¬
621 2331 1580 2410 gar nichts! Es sind scheinbar wohl tragische Mo¬
1588 2363 2556 2444 lerischen“ Gesamteindruck des Stückes tragen; aber
613 2385 1581 2450 tive, die da von Schnitzler ins Feld geführt wer¬
1584 2409 2547 2470 schließlich ist es ja eine Komödie, und es mag
620 2425 1576 2500 den; aber das Stück spielt ja in Wien, und nir¬
1595 2437 2549 2526 verteufelt schwer halten, die Linie zwischen dem
609 2482 1572 2546 gends so wie in Wien, sagt Hermann Bahr
1585 2494 2543 2572 für seine Ueherzeugung fallenden „Charakter¬
607 2527 1573 2589 einmal, gilt das Wort, „wir spielen immer“.
1588 2552 2554 2616 menschen“, und dem heiteren Wiener, der nichts
613 2572 1579 2624 Das war der Gesamteindruck des Abends: Diese
1589 2589 2558 2656 an sich heran kommen läßt, zu halten. Und es ist
606 2602 1574 2682 Menschen spielten alle, 's ist nirgends ein ganzer
1580 2628 2560 2705 nicht zu bestreiten, daß Schrader diese Linie nicht
601 2629 1571 2724 Ernst dabei. Sehr ernste und tiefgehende Pro¬
1577 2676 2559 2745 übel gezogen hat, wenn wir auch eine gewisse
598 2680 1574 2768 bleme sind angeschnitten; aber husch, husch geht
1579 2715 2567 2794 Affektiertheit hätten missen können. Aber diese
603 2737 1559 2811 es darüber weg; und das ewige Lächeln des Ja¬
1574 2753 2544 2831 Kleinigkeit abgezogen, war die Bombenrolle Hand
598 2784 1564 2845 paners grinst einem überall an, auch wenn zu¬
1569 2797 2540 2875 in Hand mit der außerordentlich viel verlangenden
598 2815 1578 2907 weilen sehr traurige Dinge gesagt werden. So
1570 2842 2555 2935 Regieführung eine sehr achtbare, Anerkennung
596 2857 2543 2963 ist Schnitzler, so ist das „moderne literarische heischende Leistung. Vorzügliches boten die Her¬
603 2912 2562 3007 Wien“ und es unterhält vortrefflich. Mit an=ren Derzbach als katholischer Priester, Robert
601 2952 2540 3040 haltender Spannung folgte am Montag abend Wach als Vizedirektor, und in der kleinen Rolle
593 3004 1570 3072 das gut besetzte Haus den oft recht langen, manch¬
1559 3000 2542 3107 des Journalisten Kulka Herr Emil Holl. Auch
593 3049 1565 3113 mal etwas handlungsarmen Dialogen. Denn dra¬
1563 3074 2554 3161 alle andern zahlreichen Mitspielenden fügten sich
597 3076 2036 3174 matisch an dem ganzen Stück ist eigentlich nur trefflich in das Spiel.
