3344 4352
1646 186 2086 281 box 30/4
264 189 1541 291 25. Professor Bernhardi
182 1273 467 1371 Zeitung
440 1491 1359 1576 Aufregung vom Krankenbette, vom Todes¬
2304 1503 3207 1589 gespielt und der österreichische Ton gut ge¬
1388 1517 2290 1611 uteilen. Zu zwei Monaten Gefängnis. Aber¬
442 1563 1371 1624 bette fernzuhalten. Die Agonie breitet ihre
2289 1529 3231 1637 troffen wurde — wenngleich in Sprache und
1390 1573 2285 1646 #j#e dies geschieht, hat man ihn fast aus dem
2296 1591 3123 1672 Haltung nicht von allen Darstellern —
456 1607 1362 1665 Schatten über die Kranke aus — ein letzter
1386 1613 2276 1674 Gesichtskreise verloren. Der aus dem Ge¬
2286 1639 3217 1719 hielt das Interesse der Zuhörer bis zuletzt
450 1652 1374 1728 und schwerster Seufzer — nun ist es Nacht
1393 1654 2276 1730 ihle tiefster Menschlichkeit heraus handelte,
441 1682 786 1759 im Haus
2294 1686 3213 1761 an. „Professor Bernhardi“ ist ein Männer¬
1385 1698 2278 1770 ihm ist nicht die Kraft gegeben, den Weggerabe
2290 1718 3216 1807 stück, Frauenrollen kommen außer der kleinen
478 1721 1376 1818 Als dies arm-reichselige Geschöpf diesem
1389 1742 2290 1821 weiter zu gehen. Er schwenkt zur Ansicht
2290 1769 3208 1854 einer Krankenschwester in ihm nicht vor. Der
1386 1788 2284 1861 eines Freundes und Berufskollegen ein, der
439 1777 1366 1846 Sterben entgegengeht, klopft es an die Türe
2288 1815 3216 1904 Leiter der Aufführung hatte die einzelnen
1380 1836 2279 1907 sagt: Dieser Einzelfall ist nicht maßgebend,
436 1836 1373 1884 des Ordinationszimmers — ein Priester teitt
158 1819 432 1909 Wiener Dich¬
2281 1860 3203 1944 Rollen wirksam besetzt. Es seien vor allem
1383 1877 2276 1943 ja für das höhere Ziel des Wirkens im Gro¬
441 1875 1363 1943 mit dem Allerheiligsten, den Sterbesakramen¬
184 1888 445 1948 eine Szene
2287 1897 3215 1990 Karl Schmidt als Bernhardi genannt,
1381 1926 2274 1990 ßen, das allein moralischen Wert besitzt,
435 1920 1369 1978 ten, ein. Was dem Gottesmann als eine
160 1929 445 1994 Eindringlich¬
2287 1941 2403 1994 der
2429 1950 2947 2020 den weichen Zug
2935 1962 3064 2012 in
439 1968 1361 2025 heilige Pflicht erscheint, dünkt dem Manne
1385 1966 2278 2038 gleichgültig. Es gilt, einzulenken, wenn
3056 1972 3209 2023 des
144 1974 442 2038 m stockt. Sie
2285 1981 3215 2065 Professors Wesen von Anfang an stark be¬
441 2006 1360 2066 der Wissenschaft eine Störung des glücklichen
1381 2017 2277 2072 auch nur der Form nach. Er traut einem fal¬
152 2018 424 2082 Aktes. In
2279 2033 3201 2105 tonte so daß man den lauwarmen Ausgang
439 2058 1366 2111 Friedens dieser letzten Stunde seiner Pa¬
1378 2050 2270 2106 schen Freunde und seiner sophistischen Lebens¬
145 2065 440 2126 iener Arztes
2287 2069 3218 2150 des Stückes mit einiger Wahrscheinlichkeit vor¬
442 2089 1377 2154 tientin: er versagt dem Priester den Eintritt
1373 2096 2279 2167 weisheit, daß es als oberstes Lebensgesetz
156 2106 435 2175 enen viel zu
2282 2115 3205 2202 aussah. Aber Groß hat einen temperament¬
443 2144 1362 2200 zum Krankengemache. Besindet er sich im
1387 2149 2274 2195 gelten müsse, „der immanenten Idee seines
151 2149 435 2215 genden Son¬
2282 2164 3208 2247 vollen — Bernhardi, obgleich er auf dem
443 2186 1365 2243 Recht? Tausendmal ja werden die einen
1385 2185 2278 2243 Eigenlebens mit Treue zu dienen“. Er steit
167 2194 446 2259 mit ihrem
2274 2195 3205 2295 Zettel Dr. Pflugfelder genannt wurde.
1381 2225 2277 2290 endlich — verurteilt — demselben Priester.
443 2226 1365 2286 sagen, tausendmal nein die anderen. Hier
162 2237 441 2296 ratliche Hilfe
2279 2243 3199 2330 Vortreffliche Typen boten auch Leo Tischler#
445 2272 1364 2340 scheiden sich Meinungen und Urteile; mehr
1381 2278 2285 2330 gegenüber, dessen religiöses Gefühl er be¬
155 2283 437 2344 bt keine Hei¬
2289 2296 3197 2367 als Dr. Cyprian, Artur Pater als Dr.:
446 2316 1373 2379 noch: hier prallen zwei Weltanschauungen
1375 2315 2279 2380 leidigte, um sich sagen lassen zu müssen, daß
149 2326 444 2390 me, nur eine
2283 2331 3210 2408 Ebenwald, Basil als der Felitz — die andern
1379 2365 2274 2421 nicht der Menschlichkeit allein höchstwahr¬
444 2357 1363 2423 hart aufeinander. Welche wird Sieger sein?
156 2356 451 2440 die Natur in
2270 2371 3202 2458 Mitglieder dieser ärztlichen Armee zu
1374 2393 2280 2464 scheinlich den folgenschweren Eingriff des
472 2405 1365 2481 Uns interessiert hier nur, wie der Dichter
154 2412 435 2473 en selbst vor,
2272 2423 3213 2503 nennen, die Schnitzler für sein Stück braucht,
1376 2445 2266 2506 Arztes in andere Rechte diktiert habe, son¬
445 2449 1364 2514 die Frage beantwortet, die er aus dem Ge¬
149 2454 436 2520 Kranken ein
2284 2463 3238 2554 würde der Raum eines weiteren Feuille¬
1380 2499 2277 2554 dern sein — Judentum und er sieht, daß sein
450 2499 1366 2558 biete des Menschlich=Allzumenschlichen schöpfte.
141 2493 446 2562 nflößt. Die
2280 2507 3196 2584 tons beanspruchen, darum sei ihnen sum¬
451 2539 1370 2605 Man fragt nach dem Fallen des Vorhanges
143 2541 446 2619 denshoffnung.
1383 2538 3195 2625 fall ganz hoffnungslos liegt, weil der marische Anerkennung gespendet. Den Ver¬
450 2594 1366 2633 über dieser erschütternden Szene: was ge¬
142 2593 435 2656 odeloswiesen,
1375 2583 3192 2677 freieste Katholik ihn mißdeuten wird. So treter der Kirche gab Mich. Isailowitz weich
1373 2617 2268 2691 iert Schnitzler im Laufe des Stückes immer
454 2630 1360 2680 schieht mit dem Manne, der alte Satzungen
142 2621 448 2691 rm der Liebe
2267 2633 3179 2723 und fein, den Unterrichtsminister verlieh
1375 2669 2275 2727 mehr vom eigentlichen Thema ab, sucht Ab¬
453 2669 1367 2735 verletzte, sich in einem scharfen Gegensatz zur
147 2673 445 2752 der Schmerz
2275 2678 3189 2769 Konrad Lassen das nötige österreichische
442 2720 1359 2781 Kirche und mit ihm zum Staate stellte, denn
148 2707 435 2779 scheinen den
1373 2725 3189 2807 gründe mit leichten gezimmerten Brücken zu Kautschukmännertum. Der Abend wurde
449 2764 1360 2835 der Schauplatz dieser Handlung ist Oester¬
1373 2766 3198 2853 überspannen, die Professor Bernhardi betritt somit zum starken Erfolge weniger für das
146 2762 436 2823 weißen Flü¬
447 2807 1366 2876 reich und wir schreiben das Jahr 1900. Was
152 2810 437 2868 heraustragen
1385 2807 3192 2880 und mit ihnen zusammenbricht: der resigniert Stück als für seine Darsteller und sein
1373 2839 2497 2905 schließlich, nachdem er aus einem Starken Regisseur.
446 2853 1362 2902 geschieht nun auf der Bühne? Schnitzler
155 2856 438 2914 t, waren böse
1369 2891 2280 2948 ein Schwacher geworden ist und wird seinem:
147 2895 431 2951 hmender Alp¬
438 2884 1354 2947 setzt mit diesem Falle die große Glocke in
1370 2933 2278 2991 Berufe als Arzt weiter gehen. Mit diesem
158 2938 432 2996 die Kranke
445 2941 1364 2996 Bewegung, die ganz Wien, Ober= und
1361 2974 2293 3051 Verzichte aber auf das stolze Wort: ein Mensch
163 2971 440 3057 Lilienzweige
442 2982 1364 3051 Niederösterreich auf den Schauplatz ruft.
1369 3020 2288 3070 sein, heißt ein Kämpfer sein, ist das Drama
488 3019 1363 3099 Da sind Professoren, die meutern, Dozen¬
1362 3064 2283 3120 schon mit dem Ausgange des vierten Aktes
139 3043 443 3132 Arztes kennt
447 3077 1360 3138 ten, die revolutionieren, Komitees, die ihre
1371 3082 2300 3163 ganz in sich zusammengebrochen und es be¬
140 3111 429 3174 men „Eupho¬
442 3127 1364 3196 Ehrenämter niederlegen, weil der verwegene
1362 3150 2286 3216 duefte des letzten Aktes nicht, der nun noch
144 3158 432 3221 eiß, daß ihm
457 3164 1355 3223 Arzt sich im Gegensatz zur Kirche setzte. Da
1367 3201 2291 3272 da zu sein schien, eine Nachlese zu bringen.
135 3202 441 3270 agt, daß dieser
445 3218 1364 3274 sieht das Parlament einem großen Tage ent¬
136 3247 432 3305 nd die Nacht
452 3252 1358 3322 gegen, die eine Interpellation von klerikaler
1412 3255 2278 3307 Die Dauer des Stückes zog sich oft in er¬
134 3292 442 3355 arzer Vögel.
453 3303 1353 3364 Seite bringen wird. Da erscheinen endlich
1369 3303 2288 3366 müdender Breite bis lange nach 11 Uhr hin;
144 3326 460 3403 en und helfen
445 3343 1353 3401 im Hintergrund der Staatsanwalt und der
1378 3350 2291 3406 sein dramatischer Zickzackkurs erscheint über¬
159 3381 2292 3476 tbleibt: jede  Strafrichter, die Professor Bernhardi ver-1 mäßig lang ausgesponnen. Da aber gut
2820 4101 3097 4188 AE
