3392 4256
990 74 1031 134 1
270 61 1485 165 25. Professer rnhandi
694 277 1222 368 tödchehungest Sune Gewahr.)
838 348 1513 451 Neue Treie Prasse, Wien
382 364 837 450 Ausschnitt aus:
391 466 545 528 vom:
684 447 952 543 19/441.19·5
544 491 677 576 1
385 531 1478 604 + Artur Schu##eProfessor Bernhardi“ burde
300 604 1493 650 vor kurzem durch ein Gesamtgastspiel des Neuen Theaters
302 628 1495 695 in Frankfurt a. M. am Hoftheater in Darm¬
302 684 1486 752 stadt zur Erstausführung gebracht. Die interessante Komödie
305 710 1490 809 hatte unter der Spielseitung Direktor Artur Hellmers bei
315 764 1501 835 Publikum und Presse inen derart starken Erfolg, daß wenige
312 794 1487 879 Tage nach der Erstaufführung eine Wiederholung des Stückes
315 845 1490 935 stattfinden mußte. (Der Großherzog wohnte beiden Auf¬
323 913 671 1000 führungen bei.
193 1046 422 1095 Cer. L
449 1063 1518 1143 Wissen unsezer Kriegstechnik sich anzueignen. (S. Ins.)
192 1079 428 1149 itals und
200 1130 430 1201 Betriebs¬
698 1156 1405 1260 Großherzogliches Hoftheater.
192 1180 410 1243 m 2 Pro¬
183 1218 445 1300 Waffen
810 1236 1262 1301 „Professor Bernhardi“.
187 1278 439 1343 und neue
582 1283 1513 1348 Komödie in 5 Akten von Arthur Schnitzler.
193 1324 433 1394 Daneben
593 1330 1490 1405 Gastspiel des Neuen Theaters aus Frankfurt.
175 1377 426 1442 ossen, nur.
506 1373 1647 1458 Schnitzler hat bessere Stücke geschrieben als den „Professor
177 1425 424 1500 hr in die
447 1423 1649 1498 Bernhardi“. Der Dichter hat hier allzusehr seiner gelegent¬
438 1462 1643 1517 lichen Neigung nachgegeben (noch stärker ausgeprägt findet man
175 1469 422 1536 ei Aktien¬
421 1493 1644 1577 das in „Freiwild“ und „Märchen“) tendenziös zu werden. Und
178 1525 1677 1621 ankt man] mögen Verquickungen von Wissenschaft und Politik noch so uner¬1
748 2062 1589 2165 Ceeechgens
393 2112 844 2295 23.8. /5.
352 2357 1546 2425 fteulich sein, es ist doch immer mißlich, solche Dinge auf der
155 2360 333 2451 lichtet
341 2414 1536 2472 Bühne vorzuführen. Selbsiverständlich verrät sich auch hier
162 2430 329 2492 Unter¬
349 2460 1532 2507 immer wieder der Dichter und der feine Beobachter des Lebens
169 2478 327 2538 i auf¬
344 2494 1533 2548 aber zu einer reinen Freude daran kommt man nicht; da muß
160 2521 319 2585 zielten
349 2537 1541 2577 man Schnitzler eben da aufsuchen, wo er nur Dichter ist, in
170 2574 321 2630 Sym¬
349 2573 1536 2620 seinen „Anatol“, „Zwischenspiel“, „jungen Medardus“ oder in
339 2614 1537 2659 seinen entzückenden Novellen. — Die Aufführung geschah durd
163 2619 330 2691 haften
345 2659 1541 2703 Mitglieder des Neuen Theaters in Frankfurt. Es war ein
196 2671 318 2742 ver¬
349 2694 1547 2739 interessantes Gastspiel. Dieses Neue Theater bewies, wie eine
349 2729 1545 2773 kluge und geschickte Regie künstlerisch sehr heterogene Elemente
339 2766 1546 2823 zu einem fast einheitlichen Ganzen zusammenschweißen kann.
175 2764 320 2842 sanne
335 2810 1542 2849 ohne daß man die Verschiedenartigkeit darstellerischer Fähigkeiten
184 2830 325 2887 neue
340 2846 1546 2903 unangenehin empfindet. Denn trotzdem Herr Klöpfer, der
180 2870 320 2940 ot an
331 2888 1538 2935 Darsteller des Vernhardi, und auch Herr Schwartze der den
333 2909 1538 2968 Dr. Ebenwald spielte, ihre Kollegen um ein beträchtliches Stück
173 2920 316 2982 riegs¬
345 2963 1537 3013 überragten, und die übrigen Darsteller in mannigfachen Ab¬
182 2969 317 3028 rauch
349 3004 1549 3058 stufungen nicht gleichwertig waren, wurde doch ein außerordent¬
336 3040 1538 3075 lich Fckliches Ganzes geschaffen, und nur da wo im Dialog sick
179 3059 329 3124 Spar¬
339 3070 1541 3132 in den Höhepunkten zwei Menschen messerscharf gegenüberstehen
345 3114 1546 3162 empfand man eine Unausgeglichenheit. (Ich meine damit in
188 3109 324 3178 daß
338 3147 1553 3199 erster Linie die Szene zwischen Bernhardi und dem Priester im
180 3164 325 3219 ams¬
349 3189 1545 3231 4. Akt' Ho Herr Klöpfer eine stärkere Persönlichkeit hätte sekun¬
192 3207 318 3274 Paris
348 3232 1539 3274 dieren nüssen als es Herr Framer war. Oder wiederum Herr
210 3261 317 3315 aus
342 3276 1547 3326 Klöpfer gegenüber Herrn Heding als Minister zu unbedeutend
179 3301 329 3369 urde
344 3312 1551 3359 war.) Aber im allgemeinen hiaterließen die Frankfurter einen
353 3355 1572 3409 guten Eindruck und durften verdienten Beifall mit nach Hause
185 3353 328 3417 #fang
344 3389 511 3443 nehmen.
1411 3393 1512 3443 -m.
169 3389 320 3477 rt zu
417 3429 1548 3486 Heute wird Otto Ernsts Schulkomödie „Flachsmann als Er¬
187 3453 330 3520 rgeb¬
349 3468 1545 3522 zieher“ wiederholt. Morgen geht „Preciosa“ in Szene, hierauf
1165 3508 1202 3540 1—
183 3504 322 3573 dieser
340 3517 1544 3568 wird neu einstudiert das hier schon lange nicht mehr gegebene
215 3549 323 3613 wir
343 3549 1533 3601 Valleit „Die Puppenfee“ aufgeführt. In diesem Ballett, das
344 3583 1542 3630 Hedwig Ehrle einstudiert, wird die Puppenfee von Hedw. Ehrle
189 3585 331 3661 imer
342 3623 1539 3666 selbst getanzt. Außerdem sind beschäftigt die Damen Beling¬
176 3634 323 3717 iesem
351 3658 1536 3707 Schäfer, Hinken, Manecke und Müller=Hanno, die Herren Jür¬
343 3696 1539 3757 gas und Petersen, sowie 40 Damen und Herren vom Chor und
354 3743 1537 3781 Ballett. Musikalischer Leiter ist Adolf Fest. Für Samstag, den
344 3778 1545 3823 1. Mai (B 40) ist die Gesangsposse „Wie einst im Mai“ bei klei¬
352 3816 769 3874 nen Preisen angesetzt.
715 3891 1181 4004 Aus Hessen.
200 3973 344 4044 —
855 3989 921 4050 —
1636 69 2076 157 box 31/1
2155 676 2857 763 Der eliirg in Aeiter
1980 720 3111 807 Eine Reutermeldung aus Kapstadt, den 28. Aprik,
1901 791 3103 853 besagt: Die Uniontruppen, welche die Station Trek¬
1934 832 3110 878 ##ses bewachten, wiesen den Angeiff einer deutschen
1802 910 1876 955 as
2037 930 2959 1013 Großzherzogliches Hoftheater
2028 997 2991 1075 Gastspiel des Neuen Theaters von Frankfurt:
2265 1047 2730 1113 Professor Bernhardi
2099 1104 2896 1163 Komödie von Artbur Schnitzler
1972 1142 3105 1221 Einen doppelten Erfolg brachte der gestrige
1902 1174 3106 1257 Abend: einen Erfolg des Stückes und einen Erfolg der
1900 1232 2169 1297 Darstellung.
1977 1269 3108 1327 „Professor Bernhardi“ ist nicht das künstlerisch
1903 1313 3103 1362 feinste, aber eines der wirkungsvollsten Bühnenwerke
1893 1358 3106 1396 Schnitzlers. Der Dichter verläßt die ihn auszeichnende
1894 1394 3110 1438 Bahn zarter Stimmungen und psychologischer Versuche und
1892 1438 3103 1482 gibt ein Tendenzdrama. Arzt von Beruf, entnimmt er den
1902 1473 3100 1518 Vorwurf aus der Entwicklung eines großstädtischen Kranken¬
1901 1508 3095 1561 hauses; Jude von Geburt, gibt er als Hintergrund die
1898 1552 3105 1604 Kämpfe zwischen den liberalen und klerikalen Parteien.
1903 1584 3097 1645 Professor Bernhardi, der Leiter des Elisabethinums,
1898 1624 3105 1668 hat dem katholischen Priester den Zutritt zu dem Sterbe¬
1900 1666 3108 1725 lager einer Kranken verweigert, um der in glücklichen Träu¬
1890 1703 3103 1761 men schlummernden Patientin die Schrecken des Todes zu
1889 1757 3098 1804 ersparen. Dies nehmen die Klerikalen zum Anlaß, gegen
1891 1782 3091 1834 den freigesinnten, selbständig handelnden Arzt eine Hetze
1890 1826 3090 1875 zu veranstalten. Er wird wegen „Religionstörung“ ange¬
1892 1861 3097 1903 klagt und zu zwei Monaten Gefängnis verurteilt. (NB. Ein
1886 1901 3094 1953 französischer Verteidiger pflegte zu sagen: „Und wenn ich
1880 1938 3102 1983 angeklagt würde, die Kirchtürme der Notre=Dame gestohlen
1885 1976 3094 2019 #u haben, ich würde sofort ins Ausland fliehen!“) Die an¬
1884 2014 3097 2073 ##ebotene Begnadigung lehnt Bernhardi ab, er verbüßt die
1887 2054 3082 2110 Stkafe, doch er wird künftig in der gleichen Weise handeln:
1884 2096 3097 2160 er ist halt „so a Viech“, das stets das Rechte um des Rechten
1883 2129 2133 2190 willen tut.
1960 2148 3091 2223 Mit kräftiger Hand greift Schnitzler in die Unwahr¬
1879 2196 3094 2256 haftigkeit und Heuchelei der Friedens=Kultur hinein, und
1885 2247 3080 2306 es gelingt ihm, aus dem an sich spröden, lehrhaften Stoff
1887 2290 3082 2340 ein spannendes Bühnenwerk zu formen. Der lebendige,
1879 2325 3096 2370 geistvolle Dialog bekundet den überlegenen Weltkenner, der
1891 2374 3089 2422 wirkungsvolle Szenenbau den geschickten Theaterfachmann.
1891 2406 3055 2451 Was verschlägt's, daß der Dichter des „Anatol“ und des
1887 2449 3072 2510 „Reigen“, des „Einsamen Wegs“ und des „Weiten Landes“
1878 2476 2744 2546 der feinere und mir liebere Künstler ist..
1949 2505 3076 2573 Die Aufführung des „Professors Bernhardi“ verdanken
1884 2544 3080 2601 wir einem Gastspiel des „Neuen Theaters“ von Frank¬
1876 2601 3087 2653 furt. Vielen Darmstädtern ist die von den liebenswürdigen
1875 2639 3088 2682 Herren Helmer und Reimann geleitete Westendbühne
1938 2678 3080 2725 von Professor Vetterlein=Darmstadt vor einigen
1868 2708 3088 2784 Jahren behaglich hergerichtet — keine fremde Stätte. Durch
2060 2846 2957 2982 GGG Zl
2943 2822 3031 2959 7
2343 2955 2696 3065 #/ 100
2756 2967 3066 3087 4U
2996 3045 3293 3142 —
3146 3106 3268 3192 50
