3228 4164
299 1069 356 1134 der
290 1124 359 1171 ider
294 1163 354 1213 ich¬
288 1204 367 1257 spiel
281 1244 355 1299 und
296 1330 362 1379 ern
291 1373 358 1425 Im
301 1418 367 1468 sten
301 1458 368 1509 der
307 1488 373 1546 bie
296 1584 377 1633 er
303 1665 367 1711 ind
303 1705 361 1757 eff¬
298 1790 368 1839 wie
309 1829 367 1885 ohe
305 1878 361 1928 ert
306 1918 363 1963 zu
311 1952 366 2009 n8
310 2044 367 2093 ##
308 2081 364 2132 aß
311 2124 368 2176 es
313 2162 364 2216 hr
321 2213 364 2252 I1
316 2243 364 2297 elt
316 2289 372 2349 ter
316 2423 359 2474 1d
322 2504 362 2550 62
327 2675 406 2745 #
256 213 975 285 5. Ein Abschied
1134 217 1496 300 bos 1/4
450 268 489 306 20
838 274 972 322 Weresereng
393 1070 1574 1126 fand, daß der m. derne Dichter weit lebenswahrer im Dialog und
398 1112 1586 1164 wesentlich einfacher in der Handlung sei. Aber er bemerkte, daß Goethe
398 1194 1587 1237 Geschmack seiner Zeit Rechnung zu tragen, denn von Nichtkönnen sei
405 1229 1586 1273 durchaus nicht die Rede, das habe der Altmeister im Götz und Egmont
400 1264 1588 1308 bewiesen. Ob Kirschen gut sind, schloß der Redner seine gedanken¬
404 1306 1592 1350 reiche Studie, muß man Spatzen und Kinder fragen, ob Romane
392 1343 1582 1391 gut, das Publikum ihrer Zeit. Nach diesem Vortrag las Friedrich
404 1382 1590 1432 Spielhagen Gedichte von Hermine von Preuschen vor, die
397 1404 874 1473 allgemeinen Beifall fanden.
455 1448 1584 1499 Den Schluß des Abends bildete eine kleine Skizze von Arthur
401 1491 1585 1543 Schnitzler, Abschied“ die Herr Josef Jarno ausgezeichnet vor¬
403 1533 1583 1581 trug. Eine sellsame, einfache Geschichte, in der lediglich der Seelen¬
399 1566 1587 1624 zustand eines Mannes behandelt wird, dessen Geliebte — eine ver¬
834 1603 1579 1649 lötlich durch schwere Erkrankung vom
690 1609 730 1647 41
396 1605 699 1655 beirathele Frau
405 1645 1591 1686 Rendezvons abgehalten wird, ohne dem Geliebten Nachricht geben
402 1679 1591 1724 zu können. Die Qualen des in peinigender Ungewißheit Schwebenden
409 1716 1590 1759 ind mit allen Details minutiös ausgearbeitet und werden bis zum
405 1755 1582 1795 Tod der jungen Fr###mit steigender Spannung geschildert. Das
404 1786 729 1840 aber ist vielleicht
836 1786 1590 1842 Sch#iche der Skizze, denn man ist durch
731 1830 1587 1868 #e großen Apparates auf einen starken Schluß¬
402 1822 736 1881 das Aufgebot eines
399 1860 1231 1914 effekt vorbereitet, der dann sicht kommt.
1228 1865 1595 1916 Das sehr zahlreiche
413 1903 1535 1953 ikum nahm auch diese Darbietung mit lebhaftem Beifall auf.
490 1953 1591 2029 F In der Angelegenheit Schiller Thenter und Wallnerf 7
1228 2014 1589 2074 güten abgegangenen
398 2004 1131 2053 Erben geht uns gegenüber der von den L#
1441 2052 1587 2098 Es wird
403 2052 1441 2095 Erklärung eine Erwiederung von der anderen Partel z
1357 2080 1484 2138 gunge
1528 2087 1584 2135 die
402 2090 1355 2135 darin noch einmal festzustellen versucht, daß die Be##
405 2125 1322 2168 der Schiller=Theaterverein für die weitere Pach¬
396 2159 1455 2205 Wallner=Theaters stellt, durchaus berechtigte und annehmr
403 2197 1583 2245 Auf Einzelheiten wollen wir nicht weiter eingehen; es haubert sich
399 2231 1584 2282 ja hier schließlich nut um interne geschäftliche Aktionen, bei der beide
403 2271 1591 2331 Parteien ohne Zuhilfenahme der Presse Interesse wahrnehmen
394 2314 1041 2377 mögen, so gut sie es eben verstehen.
448 2373 1583 2437 22 Dle Figur Albrecht des Bären. Ueber die erste der zur
404 2426 1586 2475 Ausschmückung der Siegesallee bestimmten Gruppen, deren Entwurf
401 2460 1594 2509 der Kaiser am Mittwoch im Atelier des Bildhauers Walter Schott
398 2499 1592 2542 besichtigt und genehmigt hat, berichtet die „Post": Die Gruppe be¬
408 2533 1588 2582 steht aus einer mit zwei Büsten geschmückten Marmorbank, die halb¬
398 2568 1592 2623 kreisförmig einen mit Mosaikpflaster versehenen Platz einschließt, in
395 2611 1589 2658 dessen Mitte das Standbild Albrechts des Bären aufragt. Die
392 2648 1588 2693 Marmorbank, hinter der eine hohe Taxushecke den wirksamen Hinter¬
396 2690 1597 2750 grund für die ganze künstlerische Anlage abgeben soll, wird durch die
1626 1072 1740 1126 Postau
1615 1117 1744 1164 der S
1622 1152 1741 1202 von de
1622 1189 1747 1239 kauern!
1627 1226 1747 1276 später¬
1620 1266 1722 1312 erhebt
1632 1301 1705 1347 eite
1630 1337 1719 1387 seiner
1624 1379 1704 1430 tung
1618 1412 1693 1461 Weer
1610 1633 1674 1682 9
1646 1665 1762 1718 de Ehr.
1642 1702 1771 1764 interstl
1676 1783 1744 1846 K
1722 1826 1780 1870 G
1637 1804 1728 1873 ren
1654 1855 1773 1911 orgäng
1643 1899 1752 1948 eselbe
1637 1938 1761 1981 Eutend
1622 1971 1764 2026 Künstler
1621 2009 1774 2054 noch Ei
1624 2043 1778 2093 ausstelln
1617 2086 1751 2142 gruppe
1675 2134 1760 2206 925
1623 2171 1773 2235 der Unti
1623 2223 1781 2287 gestiftete
1672 2288 1791 2345 Notl##
1624 2311 1775 2375 Übel=O
1625 2362 1786 2408 ein parodi
1762 2402 1803 2436 u:
1630 2435 1709 2474 rung.
1736 2460 1791 2504 60
1630 2461 1745 2504 Konzert
1631 2495 1753 2539 virtuosin
1762 2494 1800 2537 9
1632 2521 1806 2574 der letzte pe#¬
1633 2566 1678 2594 —
1672 2559 1774 2599 Sven
1623 2589 1772 2634 Sonntag
1633 2621 1794 2669 Gehör brin
1630 2656 1800 2696 der in sein
1630 2683 1805 2742 wiederholen
1894 542 3225 610 mit grogen Mitteln verfolgt werden? In Englanv hai inan einst#, N
3157 591 3228 647 Ho
1895 599 3136 657 die Briefe des Junius bewundert. Vielleicht dünkt sich Herr Otto
3162 637 3234 694 lisch
1904 637 3135 698 Arendt so etwas wie einen neuen Junius, nur daß er um keinen
2259 750 2799 872 Feuilleton.
2796 836 3130 927 Nachdruck ist verbote
2342 946 2727 1029 Berliner Brief.
1975 1012 3144 1079 Berlin im März! Märzveilchen in Hülle und Fülle: aus Gaze
1902 1074 3139 1128 auf den Hüten der Damen. Zuweilen ein warmer Tag, ein „hehres
1903 1116 3145 1179 Wetter“, wie die Wagnerianer unter den Konservatoriumsschülern
1911 1157 3139 1230 sagen, die im sommerlichen Havelock durch die Potsdamerstraße-streichen
1909 1209 3144 1275 und in raschem hochherzigem Entschluß den Winterüberzieher schon jetzt
1910 1252 3143 1315 versetzt haben. Mittags um halb Eins lacht die Sonne, der Himme
1908 1310 3141 1369 blaut selbstverständlich, die Lillis und Ellys aus der Thiergartenstraße
1910 1352 3144 1411 die vor ihren Müttern her spazieren gehen, empfinden die Un¬
1907 1390 3142 1452 annehmlichkeiten der Bleichsucht etwas weniger drückend, und die un¬
1913 1438 3149 1497 vereidigten Fondsmakler, welche sich zur Börse begeben, singen in
1910 1489 2789 1565 tiefster Brust: „Die linden Lüfte sind erwacht.“
1979 1541 3149 1600 Aber Abends, wenn sie von Kempinski kommen, regnet es Bind¬
1903 1577 3144 1649 faden, der Sturm droht ihnen die polirten Cylinder von den Köpfchen
1906 1628 3142 1692 zu wehen, und wenn sie dann durch die Fenster ihrer Droschke blicken,
1912 1672 2377 1744 murmeln sie melancholisch:
2142 1702 2912 1773 Wie traurig steigt die unvollkommne Scheibe
2146 1758 2923 1804 Des späten Monds mit feuchter Gluth beran
1908 1808 3149 1859 — oder was man sonst aus Goethe für dergleichen Situationen
1910 1852 2167 1917 vorräthig hat.
1984 1896 3151 1952 In diesen nahenden Frühling, der nicht nahen will, fallen die
1915 1939 3149 1997 Verhandlungen um den botanischen Garten. Auch er ist, so könnte
1905 1987 3141 2048 ich fortfahren, ein Stück Frühling im Häusermeere Berlins; es wärt
1911 2028 3152 2089 nicht einmal ganz falsch. Draußen, wo die Potsdamerstraße sich ihrem
1912 2084 3146 2140 Ende zuneigt und Schöneberg zu beginnen beginnt, das unerhörte
1916 2125 3152 2184 Millionärdorf mit seiner Masse von fünfstöckigen Häusern, liegt er
1920 2172 3139 2232 mitten in einem Riesencarré von neuen hohen Wohngebäuden, durch
1911 2214 3149 2277 eine röthliche Mauer eingefaßt; und auf allen vier Seiten blicken
1918 2265 3141 2325 von den Balkons und aus den Fenstern ungezählte Naturgenüßlinge,
1916 2318 3145 2367 Rentiers, Hauswirthe und Grundstückspekulanten auf diesen viereckigen
1916 2364 3147 2417 Fleck Erde, — der fünfzehn Millionen Mark kosten soll, wie jetztim
1918 2406 3140 2466 Abgeordnetenhause festgestellt worden ist. Der botanische Garten hat
3164 2451 3239 2504 aus
1917 2448 3138 2507 in seiner Mitte ein Palmenhaus, nicht ganz so schön wie das zu
3173 2498 3237 2548 sein
1917 2498 3144 2556 Frankfurt, doch recht ansehnlich, und zahlreiche andere Treibhäuser.
3172 2543 3236 2603 hal
1919 2548 3140 2606 Aber das Wesentlichste sind die Bänke draußen. Auf ihnen sitzen
1914 2593 3146 2647 mit verbotenen Romanen die Töchter der umliegenden Hausbesitzer,
3163 2592 3232 2649 ger
3159 2640 3235 2699 ger
1918 2635 3138 2694 auch unverstandene Mädchen aus dem sonstigen Potsdamerviertel
1914 2690 3153 2741 auch Wittwen, die im Sommer Nachmittags hierhergehen und ihre
1912 2730 3146 2789 Erfahrungen mit den verstorbenen Ehemännern bissig austauschen,
3167 2777 3232 2828 pla
1911 2782 3142 2832 auch schlechtrasirte Schauspieler, für deren phänomenale Begabung die
3166 2823 3211 2873 in
1902 2821 3143 2879 Thorheit der Bühnenleiter kein Auge und kein Engagement hatte
1910 2872 3142 2933 auch Kindergärtnerinnen mit frischgewaschenen Erziehungssubstraten,
3173 2866 3232 2925 54
3174 2918 3230 2968 im
1905 2921 3146 2973 und hie und da eine Kellnerin, die ihren freien Tag
3159 2954 3235 3018 bef
1904 2954 3164 3017 dazu benutzt, an einer Pinie den jüngsten Verehrer im Havelock zu
1907 2997 3234 3067 erwarten, um dann an seiner Seite „nach außerhalb“ zu fahren, nachl wo
2018 3069 2869 3255 Ohreidazs N·In 44.
3165 1617 3204 1668 v1
3161 1666 3204 1725 si
3163 1060 3203 1116 ul
3172 1985 3238 2044 M
