3344 4352
1477 219 1930 317 box 36/1
544 242 635 308 1e
134 242 1320 325 1. Panphts Offprints
841 1055 967 1118 350
1376 1049 1573 1123 Dichtung.
838 1174 2101 1245 Marionetten gegeben werden sollen —; keine Anzeichen inner¬
835 1226 2097 1306 licherer Motivierung, keine folgerichtige Geschlossenheit; im Gegen¬
838 1286 2101 1359 teil: Wunder auf Wunder und Spiritismus an allen Enden.
845 1337 2100 1412 Soweit dabei von einer Psychologie die Rede ist, ist es die
848 1390 2099 1461 der Urzeit und das heißt eben des Märchens: impulsive Ent¬
847 1451 2089 1530 schlüsse, die stets unmittelbar ausgesprochen werden; ewige Ana¬
832 1513 2093 1571 logieschlüsse an Stelle kausalen Denkens; Glaube an Zeichen
839 1563 2100 1622 und Vorbedeutungen; Zulassung der Natur als einer mit ihren
839 1618 2097 1698 Wirkungen ständig in das menschliche Leben eingreifenden gleich¬
840 1672 2104 1736 berechtigten Macht, einer Kameradin gleichsam der menschlichen
838 1731 2090 1795 Gesellschaft. Und in diesen Grenzen eines urzeitlichen Denkens
838 1783 2100 1850 herrscht auch urzeitliche Empfindung: alles fällt auf die Nerven
831 1833 2087 1913 allein, und von ihnen aus reagieren unmittelbar alle Gestalten.
919 1909 2088 1964 Aber freilich: dieser ganze geistige Zustand wird nicht naiv
838 1962 2097 2016 wirksam in dem Sinne, daß der Autor in ihm instinktiv und
832 2013 2083 2078 triebmäßig lebte, geschweige denn, daß die Hörer dazu ein¬
837 2079 2086 2149 geladen würden, dies zu thun, sondern er wird bewußt und
832 2132 2099 2208 raffiniert durchgeführt mit den äußersten Mitteln eines modernen
829 2172 1498 2249 neurologischen Impressionismus.
918 2233 2088 2306 Das Ergebnis ist natürlich, daß alles seltsam und sonder¬
835 2287 2083 2371 bar erscheint — seltsam und sonderbar sind Maeterlincks Lieb¬
830 2342 2090 2432 lingsworte —, daß die Gestalten der Bühne wie noch mehr
832 2407 2084 2478 die Zuschauer von einer Nervenerregung in die andere fallen,
817 2461 2088 2537 daß sie verängstigt und erschrocken werden in dem Grade etwa,
825 2512 2081 2599 wie der Mensch unvordenklicher Zeiten einmal voll Grauens
820 2580 2077 2660 unbegreiflichen Naturgewalten gegenübergestanden haben mag.
825 2639 2083 2712 Und dieser Charakter der Dichtung wird noch gesteigert durch eine
825 2693 2076 2774 absichtlich unbeholfene Formgebung und gelegentliche Span¬
812 2743 2077 2823 nungen der Unverständlichkeit — Aufschiebungen nötiger Er¬
812 2791 2078 2867 klärungen, vorfrühe Einführung von Momenten und Gestalten,
811 2860 2075 2933 die eigentlich erst viel später gebraucht werden, u. dergl. mehr.
904 2905 2079 2997 Was ist nun die Wirkung dieser sonderbaren Dichtung?
815 2970 2081 3046 In „Princesse Maleine“ erklärt der König einmal: „Jeder,
811 3027 2077 3086 der hierher kommt, wird krank.“ Das ist es. Diese Poesie
816 3087 2074 3166 fällt auf die Nerven; kein Zufall, daß eines Sinnes Beraubte,
808 3139 2098 3205 Blinde, Taube, daß Irrsinnige öfters in Maeterlincks Dramen
1984 157 2266 232 —
3085 1119 3282 1183 Dichtung.
2563 1211 3305 1299 vorkommen. Die Wirkung ist fast
2571 1271 3311 1352 schließlich physiologisch: der Kreis der
2573 1327 3317 1419 wicklung zeigt sich in gewissem Sinne
2574 1387 3315 1465 stellung der physiologischen Erscheinn
2560 1436 3308 1528 reduzierte deren Wirkungen auf Nerr
2570 1494 3316 1582 sie mit einem Apparat äußerer draf
2562 1550 3316 1652 deren ausgesprochene Absicht es ist, fa
2566 1609 3025 1682 regung hervorzurufen.
2658 1660 3303 1740 Freilich: ebenso richtig ist es, zus
2559 1722 3300 1791 bei anderen nicht eintreten würde,
2547 1771 3310 1864 untersten Stufe gleichsam des Seelen
2557 1845 3324 1916 raum des Dichters vorhanden gewesen
2552 1893 3309 1969 sie in seinen Dramen den für ihr
2552 1941 3324 2036 Seele eben notwendigen und entsp
2557 2001 3326 2081 funden. Von diesem Gesichtspunkt au
2557 2068 3318 2142 sich bei den Dramen Maeterlincks um n
2543 2118 3320 2200 dramen ausgesprochensten Charakters,
2544 2167 3326 2246 als rein subjektive Stimmungsdramen:
2544 2239 3318 2304 vertretene mythische und Märchenelem
2553 2276 3328 2359 seelische Empfinden und Auffassen wei
2550 2340 3299 2420 der ohjektiven Wirklichkeit angehörte,
2543 2401 3304 2473 das Empfinden der Gegenwart noch
2538 2452 3299 2529 lichkeit, als ein psychisches Sediment
2538 2523 3310 2578 und Mittelalter, zu teil: sie wirken i
2550 2578 3322 2645 noch halb und im stillsten Stillen gespf
2633 2623 3323 2697 Ist es bei diesem Zusammenhan
2544 2672 3322 2753 Maeterlinck persönlich sehr bald stärkste, d
2543 2743 3327 2817 ja urzeitliche Spuren religiöser Gebunh
2534 2791 3324 2860 Spiritist schon bei Abfassung der „Prin
2541 2845 3328 2917 Mystiker ward und Sucher eines urzeitl
2534 2910 3333 2991 begriffs auf eigene Faust? Das merkwü
2534 2955 3335 3047 des Humbles“ (1896) zeigt diese Entw
2634 3025 3333 3105 In Deutschland hat Maeterlinck an
2530 3070 3322 3140 bare Nachahmer gewonnen, wenngleich
2527 3137 3322 3190 nische Kunst früb Bewunderer fand: neu
2538 3179 3349 3271 sein Einfluß ein wenig im Wachsen zu
2734 4046 2783 4085 □
