<?xml version="1.0" encoding="UTF-8" standalone="yes"?>
<PcGts xmlns="http://schema.primaresearch.org/PAGE/gts/pagecontent/2013-07-15" xmlns:xsi="http://www.w3.org/2001/XMLSchema-instance" xsi:schemaLocation="http://schema.primaresearch.org/PAGE/gts/pagecontent/2013-07-15 http://schema.primaresearch.org/PAGE/gts/pagecontent/2013-07-15/pagecontent.xsd">
    <Metadata>
        <Creator>prov=University of Rostock/Institute of Mathematics/CITlab/Gundram Leifert/gundram.leifert@uni-rostock.de:name=ONB_Newseye_GT_M1+(htr_id=10810)::::v=2.4.2
prov=University of Rostock/Institute of Mathematics/CITlab/Tobias Gruening/tobias.gruening@uni-rostock.de:name=de.uros.citlab.module.baseline2polygon.B2PSeamMultiOriented:v=2.4.2
prov=University of Rostock/Institute of Mathematics/CITlab/Tobias Gruening/tobias.gruening@uni-rostock.de:name=/mnt/transkribus/LA/DEA/URO/LA_news_onb_att.pb:de.uros.citlab.segmentation.CITlab_LA_ML:v=2.4.2
Transkribus</Creator>
        <Created>2019-10-07T15:13:26.513+02:00</Created>
        <LastChange>2019-10-09T04:42:40.997+02:00</LastChange>
        <TranskribusMetadata docId="224180" pageId="9514564" pageNr="14" tsid="16622364" status="IN_PROGRESS" userId="40391" imgUrl="https://files.transkribus.eu/Get?id=JDGMRFSDNUAHUSYGUBPAXAMD&amp;fileType=view" xmlUrl="https://files.transkribus.eu/Get?id=NLKULTKYHGVXHSJAONLPGNOO" imageId="6202798"/>
    </Metadata>
    <Page imageFilename="224180_0014.jpeg" imageWidth="3392" imageHeight="4352">
        <ReadingOrder>
            <OrderedGroup id="ro_1711443926306" caption="Regions reading order">
                <RegionRefIndexed index="0" regionRef="r1"/>
                <RegionRefIndexed index="1" regionRef="r2"/>
            </OrderedGroup>
        </ReadingOrder>
        <TextRegion orientation="0.0" id="r1" custom="readingOrder {index:0;}">
            <Coords points="173,186 173,3196 1335,3196 1335,186"/>
            <TextLine id="r1l1" custom="readingOrder {index:0;}">
                <Coords points="1193,220 1243,215 1260,222 1273,214 1309,220 1326,210 1344,215 1345,184 1317,169 1307,173 1292,168 1274,174 1253,157 1240,160 1236,155 1214,169 1195,168"/>
                <Baseline points="1201,213 1227,217 1254,217 1281,215 1308,216 1335,223"/>
                <TextEquiv>
                    <Unicode>ts</Unicode>
                </TextEquiv>
            </TextLine>
            <TextLine id="r1l2" custom="readingOrder {index:1;}">
                <Coords points="283,231 331,256 725,243 721,164 676,152 658,167 586,159 565,175 536,160 471,181 279,164"/>
                <Baseline points="291,232 316,234 341,234 366,234 391,233 416,231 441,230 466,228 491,226 516,224 541,222 566,220 591,218 616,217 641,217 666,217 691,218 716,220"/>
                <TextEquiv>
                    <Unicode>Pamphlet</Unicode>
                </TextEquiv>
            </TextLine>
            <TextLine id="r1l3" custom="readingOrder {index:2;}">
                <Coords points="727,252 968,241 1015,260 1037,240 1218,246 1218,218 1095,166 1066,179 1024,158 921,166 888,152 833,197 790,200 727,163"/>
                <Baseline points="735,229 760,230 785,230 810,230 835,230 860,231 885,231 910,231 935,231 960,231 985,230 1010,230 1035,230 1060,230 1085,230 1110,230 1135,230 1160,230 1185,231 1211,231"/>
                <TextEquiv>
                    <Unicode>s Offpri</Unicode>
                </TextEquiv>
            </TextLine>
            <TextLine id="r1l4" custom="readingOrder {index:3;}">
                <Coords points="175,1109 203,1108 216,1115 228,1109 258,1109 266,1116 286,1108 322,1116 358,1104 359,1084 339,1086 322,1073 309,1076 283,1068 270,1074 262,1067 223,1068 214,1058 177,1054"/>
                <Baseline points="184,1099 211,1098 239,1098 267,1099 294,1099 322,1101 350,1103"/>
                <TextEquiv>
                    <Unicode>Dichtung.</Unicode>
                </TextEquiv>
            </TextLine>
            <TextLine id="r1l5" custom="readingOrder {index:4;}">
                <Coords points="177,1216 897,1212 896,1157 807,1155 782,1177 366,1161 321,1187 177,1165"/>
                <Baseline points="185,1211 220,1210 255,1210 290,1209 325,1209 360,1208 395,1207 431,1207 466,1206 501,1205 536,1205 571,1204 606,1204 641,1203 677,1203 712,1203 747,1203 782,1204 817,1204 852,1205 888,1205"/>
                <TextEquiv>
                    <Unicode>unklar geartetes Streben nach einer</Unicode>
                </TextEquiv>
            </TextLine>
            <TextLine id="r1l6" custom="readingOrder {index:5;}">
                <Coords points="166,1292 294,1267 444,1289 763,1259 832,1285 893,1266 893,1227 486,1218 322,1224 297,1247 165,1217"/>
                <Baseline points="173,1267 208,1267 244,1268 279,1268 315,1267 351,1267 386,1267 422,1266 457,1266 493,1265 529,1265 564,1264 600,1264 635,1263 671,1263 707,1263 742,1262 778,1262 813,1262 849,1262 885,1263"/>
                <TextEquiv>
                    <Unicode>iches, die ihren Bedürfnissen besser</Unicode>
                </TextEquiv>
            </TextLine>
            <TextLine id="r1l7" custom="readingOrder {index:6;}">
                <Coords points="167,1342 298,1322 517,1336 567,1315 658,1339 776,1315 892,1328 892,1292 798,1269 762,1290 166,1281"/>
                <Baseline points="175,1321 210,1322 246,1322 281,1323 317,1323 352,1323 388,1323 423,1323 459,1323 494,1322 530,1322 565,1321 601,1321 636,1320 672,1320 707,1319 743,1319 778,1318 814,1317 849,1317 885,1317"/>
                <TextEquiv>
                    <Unicode>ndere Vorwurf des Dramas. Und</Unicode>
                </TextEquiv>
            </TextLine>
            <TextLine id="r1l8" custom="readingOrder {index:7;}">
                <Coords points="175,1400 504,1375 741,1387 779,1358 849,1383 894,1362 894,1329 175,1345"/>
                <Baseline points="183,1377 218,1377 253,1378 288,1378 323,1379 359,1379 394,1379 429,1379 464,1379 499,1379 535,1379 570,1378 605,1378 640,1377 675,1377 711,1376 746,1375 781,1374 816,1373 851,1371 887,1370"/>
                <TextEquiv>
                    <Unicode>elnen ist dann ähnlich der Be¬</Unicode>
                </TextEquiv>
            </TextLine>
            <TextLine id="r1l9" custom="readingOrder {index:8;}">
                <Coords points="175,1435 255,1458 625,1431 786,1451 898,1418 898,1386 174,1399"/>
                <Baseline points="183,1433 218,1433 253,1434 289,1435 324,1435 360,1435 395,1435 430,1435 466,1434 501,1434 537,1433 572,1433 607,1432 643,1431 678,1431 714,1430 749,1430 784,1429 820,1428 855,1428 891,1428"/>
                <TextEquiv>
                    <Unicode>den „Webern“. Wie dort so er¬</Unicode>
                </TextEquiv>
            </TextLine>
            <TextLine id="r1l10" custom="readingOrder {index:9;}">
                <Coords points="169,1506 613,1485 799,1502 905,1471 808,1442 539,1461 464,1438 417,1467 367,1446 168,1449"/>
                <Baseline points="177,1495 213,1494 249,1493 285,1492 321,1491 357,1491 393,1490 429,1489 465,1489 501,1488 537,1487 573,1487 609,1487 645,1486 681,1486 717,1486 753,1486 789,1486 825,1487 861,1487 897,1488"/>
                <TextEquiv>
                    <Unicode>ßen Masse als dem Gesamthelden</Unicode>
                </TextEquiv>
            </TextLine>
            <TextLine id="r1l11" custom="readingOrder {index:10;}">
                <Coords points="172,1578 329,1547 424,1569 661,1540 793,1564 877,1551 903,1514 171,1506"/>
                <Baseline points="179,1548 214,1548 250,1547 286,1547 322,1546 358,1546 393,1546 429,1546 465,1545 501,1545 537,1545 572,1545 608,1544 644,1544 680,1544 716,1543 751,1543 787,1542 823,1541 859,1541 895,1540"/>
                <TextEquiv>
                    <Unicode>Bauern und vor allem der zu den</Unicode>
                </TextEquiv>
            </TextLine>
            <TextLine id="r1l12" custom="readingOrder {index:11;}">
                <Coords points="183,1615 895,1611 894,1559 738,1545 691,1570 597,1552 564,1576 505,1555 377,1573 322,1550 183,1573"/>
                <Baseline points="191,1605 225,1604 260,1604 295,1604 330,1604 364,1603 399,1603 434,1603 469,1602 503,1602 538,1602 573,1602 608,1601 642,1601 677,1601 712,1600 747,1600 781,1599 816,1599 851,1599 886,1599"/>
                <TextEquiv>
                    <Unicode>re Ideale teilende Ritter Florian</Unicode>
                </TextEquiv>
            </TextLine>
            <TextLine id="r1l13" custom="readingOrder {index:12;}">
                <Coords points="178,1677 894,1671 893,1626 815,1611 656,1637 619,1614 177,1616"/>
                <Baseline points="185,1664 220,1663 255,1662 290,1662 325,1661 360,1660 395,1660 430,1659 465,1659 500,1658 535,1657 570,1657 605,1656 640,1656 675,1656 710,1656 745,1655 780,1655 815,1655 850,1656 886,1656"/>
                <TextEquiv>
                    <Unicode>he tritt hier wie dort in verwandter</Unicode>
                </TextEquiv>
            </TextLine>
            <TextLine id="r1l14" custom="readingOrder {index:13;}">
                <Coords points="194,1724 846,1725 899,1700 864,1669 765,1664 725,1683 681,1663 647,1686 603,1664 193,1685"/>
                <Baseline points="202,1716 236,1716 270,1716 305,1716 339,1715 374,1715 408,1715 443,1714 477,1713 512,1713 546,1712 580,1711 615,1710 649,1710 684,1710 718,1709 753,1709 787,1709 822,1709 856,1710 891,1711"/>
                <TextEquiv>
                    <Unicode>Gewalten überwinden die soziale</Unicode>
                </TextEquiv>
            </TextLine>
            <TextLine id="r1l15" custom="readingOrder {index:14;}">
                <Coords points="193,1798 369,1774 405,1793 659,1784 685,1764 889,1775 888,1736 838,1725 192,1731"/>
                <Baseline points="200,1771 234,1772 268,1772 302,1773 336,1773 370,1773 404,1772 438,1772 472,1771 506,1771 540,1770 574,1769 608,1768 642,1768 676,1768 710,1767 744,1767 778,1767 812,1767 846,1767 880,1768"/>
                <TextEquiv>
                    <Unicode>Kampfe fallen Gerechte wie Un¬</Unicode>
                </TextEquiv>
            </TextLine>
            <TextLine id="r1l16" custom="readingOrder {index:15;}">
                <Coords points="180,1844 906,1825 906,1803 865,1791 728,1776 180,1791"/>
                <Baseline points="188,1827 223,1829 259,1829 294,1830 330,1830 365,1830 401,1830 436,1830 472,1829 507,1828 543,1827 578,1826 614,1825 649,1824 685,1824 720,1823 756,1822 791,1822 827,1822 862,1822 898,1823"/>
                <TextEquiv>
                    <Unicode>otwendigkeit fährt unerbittlich daher,</Unicode>
                </TextEquiv>
            </TextLine>
            <TextLine id="r1l17" custom="readingOrder {index:16;}">
                <Coords points="189,1893 863,1897 911,1882 911,1859 837,1835 188,1854"/>
                <Baseline points="197,1881 232,1882 267,1884 302,1884 338,1885 373,1885 408,1884 444,1884 479,1883 514,1882 550,1881 585,1881 620,1880 655,1879 691,1878 726,1877 761,1877 797,1876 832,1877 867,1877 903,1878"/>
                <TextEquiv>
                    <Unicode>bäuerlichen Kollektivhelden, an sich</Unicode>
                </TextEquiv>
            </TextLine>
            <TextLine id="r1l18" custom="readingOrder {index:17;}">
                <Coords points="180,1957 385,1940 576,1961 688,1928 793,1954 905,1934 905,1890 626,1891 566,1913 179,1901"/>
                <Baseline points="187,1941 222,1941 258,1941 293,1942 329,1942 364,1942 400,1941 435,1941 471,1941 506,1940 542,1940 577,1939 613,1939 648,1938 684,1938 719,1937 755,1936 790,1936 826,1935 861,1935 897,1934"/>
                <TextEquiv>
                    <Unicode>erden ins Unrecht gesetzt durch die</Unicode>
                </TextEquiv>
            </TextLine>
            <TextLine id="r1l19" custom="readingOrder {index:18;}">
                <Coords points="186,2015 892,2008 903,1955 185,1960"/>
                <Baseline points="193,1997 228,1998 263,1999 298,2000 333,2000 368,2000 403,2000 438,1999 473,1999 508,1998 544,1997 579,1996 614,1995 649,1994 684,1993 719,1993 754,1992 789,1992 824,1992 859,1992 895,1993"/>
                <TextEquiv>
                    <Unicode>inen Interessen. Es ist ein Kampf</Unicode>
                </TextEquiv>
            </TextLine>
            <TextLine id="r1l20" custom="readingOrder {index:19;}">
                <Coords points="175,2073 623,2054 738,2074 881,2053 903,2012 174,2010"/>
                <Baseline points="183,2055 218,2055 254,2054 289,2054 325,2053 361,2053 396,2053 432,2053 467,2052 503,2052 539,2052 574,2052 610,2052 645,2051 681,2051 717,2051 752,2051 788,2051 823,2051 859,2051 895,2051"/>
                <TextEquiv>
                    <Unicode>serlage im großen; von sittlichen Ge¬</Unicode>
                </TextEquiv>
            </TextLine>
            <TextLine id="r1l21" custom="readingOrder {index:20;}">
                <Coords points="189,2128 301,2127 323,2111 342,2125 636,2124 712,2114 712,2074 653,2076 623,2054 570,2074 550,2059 188,2071"/>
                <Baseline points="196,2108 221,2108 246,2107 272,2107 297,2107 323,2107 348,2107 374,2107 399,2107 425,2107 450,2107 475,2107 501,2107 526,2107 552,2107 577,2107 603,2107 628,2106 654,2105 679,2105 705,2104"/>
                <TextEquiv>
                    <Unicode>Guten ist nicht die Rede.</Unicode>
                </TextEquiv>
            </TextLine>
            <TextLine id="r1l22" custom="readingOrder {index:21;}">
                <Coords points="204,2174 733,2183 768,2164 820,2181 909,2156 909,2129 203,2127"/>
                <Baseline points="211,2163 245,2164 280,2166 314,2167 349,2168 383,2168 418,2168 452,2168 487,2167 521,2166 556,2165 590,2164 625,2164 659,2163 694,2161 728,2160 763,2160 797,2159 832,2158 866,2158 901,2158"/>
                <TextEquiv>
                    <Unicode>wie man sie hier ausgesprochen</Unicode>
                </TextEquiv>
            </TextLine>
            <TextLine id="r1l23" custom="readingOrder {index:22;}">
                <Coords points="190,2232 508,2242 827,2216 863,2234 905,2215 905,2178 190,2186"/>
                <Baseline points="198,2222 234,2222 271,2222 308,2222 345,2222 381,2221 418,2221 455,2221 492,2220 529,2220 565,2220 602,2219 639,2219 676,2219 713,2218 749,2218 786,2218 823,2218 860,2218 897,2218"/>
                <TextEquiv>
                    <Unicode>nnere Notwendigkeit beschlossen zu</Unicode>
                </TextEquiv>
            </TextLine>
            <TextLine id="r1l24" custom="readingOrder {index:23;}">
                <Coords points="182,2289 592,2298 683,2272 826,2289 910,2273 910,2240 181,2243"/>
                <Baseline points="189,2278 224,2279 260,2280 296,2281 331,2282 367,2282 403,2282 438,2281 474,2281 510,2280 546,2280 581,2278 617,2278 653,2277 688,2276 724,2274 760,2274 795,2273 831,2272 867,2272 903,2272"/>
                <TextEquiv>
                    <Unicode>hen historisch zu fassen. Denn wer</Unicode>
                </TextEquiv>
            </TextLine>
            <TextLine id="r1l25" custom="readingOrder {index:24;}">
                <Coords points="183,2342 904,2340 904,2301 871,2294 818,2313 683,2283 619,2302 183,2294"/>
                <Baseline points="191,2334 226,2335 261,2335 296,2335 332,2334 367,2334 402,2334 438,2334 473,2333 508,2333 544,2333 579,2332 614,2332 649,2331 685,2331 720,2331 755,2330 791,2330 826,2329 861,2329 897,2329"/>
                <TextEquiv>
                    <Unicode>m Gedanken beruhigen können, zu</Unicode>
                </TextEquiv>
            </TextLine>
            <TextLine id="r1l26" custom="readingOrder {index:25;}">
                <Coords points="188,2416 270,2396 422,2409 458,2387 729,2399 761,2379 843,2403 913,2347 187,2346"/>
                <Baseline points="195,2390 230,2390 266,2390 301,2390 337,2390 372,2390 408,2390 443,2390 479,2390 514,2390 550,2390 585,2390 621,2390 656,2389 692,2389 727,2389 763,2388 798,2387 834,2387 869,2385 905,2385"/>
                <TextEquiv>
                    <Unicode>ichten in einer nur gedachten Krisis</Unicode>
                </TextEquiv>
            </TextLine>
            <TextLine id="r1l27" custom="readingOrder {index:26;}">
                <Coords points="193,2459 643,2462 698,2438 881,2454 909,2443 908,2398 192,2419"/>
                <Baseline points="201,2445 236,2446 271,2446 306,2447 341,2447 376,2448 411,2448 446,2448 481,2448 516,2448 551,2447 586,2447 621,2447 656,2446 691,2446 726,2445 761,2444 796,2444 831,2443 866,2442 901,2441"/>
                <TextEquiv>
                    <Unicode>nLebens selbst auch nur scheinbar</Unicode>
                </TextEquiv>
            </TextLine>
            <TextLine id="r1l28" custom="readingOrder {index:27;}">
                <Coords points="175,2533 242,2500 345,2522 457,2500 513,2525 911,2496 910,2443 668,2473 174,2459"/>
                <Baseline points="183,2505 219,2505 255,2504 291,2503 327,2503 363,2502 399,2501 435,2501 471,2500 507,2500 543,2499 579,2499 615,2498 651,2497 687,2497 723,2497 759,2496 795,2496 831,2496 867,2496 903,2496"/>
                <TextEquiv>
                    <Unicode>? Nur die Thatsache, daß solche</Unicode>
                </TextEquiv>
            </TextLine>
            <TextLine id="r1l29" custom="readingOrder {index:28;}">
                <Coords points="183,2578 697,2553 827,2578 908,2550 908,2522 814,2503 672,2533 573,2511 182,2528"/>
                <Baseline points="190,2560 225,2560 261,2560 296,2560 332,2559 367,2559 403,2559 438,2559 474,2558 509,2558 545,2557 581,2557 616,2556 652,2556 687,2555 723,2555 758,2554 794,2553 829,2553 865,2552 901,2551"/>
                <TextEquiv>
                    <Unicode>ekommen zu sein scheinen, berechtigt</Unicode>
                </TextEquiv>
            </TextLine>
            <TextLine id="r1l30" custom="readingOrder {index:29;}">
                <Coords points="188,2629 882,2625 916,2576 187,2579"/>
                <Baseline points="195,2614 230,2614 266,2614 301,2614 337,2614 373,2614 408,2614 444,2614 480,2613 515,2613 551,2613 587,2613 622,2613 658,2612 694,2612 729,2612 765,2611 801,2611 836,2611 872,2610 908,2610"/>
                <TextEquiv>
                    <Unicode>viegenden Urteil der Zeitgenossen zu</Unicode>
                </TextEquiv>
            </TextLine>
            <TextLine id="r1l31" custom="readingOrder {index:30;}">
                <Coords points="180,2683 603,2695 696,2672 756,2698 926,2666 926,2640 833,2616 810,2636 585,2623 548,2648 471,2624 315,2648 180,2633"/>
                <Baseline points="188,2670 224,2671 261,2672 297,2673 334,2674 370,2674 407,2673 443,2673 480,2673 516,2672 553,2671 589,2670 626,2669 662,2669 699,2668 735,2667 772,2667 808,2667 845,2667 881,2667 918,2668"/>
                <TextEquiv>
                    <Unicode>itung. Auch die „Weber“ sind im</Unicode>
                </TextEquiv>
            </TextLine>
            <TextLine id="r1l32" custom="readingOrder {index:31;}">
                <Coords points="177,2742 187,2742 196,2733 213,2744 229,2732 240,2739 256,2734 279,2739 295,2729 304,2737 318,2738 318,2693 279,2703 243,2689 216,2690 204,2697 190,2684 177,2683"/>
                <Baseline points="185,2729 210,2726 235,2725 260,2725 285,2726 310,2728"/>
                <TextEquiv>
                    <Unicode>ama.—</Unicode>
                </TextEquiv>
            </TextLine>
            <TextLine id="r1l33" custom="readingOrder {index:32;}">
                <Coords points="174,2801 544,2782 754,2802 891,2767 891,2729 708,2748 617,2723 555,2761 508,2737 173,2740"/>
                <Baseline points="181,2785 216,2784 251,2784 286,2783 321,2782 356,2782 391,2781 426,2781 461,2780 496,2780 532,2779 567,2779 602,2778 637,2778 672,2777 707,2777 742,2776 777,2775 812,2775 847,2774 883,2773"/>
                <TextEquiv>
                    <Unicode>Hauptmann hat in „Florian Geyer“</Unicode>
                </TextEquiv>
            </TextLine>
            <TextLine id="r1l34" custom="readingOrder {index:33;}">
                <Coords points="183,2847 914,2835 913,2805 838,2786 714,2789 688,2811 628,2789 183,2811"/>
                <Baseline points="191,2839 226,2839 262,2839 298,2839 333,2839 369,2839 405,2839 440,2838 476,2838 512,2837 548,2837 583,2837 619,2836 655,2836 690,2835 726,2834 762,2834 797,2834 833,2833 869,2833 905,2832"/>
                <TextEquiv>
                    <Unicode>er allgemeinen seelischen Welt der</Unicode>
                </TextEquiv>
            </TextLine>
            <TextLine id="r1l35" custom="readingOrder {index:34;}">
                <Coords points="181,2904 601,2891 698,2917 908,2893 907,2863 805,2844 588,2867 180,2849"/>
                <Baseline points="189,2893 224,2894 260,2894 295,2895 331,2895 366,2895 402,2895 437,2894 473,2894 508,2893 544,2893 579,2892 615,2891 650,2891 686,2890 721,2889 757,2889 792,2889 828,2889 863,2889 899,2889"/>
                <TextEquiv>
                    <Unicode>ernstand als Helden kämpfen, kurze</Unicode>
                </TextEquiv>
            </TextLine>
            <TextLine id="r1l36" custom="readingOrder {index:35;}">
                <Coords points="189,2966 908,2952 908,2923 855,2900 582,2904 533,2937 456,2906 189,2922"/>
                <Baseline points="197,2952 232,2952 267,2953 302,2953 337,2953 373,2953 408,2953 443,2953 478,2952 513,2952 549,2951 584,2950 619,2950 654,2949 689,2948 725,2947 760,2946 795,2946 830,2945 865,2944 901,2944"/>
                <TextEquiv>
                    <Unicode>rgehen zu lassen. Ein vom Stand¬</Unicode>
                </TextEquiv>
            </TextLine>
            <TextLine id="r1l37" custom="readingOrder {index:36;}">
                <Coords points="198,3022 390,3028 493,3005 565,3031 610,3009 829,3022 911,3002 910,2971 855,2951 197,2971"/>
                <Baseline points="205,3005 239,3005 274,3005 309,3005 344,3005 379,3005 414,3005 449,3005 484,3005 519,3005 554,3005 588,3004 623,3004 658,3003 693,3002 728,3002 763,3001 798,3000 833,2999 868,2998 903,2997"/>
                <TextEquiv>
                    <Unicode>auch wohl des allgemeinen geschicht¬</Unicode>
                </TextEquiv>
            </TextLine>
            <TextLine id="r1l38" custom="readingOrder {index:37;}">
                <Coords points="192,3072 916,3066 877,3012 787,3032 191,3024"/>
                <Baseline points="199,3062 234,3062 269,3062 305,3063 340,3063 376,3062 411,3062 446,3062 482,3061 517,3060 553,3060 588,3059 623,3059 659,3058 694,3057 730,3057 765,3056 800,3056 836,3055 871,3055 907,3055"/>
                <TextEquiv>
                    <Unicode>begenwart aus ungeheures Wagnis!</Unicode>
                </TextEquiv>
            </TextLine>
            <TextLine id="r1l39" custom="readingOrder {index:38;}">
                <Coords points="194,3129 900,3122 918,3065 771,3095 697,3066 194,3082"/>
                <Baseline points="202,3120 237,3120 272,3121 308,3121 343,3121 379,3121 414,3121 450,3121 485,3121 521,3120 556,3120 591,3120 627,3119 662,3118 698,3118 733,3117 769,3116 804,3115 840,3114 875,3113 911,3112"/>
                <TextEquiv>
                    <Unicode>lt ungeheuer für eine Zeit, deren</Unicode>
                </TextEquiv>
            </TextLine>
            <TextLine id="r1l40" custom="readingOrder {index:39;}">
                <Coords points="215,3179 483,3205 672,3170 929,3185 928,3141 882,3128 214,3138"/>
                <Baseline points="223,3179 257,3181 292,3182 327,3183 362,3183 397,3183 432,3183 466,3182 501,3181 536,3180 571,3178 606,3177 641,3175 676,3174 710,3173 745,3172 780,3172 815,3172 850,3172 885,3173 920,3174"/>
                <TextEquiv>
                    <Unicode>und im allgemeinsten Sinne doch</Unicode>
                </TextEquiv>
            </TextLine>
            <TextEquiv>
                <Unicode>ts
Pamphlet
s Offpri
Dichtung.
unklar geartetes Streben nach einer
iches, die ihren Bedürfnissen besser
ndere Vorwurf des Dramas. Und
elnen ist dann ähnlich der Be¬
den „Webern“. Wie dort so er¬
ßen Masse als dem Gesamthelden
Bauern und vor allem der zu den
re Ideale teilende Ritter Florian
he tritt hier wie dort in verwandter
Gewalten überwinden die soziale
Kampfe fallen Gerechte wie Un¬
otwendigkeit fährt unerbittlich daher,
bäuerlichen Kollektivhelden, an sich
erden ins Unrecht gesetzt durch die
inen Interessen. Es ist ein Kampf
serlage im großen; von sittlichen Ge¬
Guten ist nicht die Rede.
wie man sie hier ausgesprochen
nnere Notwendigkeit beschlossen zu
hen historisch zu fassen. Denn wer
m Gedanken beruhigen können, zu
ichten in einer nur gedachten Krisis
nLebens selbst auch nur scheinbar
? Nur die Thatsache, daß solche
ekommen zu sein scheinen, berechtigt
viegenden Urteil der Zeitgenossen zu
itung. Auch die „Weber“ sind im
ama.—
Hauptmann hat in „Florian Geyer“
er allgemeinen seelischen Welt der
ernstand als Helden kämpfen, kurze
rgehen zu lassen. Ein vom Stand¬
auch wohl des allgemeinen geschicht¬
begenwart aus ungeheures Wagnis!
lt ungeheuer für eine Zeit, deren
und im allgemeinsten Sinne doch</Unicode>
            </TextEquiv>
        </TextRegion>
        <TextRegion orientation="0.0" id="r2" custom="readingOrder {index:1;}">
            <Coords points="1323,182 1323,3172 2606,3172 2606,182"/>
            <TextLine id="r2l1" custom="readingOrder {index:0;}">
                <Coords points="1502,217 1642,228 1707,212 1791,242 1836,235 1868,210 1913,230 1944,224 1945,161 1757,156 1709,177 1598,159 1563,168 1540,152 1502,170"/>
                <Baseline points="1510,209 1535,209 1560,209 1585,209 1610,209 1635,209 1660,210 1685,210 1710,210 1736,211 1761,211 1786,212 1811,212 1836,213 1861,213 1886,213 1911,213 1937,212"/>
                <TextEquiv>
                    <Unicode>box 36/1</Unicode>
                </TextEquiv>
            </TextLine>
            <TextLine id="r2l2" custom="readingOrder {index:1;}">
                <Coords points="2456,1073 2475,1074 2485,1084 2503,1081 2507,1086 2521,1086 2526,1081 2537,1083 2557,1072 2568,1072 2569,1030 2549,1028 2541,1035 2517,1030 2511,1034 2502,1028 2486,1037 2456,1035"/>
                <Baseline points="2464,1073 2496,1072 2528,1074 2560,1073"/>
                <TextEquiv>
                    <Unicode>333</Unicode>
                </TextEquiv>
            </TextLine>
            <TextLine id="r2l3" custom="readingOrder {index:2;}">
                <Coords points="1846,1084 1870,1097 1881,1088 1890,1096 1965,1085 1986,1085 2001,1094 2029,1091 2042,1078 2051,1080 2051,1044 2024,1041 2007,1051 1971,1040 1946,1048 1921,1041 1901,1047 1876,1035 1846,1045"/>
                <Baseline points="1854,1079 1881,1080 1908,1080 1935,1080 1962,1079 1989,1079 2016,1078 2043,1078"/>
                <TextEquiv>
                    <Unicode>Dichtung.</Unicode>
                </TextEquiv>
            </TextLine>
            <TextLine id="r2l4" custom="readingOrder {index:3;}">
                <Coords points="1320,1195 2397,1203 2580,1152 1582,1136 1320,1172"/>
                <Baseline points="1327,1193 1389,1194 1451,1194 1513,1194 1576,1194 1638,1193 1700,1193 1763,1192 1825,1191 1887,1190 1950,1189 2012,1188 2074,1187 2136,1186 2199,1185 2261,1185 2323,1184 2386,1183 2448,1183 2510,1182 2573,1182"/>
                <TextEquiv>
                    <Unicode>nicht durch die sozialagrarische, sondern durch die ganz anders</Unicode>
                </TextEquiv>
            </TextLine>
            <TextLine id="r2l5" custom="readingOrder {index:4;}">
                <Coords points="1317,1269 2541,1253 2583,1208 1316,1215"/>
                <Baseline points="1325,1250 1387,1251 1450,1252 1512,1252 1575,1252 1637,1252 1700,1252 1762,1251 1825,1251 1887,1250 1950,1249 2012,1248 2075,1247 2137,1246 2200,1244 2262,1243 2325,1243 2387,1242 2450,1241 2512,1240 2575,1240"/>
                <TextEquiv>
                    <Unicode>geartete reformatorische Bewegung erfüllt war. Ließ sich da</Unicode>
                </TextEquiv>
            </TextLine>
            <TextLine id="r2l6" custom="readingOrder {index:5;}">
                <Coords points="1326,1313 2410,1316 2571,1300 2571,1262 1326,1265"/>
                <Baseline points="1334,1308 1395,1309 1456,1309 1518,1309 1579,1309 1641,1308 1702,1308 1764,1307 1825,1306 1887,1305 1948,1304 2009,1303 2071,1303 2132,1301 2194,1300 2255,1299 2317,1298 2378,1297 2440,1296 2501,1295 2563,1295"/>
                <TextEquiv>
                    <Unicode>die religiöse Bewegung wirklich von der ersten Stelle weg und</Unicode>
                </TextEquiv>
            </TextLine>
            <TextLine id="r2l7" custom="readingOrder {index:6;}">
                <Coords points="1323,1382 2568,1360 2536,1301 1322,1321"/>
                <Baseline points="1331,1365 1392,1366 1453,1366 1515,1366 1576,1365 1638,1365 1699,1364 1760,1364 1822,1363 1883,1362 1945,1361 2006,1360 2067,1358 2129,1358 2190,1356 2252,1355 2313,1354 2374,1354 2436,1353 2497,1352 2559,1352"/>
                <TextEquiv>
                    <Unicode>zur Seite schieben? Immer und immer wieder drängt sie sich</Unicode>
                </TextEquiv>
            </TextLine>
            <TextLine id="r2l8" custom="readingOrder {index:7;}">
                <Coords points="1326,1427 2568,1419 2567,1375 2481,1356 1325,1381"/>
                <Baseline points="1333,1425 1394,1424 1455,1423 1517,1422 1578,1421 1639,1420 1701,1419 1762,1418 1823,1417 1885,1417 1946,1416 2007,1415 2069,1414 2130,1413 2191,1412 2253,1411 2314,1410 2375,1409 2437,1408 2498,1407 2560,1406"/>
                <TextEquiv>
                    <Unicode>hervor: neben die Vertreter des bäuerlich=gutsherrlichen Zwistes</Unicode>
                </TextEquiv>
            </TextLine>
            <TextLine id="r2l9" custom="readingOrder {index:8;}">
                <Coords points="1316,1481 2545,1484 2572,1419 1315,1453"/>
                <Baseline points="1323,1477 1385,1476 1447,1476 1509,1475 1571,1474 1633,1474 1695,1473 1757,1472 1819,1471 1881,1470 1944,1470 2006,1469 2068,1468 2130,1467 2192,1467 2254,1466 2316,1465 2378,1465 2440,1464 2502,1463 2565,1463"/>
                <TextEquiv>
                    <Unicode>treten Humanisten, Reformatoren, Papisten. Gewiß wird dadurch</Unicode>
                </TextEquiv>
            </TextLine>
            <TextLine id="r2l10" custom="readingOrder {index:9;}">
                <Coords points="1327,1533 2583,1546 2582,1486 2427,1471 1326,1497"/>
                <Baseline points="1334,1535 1396,1534 1458,1533 1520,1532 1582,1531 1644,1530 1706,1529 1768,1528 1830,1527 1892,1526 1954,1525 2016,1524 2078,1523 2140,1522 2202,1521 2264,1521 2326,1520 2388,1520 2450,1520 2512,1519 2575,1520"/>
                <TextEquiv>
                    <Unicode>das Bild reicher, und mit großer Kunst ist für seine Entfaltung</Unicode>
                </TextEquiv>
            </TextLine>
            <TextLine id="r2l11" custom="readingOrder {index:10;}">
                <Coords points="1326,1598 2336,1597 2570,1541 1325,1557"/>
                <Baseline points="1334,1590 1395,1590 1456,1589 1518,1589 1579,1588 1641,1586 1702,1585 1764,1584 1825,1583 1887,1581 1948,1580 2009,1579 2071,1577 2132,1576 2194,1575 2255,1574 2317,1573 2378,1572 2440,1572 2501,1571 2563,1571"/>
                <TextEquiv>
                    <Unicode>durch die fünf Akte des Dramas und das prächtige Vorspiel hin¬</Unicode>
                </TextEquiv>
            </TextLine>
            <TextLine id="r2l12" custom="readingOrder {index:11;}">
                <Coords points="1331,1650 2363,1649 2547,1637 2571,1588 1330,1613"/>
                <Baseline points="1338,1649 1399,1647 1460,1645 1522,1643 1583,1641 1644,1640 1706,1639 1767,1638 1828,1637 1890,1637 1951,1636 2012,1635 2074,1635 2135,1634 2196,1634 2258,1633 2319,1632 2380,1631 2442,1630 2503,1628 2565,1626"/>
                <TextEquiv>
                    <Unicode>durch gesorgt. Gleichwohl verwirren sich die Fäden, und wo</Unicode>
                </TextEquiv>
            </TextLine>
            <TextLine id="r2l13" custom="readingOrder {index:12;}">
                <Coords points="1317,1702 2579,1685 2543,1634 1316,1665"/>
                <Baseline points="1324,1702 1386,1702 1448,1701 1511,1700 1573,1700 1635,1699 1698,1698 1760,1696 1822,1695 1885,1694 1947,1693 2009,1692 2072,1690 2134,1689 2196,1688 2259,1687 2321,1686 2383,1685 2446,1684 2508,1683 2571,1683"/>
                <TextEquiv>
                    <Unicode>das nicht der Fall ist, werden sie nur mit Anstrengung und</Unicode>
                </TextEquiv>
            </TextLine>
            <TextLine id="r2l14" custom="readingOrder {index:13;}">
                <Coords points="1316,1748 1486,1776 2574,1740 2474,1694 1316,1726"/>
                <Baseline points="1324,1759 1386,1758 1448,1757 1510,1755 1572,1754 1634,1753 1696,1752 1758,1751 1820,1750 1882,1749 1945,1748 2007,1747 2069,1746 2131,1745 2193,1745 2255,1744 2317,1743 2379,1742 2441,1742 2503,1741 2566,1741"/>
                <TextEquiv>
                    <Unicode>darum zu äußerlich auseinander= und zugleich zusammengehalten.</Unicode>
                </TextEquiv>
            </TextLine>
            <TextLine id="r2l15" custom="readingOrder {index:14;}">
                <Coords points="1323,1816 2568,1812 2567,1765 2490,1746 1322,1780"/>
                <Baseline points="1330,1813 1391,1812 1452,1810 1514,1809 1575,1808 1637,1807 1698,1806 1760,1805 1821,1805 1883,1804 1944,1803 2005,1802 2067,1802 2128,1801 2190,1800 2251,1799 2313,1798 2374,1796 2436,1795 2497,1793 2559,1792"/>
                <TextEquiv>
                    <Unicode>Darüber kommen denn die Personen, die individuellen Begeben¬</Unicode>
                </TextEquiv>
            </TextLine>
            <TextLine id="r2l16" custom="readingOrder {index:15;}">
                <Coords points="1332,1890 2536,1866 2573,1815 1331,1829"/>
                <Baseline points="1340,1871 1401,1869 1462,1868 1523,1866 1585,1865 1646,1864 1707,1863 1768,1862 1830,1862 1891,1861 1952,1860 2013,1859 2075,1858 2136,1857 2197,1856 2258,1855 2320,1853 2381,1852 2442,1849 2503,1848 2565,1845"/>
                <TextEquiv>
                    <Unicode>heiten, das Gerüst der Handlung zu kurz. Und auch der</Unicode>
                </TextEquiv>
            </TextLine>
            <TextLine id="r2l17" custom="readingOrder {index:16;}">
                <Coords points="1338,1931 2518,1920 2582,1908 2582,1870 1396,1876 1337,1908"/>
                <Baseline points="1345,1922 1406,1922 1467,1922 1529,1922 1590,1921 1652,1920 1713,1919 1775,1918 1836,1917 1898,1916 1959,1915 2020,1914 2082,1913 2143,1911 2205,1910 2266,1909 2328,1908 2389,1907 2451,1906 2512,1905 2574,1904"/>
                <TextEquiv>
                    <Unicode>„Bauernheld“ als Collectivum verschwindet unter dem Druck</Unicode>
                </TextEquiv>
            </TextLine>
            <TextLine id="r2l18" custom="readingOrder {index:17;}">
                <Coords points="1329,1991 2383,1979 2543,1969 2580,1923 1329,1945"/>
                <Baseline points="1337,1978 1398,1977 1460,1976 1522,1975 1584,1974 1646,1973 1707,1972 1769,1971 1831,1970 1893,1970 1955,1969 2016,1968 2078,1967 2140,1966 2202,1965 2264,1964 2325,1964 2387,1963 2449,1962 2511,1961 2573,1960"/>
                <TextEquiv>
                    <Unicode>verworrener Gegensätze; erst im letzten Akt bekommen wir wirk¬</Unicode>
                </TextEquiv>
            </TextLine>
            <TextLine id="r2l19" custom="readingOrder {index:18;}">
                <Coords points="1333,2035 2550,2039 2582,2001 2458,1972 1332,2005"/>
                <Baseline points="1341,2036 1402,2036 1464,2036 1526,2036 1587,2035 1649,2034 1711,2033 1772,2032 1834,2030 1896,2029 1958,2027 2019,2026 2081,2024 2143,2023 2204,2022 2266,2021 2328,2020 2389,2019 2451,2019 2513,2019 2575,2019"/>
                <TextEquiv>
                    <Unicode>liche Bauern deutlicher zu sehen, und diese nur im kläglichsten</Unicode>
                </TextEquiv>
            </TextLine>
            <TextLine id="r2l20" custom="readingOrder {index:19;}">
                <Coords points="1334,2108 2399,2097 2452,2063 2323,2027 1333,2058"/>
                <Baseline points="1341,2089 1396,2089 1451,2088 1506,2087 1561,2087 1616,2086 1671,2085 1727,2084 1782,2083 1837,2083 1892,2082 1947,2081 2002,2080 2057,2079 2113,2079 2168,2078 2223,2078 2278,2078 2333,2078 2388,2078 2444,2078"/>
                <TextEquiv>
                    <Unicode>Zustand, im Augenblick jähen Niedergangs ihrer Sache.</Unicode>
                </TextEquiv>
            </TextLine>
            <TextLine id="r2l21" custom="readingOrder {index:20;}">
                <Coords points="1425,2159 2584,2135 2583,2095 2439,2083 1425,2116"/>
                <Baseline points="1433,2146 1490,2145 1547,2144 1604,2143 1661,2142 1718,2141 1775,2139 1833,2139 1890,2138 1947,2137 2004,2136 2061,2135 2118,2134 2175,2134 2233,2133 2290,2132 2347,2132 2404,2132 2461,2131 2518,2131 2576,2131"/>
                <TextEquiv>
                    <Unicode>Indes hier soll nicht kritisiert werden; Werturteile, ja</Unicode>
                </TextEquiv>
            </TextLine>
            <TextLine id="r2l22" custom="readingOrder {index:21;}">
                <Coords points="1323,2217 2588,2171 2507,2136 1323,2183"/>
                <Baseline points="1331,2203 1393,2202 1455,2201 1518,2200 1580,2200 1643,2199 1705,2198 1768,2197 1830,2196 1893,2195 1955,2193 2017,2192 2080,2191 2142,2190 2205,2189 2267,2188 2330,2188 2392,2187 2455,2186 2517,2185 2580,2185"/>
                <TextEquiv>
                    <Unicode>auch nur das Aufdecken der Konsequenzen bestimmter An¬</Unicode>
                </TextEquiv>
            </TextLine>
            <TextLine id="r2l23" custom="readingOrder {index:22;}">
                <Coords points="1331,2270 2480,2258 2584,2246 2584,2205 1330,2228"/>
                <Baseline points="1338,2258 1403,2257 1468,2256 1533,2255 1598,2254 1664,2253 1729,2252 1794,2251 1859,2250 1924,2249 1990,2248 2055,2247 2120,2246 2185,2245 2250,2243 2316,2242 2381,2241 2446,2239 2511,2238 2577,2236"/>
                <TextEquiv>
                    <Unicode>schauungen, soweit es in Urteil umschlägt, liegen der Absicht</Unicode>
                </TextEquiv>
            </TextLine>
            <TextLine id="r2l24" custom="readingOrder {index:23;}">
                <Coords points="1329,2315 2427,2320 2587,2268 1328,2287"/>
                <Baseline points="1337,2315 1399,2314 1461,2313 1523,2312 1585,2311 1647,2310 1709,2309 1771,2308 1833,2307 1895,2306 1958,2305 2020,2304 2082,2303 2144,2302 2206,2301 2268,2300 2330,2298 2392,2297 2454,2296 2516,2294 2579,2293"/>
                <TextEquiv>
                    <Unicode>dieses Buches gänzlich fern. Nur die ungeheuren Schwierig¬</Unicode>
                </TextEquiv>
            </TextLine>
            <TextLine id="r2l25" custom="readingOrder {index:24;}">
                <Coords points="1341,2372 2329,2376 2573,2363 2585,2324 1340,2333"/>
                <Baseline points="1348,2372 1409,2371 1470,2370 1532,2368 1593,2367 1655,2366 1716,2365 1778,2364 1839,2363 1901,2362 1962,2360 2023,2359 2085,2358 2146,2357 2208,2357 2269,2356 2331,2355 2392,2355 2454,2355 2515,2355 2577,2355"/>
                <TextEquiv>
                    <Unicode>keiten des kulturgeschichtlichen Dramas im vorliegenden Falle,</Unicode>
                </TextEquiv>
            </TextLine>
            <TextLine id="r2l26" custom="readingOrder {index:25;}">
                <Coords points="1327,2418 2264,2430 2367,2424 2420,2376 1327,2390"/>
                <Baseline points="1335,2424 1388,2424 1442,2424 1496,2423 1550,2423 1604,2422 1658,2421 1711,2420 1765,2419 1819,2418 1873,2417 1927,2416 1981,2415 2035,2415 2088,2414 2142,2413 2196,2412 2250,2412 2304,2412 2358,2412 2412,2412"/>
                <TextEquiv>
                    <Unicode>bei dem einmal gewählten Stoffe galt es zu betonen.</Unicode>
                </TextEquiv>
            </TextLine>
            <TextLine id="r2l27" custom="readingOrder {index:26;}">
                <Coords points="1423,2492 2416,2485 2555,2469 2573,2429 1422,2444"/>
                <Baseline points="1431,2481 1487,2480 1544,2478 1601,2476 1657,2475 1714,2474 1771,2473 1827,2472 1884,2472 1941,2471 1998,2471 2054,2471 2111,2470 2168,2469 2224,2469 2281,2468 2338,2467 2394,2466 2451,2465 2508,2464 2565,2462"/>
                <TextEquiv>
                    <Unicode>Und auch die allgemeinen Schwierigkeiten, die sich bei ver¬</Unicode>
                </TextEquiv>
            </TextLine>
            <TextLine id="r2l28" custom="readingOrder {index:27;}">
                <Coords points="1339,2542 2579,2517 2578,2481 2510,2477 1339,2511"/>
                <Baseline points="1347,2539 1408,2537 1469,2536 1530,2534 1591,2533 1653,2532 1714,2531 1775,2530 1836,2529 1897,2528 1959,2527 2020,2527 2081,2526 2142,2525 2203,2525 2265,2524 2326,2523 2387,2521 2448,2520 2509,2519 2571,2517"/>
                <TextEquiv>
                    <Unicode>wandten Versuchen stets wieder einfinden werden, sind außer¬</Unicode>
                </TextEquiv>
            </TextLine>
            <TextLine id="r2l29" custom="readingOrder {index:28;}">
                <Coords points="1335,2594 2583,2581 2582,2541 2488,2528 1335,2574"/>
                <Baseline points="1343,2593 1404,2591 1466,2591 1527,2590 1589,2589 1651,2588 1712,2587 1774,2586 1835,2586 1897,2585 1959,2584 2020,2583 2082,2582 2143,2581 2205,2580 2267,2579 2328,2578 2390,2577 2451,2575 2513,2574 2575,2573"/>
                <TextEquiv>
                    <Unicode>ordentlich. Die Volksseele einer bestimmten Zeit soll wenigstens</Unicode>
                </TextEquiv>
            </TextLine>
            <TextLine id="r2l30" custom="readingOrder {index:29;}">
                <Coords points="1344,2652 2369,2656 2575,2649 2590,2611 1343,2603"/>
                <Baseline points="1352,2652 1413,2651 1475,2649 1536,2647 1598,2646 1659,2645 1721,2643 1782,2642 1844,2641 1905,2640 1967,2639 2028,2638 2090,2637 2151,2636 2213,2635 2274,2634 2336,2633 2397,2632 2459,2631 2520,2631 2582,2629"/>
                <TextEquiv>
                    <Unicode>in ihrem wichtigsten Organe, der Sprache der Zeit, darüber</Unicode>
                </TextEquiv>
            </TextLine>
            <TextLine id="r2l31" custom="readingOrder {index:30;}">
                <Coords points="1338,2717 2574,2709 2592,2665 1337,2662"/>
                <Baseline points="1346,2708 1407,2707 1469,2706 1531,2705 1593,2704 1655,2702 1717,2701 1779,2700 1841,2699 1903,2697 1965,2696 2026,2695 2088,2694 2150,2692 2212,2691 2274,2690 2336,2689 2398,2688 2460,2688 2522,2687 2584,2686"/>
                <TextEquiv>
                    <Unicode>hinaus aber auch an sich im jeweils besonderen Charakter der</Unicode>
                </TextEquiv>
            </TextLine>
            <TextLine id="r2l32" custom="readingOrder {index:31;}">
                <Coords points="1337,2768 2436,2764 2595,2720 2462,2692 2142,2737 2005,2702 1336,2740"/>
                <Baseline points="1344,2764 1406,2763 1468,2762 1530,2761 1592,2760 1654,2759 1716,2758 1779,2757 1841,2756 1903,2755 1965,2754 2027,2753 2089,2752 2151,2750 2214,2749 2276,2748 2338,2746 2400,2745 2462,2743 2524,2741 2587,2739"/>
                <TextEquiv>
                    <Unicode>Triebe und Handlungen, zum Tönen, zum Leben gebracht</Unicode>
                </TextEquiv>
            </TextLine>
            <TextLine id="r2l33" custom="readingOrder {index:32;}">
                <Coords points="1342,2821 2375,2820 2551,2807 2591,2767 1341,2778"/>
                <Baseline points="1350,2820 1411,2819 1473,2818 1534,2817 1596,2816 1658,2815 1719,2813 1781,2812 1843,2811 1904,2809 1966,2808 2028,2806 2089,2805 2151,2803 2213,2802 2274,2801 2336,2799 2398,2798 2459,2797 2521,2796 2583,2794"/>
                <TextEquiv>
                    <Unicode>werden. Welche Studien, welche Kraft und Dressur der Ein¬</Unicode>
                </TextEquiv>
            </TextLine>
            <TextLine id="r2l34" custom="readingOrder {index:33;}">
                <Coords points="1336,2873 2441,2874 2571,2865 2597,2819 1335,2843"/>
                <Baseline points="1343,2875 1405,2874 1467,2873 1530,2872 1592,2871 1654,2869 1717,2868 1779,2867 1841,2866 1904,2865 1966,2864 2028,2862 2091,2861 2153,2860 2215,2859 2278,2857 2340,2856 2402,2855 2465,2854 2527,2853 2590,2852"/>
                <TextEquiv>
                    <Unicode>bildungskraft sind da von nöten! Und auf dieser allgemeinen</Unicode>
                </TextEquiv>
            </TextLine>
            <TextLine id="r2l35" custom="readingOrder {index:34;}">
                <Coords points="1337,2927 2488,2932 2577,2915 2576,2863 1336,2892"/>
                <Baseline points="1344,2930 1405,2930 1466,2929 1527,2928 1589,2927 1650,2926 1711,2924 1772,2923 1834,2922 1895,2920 1956,2919 2017,2918 2079,2916 2140,2915 2201,2914 2262,2913 2324,2911 2385,2911 2446,2910 2507,2909 2569,2909"/>
                <TextEquiv>
                    <Unicode>Grundlage soll sich die Psyche eines bestimmten Standes, be¬</Unicode>
                </TextEquiv>
            </TextLine>
            <TextLine id="r2l36" custom="readingOrder {index:35;}">
                <Coords points="1341,2987 2562,2982 2586,2933 1340,2957"/>
                <Baseline points="1349,2986 1410,2986 1472,2985 1533,2985 1595,2984 1656,2984 1718,2983 1779,2982 1841,2981 1902,2980 1964,2979 2025,2977 2087,2976 2148,2975 2210,2974 2271,2972 2333,2971 2394,2969 2456,2968 2517,2966 2579,2965"/>
                <TextEquiv>
                    <Unicode>stimmter sozialer Kreise wieder von dem Allgemeinen abheben,</Unicode>
                </TextEquiv>
            </TextLine>
            <TextLine id="r2l37" custom="readingOrder {index:36;}">
                <Coords points="1342,3051 2443,3042 2599,3027 2598,2980 1341,3013"/>
                <Baseline points="1349,3043 1411,3042 1473,3041 1535,3040 1597,3039 1659,3038 1721,3037 1783,3036 1845,3035 1907,3034 1970,3033 2032,3032 2094,3031 2156,3030 2218,3029 2280,3028 2342,3026 2404,3025 2466,3023 2528,3021 2591,3019"/>
                <TextEquiv>
                    <Unicode>und auf dieser begrenzten Grundlage dann nochmals die Seele</Unicode>
                </TextEquiv>
            </TextLine>
            <TextLine id="r2l38" custom="readingOrder {index:37;}">
                <Coords points="1344,3091 1594,3119 2212,3080 2180,3043 1343,3052"/>
                <Baseline points="1351,3096 1393,3097 1436,3097 1478,3098 1521,3098 1564,3098 1606,3097 1649,3097 1691,3096 1734,3095 1777,3094 1819,3094 1862,3093 1904,3091 1947,3091 1990,3089 2032,3088 2075,3087 2117,3086 2160,3085 2203,3083"/>
                <TextEquiv>
                    <Unicode>und der Charakter bestimmter Individuen!</Unicode>
                </TextEquiv>
            </TextLine>
            <TextLine id="r2l39" custom="readingOrder {index:38;}">
                <Coords points="1438,3168 2614,3141 2613,3108 2505,3082 1438,3119"/>
                <Baseline points="1446,3154 1504,3156 1562,3158 1620,3159 1678,3159 1736,3159 1794,3158 1852,3157 1910,3156 1968,3154 2026,3152 2084,3150 2142,3149 2200,3146 2258,3145 2316,3144 2374,3142 2432,3141 2490,3141 2548,3141 2606,3141"/>
                <TextEquiv>
                    <Unicode>Gleichwohl liegt nach dieser Richtung unzweifelhaft eine</Unicode>
                </TextEquiv>
            </TextLine>
            <TextEquiv>
                <Unicode>box 36/1
333
Dichtung.
nicht durch die sozialagrarische, sondern durch die ganz anders
geartete reformatorische Bewegung erfüllt war. Ließ sich da
die religiöse Bewegung wirklich von der ersten Stelle weg und
zur Seite schieben? Immer und immer wieder drängt sie sich
hervor: neben die Vertreter des bäuerlich=gutsherrlichen Zwistes
treten Humanisten, Reformatoren, Papisten. Gewiß wird dadurch
das Bild reicher, und mit großer Kunst ist für seine Entfaltung
durch die fünf Akte des Dramas und das prächtige Vorspiel hin¬
durch gesorgt. Gleichwohl verwirren sich die Fäden, und wo
das nicht der Fall ist, werden sie nur mit Anstrengung und
darum zu äußerlich auseinander= und zugleich zusammengehalten.
Darüber kommen denn die Personen, die individuellen Begeben¬
heiten, das Gerüst der Handlung zu kurz. Und auch der
„Bauernheld“ als Collectivum verschwindet unter dem Druck
verworrener Gegensätze; erst im letzten Akt bekommen wir wirk¬
liche Bauern deutlicher zu sehen, und diese nur im kläglichsten
Zustand, im Augenblick jähen Niedergangs ihrer Sache.
Indes hier soll nicht kritisiert werden; Werturteile, ja
auch nur das Aufdecken der Konsequenzen bestimmter An¬
schauungen, soweit es in Urteil umschlägt, liegen der Absicht
dieses Buches gänzlich fern. Nur die ungeheuren Schwierig¬
keiten des kulturgeschichtlichen Dramas im vorliegenden Falle,
bei dem einmal gewählten Stoffe galt es zu betonen.
Und auch die allgemeinen Schwierigkeiten, die sich bei ver¬
wandten Versuchen stets wieder einfinden werden, sind außer¬
ordentlich. Die Volksseele einer bestimmten Zeit soll wenigstens
in ihrem wichtigsten Organe, der Sprache der Zeit, darüber
hinaus aber auch an sich im jeweils besonderen Charakter der
Triebe und Handlungen, zum Tönen, zum Leben gebracht
werden. Welche Studien, welche Kraft und Dressur der Ein¬
bildungskraft sind da von nöten! Und auf dieser allgemeinen
Grundlage soll sich die Psyche eines bestimmten Standes, be¬
stimmter sozialer Kreise wieder von dem Allgemeinen abheben,
und auf dieser begrenzten Grundlage dann nochmals die Seele
und der Charakter bestimmter Individuen!
Gleichwohl liegt nach dieser Richtung unzweifelhaft eine</Unicode>
            </TextEquiv>
        </TextRegion>
    </Page>
</PcGts>
