3248 4352
1918 138 2298 206 ——
1495 204 1931 301 box 36/1
268 218 1326 315 Panphlets offbrints
1706 1163 1901 1233 Dichtung.
2304 1154 2445 1235 355
1187 1291 2434 1346 Ende“ (1891), die „Heimat“ (1893), „Die Schmetterlings¬
478 1285 706 1357 ine Schule
1185 1343 2422 1405 schlacht“ (1895), „Morituri“ (drei Einakter: „Teja“, „Fritzchen“,
546 1346 710 1411 tändlich
1192 1395 2437 1464 „Das Ewig=Männliche“ 1896), „Das Glück im Winkel“
557 1403 699 1466 turteil,
1186 1433 2366 1522 (1896), „Johannes“ (1898) und „Johannisfeuer“ (1900).
561 1457 710 1526 er weiß
1281 1501 2442 1570 Bezeichnend für den Dichter ist schon, daß gerade sein
572 1517 703 1579 u, die
1186 1565 2443 1627 erstes großes Drama, die „Ehre“, obwohl erst dem Jahre 1890
604 1573 710 1639 afft,
1180 1619 2442 1668 angehörig, nicht eigentlich als naturalistisch bezeichnet werden
618 1635 713 1687 ormn
1186 1669 2447 1729 kann. Es ist noch ein Thesenstück im Sinne der Comédie
649 1692 700 1747 s
1191 1748 2439 1795 des meurs, von der Sudermann überhaupt ungemein, nament¬
1195 1792 2440 1855 lich für die künstlich verschränkte Scenenführung, gelernt hat.
1184 1855 2433 1912 Und auch die eigentliche Technik, die äußere Form, ist keines¬
1182 1913 2446 1969 wegs impressionistisch. Sie trägt vielmehr ebenfalls den
1194 1955 2447 2002 Stempel des fortgeschrittensten französischen Realismus der
1198 2010 2439 2073 Dumas tils, Augier und Sardon. Möglich daß dieser Zu¬
1190 2068 2449 2127 sammenhang dadurch noch stärker geworden ist, daß Sudermann
1195 2135 2436 2193 das Stück unter Beirat Blumenthals einer Bearbeitung unter¬
1194 2196 2441 2251 zogen hat. Im Stücke selbst wird die These, ganz nach der be¬
199 2187 256 2255 ch
1194 2232 2446 2303 sonders von Dumas tils geübten Art, durch eine ausdrücklich als
192 2253 242 2315 er
255 2247 306 2316 Ge
402 2250 433 2303 al
1192 2303 2450 2362 Chorus eingeführte Person, den Grafen Trast, vertreten. Sie
231 2302 431 2371 Pathos in
1189 2362 2445 2407 lautet im Obersatz: „Mein Herz pflegt stets in dem Takte zu
199 2360 475 2416 tark modernen
1193 2405 2447 2457 schlagen, welchen die Sitte des Landes verlangt, dessen Gast¬
178 2413 473 2483 nde Stelle ein,
1201 2469 2455 2522 freundschaft ich genieße. Denn ich mache mich gern zum
185 2470 459 2539 austoben läßt.
1204 2527 2446 2582 Sklaven des Milieus.“ Hieraus wird dann abgeleitet, daß
176 2526 459 2600 l, ohne es ganz
1200 2572 2455 2633 es sehr verschiedene Ehrbegriffe gebe, und aus dem Konflikt
166 2579 510 2650 m einerseits im
1192 2644 2455 2690 dieser verschiedenen Begriffe, so wie sie in Deutschland nach
170 2639 578 2709 ner Freiheit und Gri
1194 2684 2449 2747 der Abstufung der bürgerlichen Entwicklung differenziert er¬
162 2693 604 2766 lenigstens der physiolo
1198 2735 2449 2813 scheinen, erwächst das Drama. Im übrigen, innerhalb der
170 2754 574 2818 ägt, und andererseit
1200 2803 2441 2857 damit gegebenen Idee und der Technik des französischen Realis¬
173 2807 546 2876 Technik immer stär
1195 2849 2449 2910 mus, bewegt sich der Autor sofort als ein überaus begabter
163 2867 609 2933 gen. Und dabei ist u
1206 2911 2450 2985 Dramatiker, der streng architektonisch zu gliedern weiß, der mit
173 2924 587 2991 spältigen Richtungen
1205 2956 2459 3038 großer Sicherheit Höhen und Tiefen der Handlung schafft, und
176 2978 700 3047 ch vollzieht in dem Sinne,
1195 3032 2445 3091 der höchstens durch die übergroße Feinheit in dem Ineinander¬
179 3031 721 3100 nik in stetiger Fortbildung
1198 3087 2459 3135 flechten der Motive, durch die raffiniert und anscheinend fast
177 3099 733 3156 ung dienen lernt unter dem
1205 3145 2465 3202 phantasielos kalkulierte Verklammerung der Handlung leicht
184 3150 714 3220 dere Schicksalsidee hinaus¬
1203 3190 1784 3259 etwas wie Kälte hervorruft.
1300 3250 2477 3310 Der äußere Erfolg des Stückes war außerordentlich; sehr
214 3247 736 3330 „Ehre“ (1890), „Sodoms
2186 3292 2266 3367 23*
2361 4073 2443 4156 Sprlateig
3022 1216 3099 1292 u
3137 1221 3256 1310 5258
3012 1279 3108 1347 SU
3042 1299 3257 1393 e
2924 1363 3134 1437 S
3113 1378 3238 1438 RR
3127 1481 3205 1589 □5
3187 3853 3256 3933 9
