<?xml version="1.0" encoding="UTF-8" standalone="yes"?>
<PcGts xmlns="http://schema.primaresearch.org/PAGE/gts/pagecontent/2013-07-15" xmlns:xsi="http://www.w3.org/2001/XMLSchema-instance" xsi:schemaLocation="http://schema.primaresearch.org/PAGE/gts/pagecontent/2013-07-15 http://schema.primaresearch.org/PAGE/gts/pagecontent/2013-07-15/pagecontent.xsd">
    <Metadata>
        <Creator>prov=University of Rostock/Institute of Mathematics/CITlab/Gundram Leifert/gundram.leifert@uni-rostock.de:name=ONB_Newseye_GT_M1+(htr_id=10810)::::v=2.4.2
prov=University of Rostock/Institute of Mathematics/CITlab/Tobias Gruening/tobias.gruening@uni-rostock.de:name=de.uros.citlab.module.baseline2polygon.B2PSeamMultiOriented:v=2.4.2
prov=University of Rostock/Institute of Mathematics/CITlab/Tobias Gruening/tobias.gruening@uni-rostock.de:name=/mnt/transkribus/LA/DEA/URO/LA_news_onb_att.pb:de.uros.citlab.segmentation.CITlab_LA_ML:v=2.4.2
Transkribus</Creator>
        <Created>2019-10-07T15:13:40.187+02:00</Created>
        <LastChange>2019-10-09T04:55:49.517+02:00</LastChange>
        <TranskribusMetadata docId="224180" pageId="9514747" pageNr="45" tsid="16622469" status="IN_PROGRESS" userId="40391" imgUrl="https://files.transkribus.eu/Get?id=OVFXCASOGWCUXRCRPIQTMHLY&amp;fileType=view" xmlUrl="https://files.transkribus.eu/Get?id=JOVGZAWQESLAUVUSVEELARVU" imageId="6202981"/>
    </Metadata>
    <Page imageFilename="224180_0045.jpeg" imageWidth="3344" imageHeight="4352">
        <ReadingOrder>
            <OrderedGroup id="ro_1711443938624" caption="Regions reading order">
                <RegionRefIndexed index="0" regionRef="r1"/>
                <RegionRefIndexed index="1" regionRef="r2"/>
                <RegionRefIndexed index="2" regionRef="r3"/>
            </OrderedGroup>
        </ReadingOrder>
        <TextRegion orientation="0.0" id="r1" custom="readingOrder {index:0;}">
            <Coords points="179,122 179,3726 2338,3726 2338,122"/>
            <TextLine id="r1l1" custom="readingOrder {index:0;}">
                <Coords points="1965,197 2028,163 2073,187 2125,185 2146,200 2224,179 2272,197 2347,189 2345,131 2329,124 2259,136 2217,116 2146,141 1963,132"/>
                <Baseline points="1971,157 1997,159 2023,160 2049,160 2075,160 2102,160 2128,159 2154,158 2180,157 2206,155 2233,154 2259,153 2285,151 2311,150 2338,148"/>
                <TextEquiv>
                    <Unicode>—.—</Unicode>
                </TextEquiv>
            </TextLine>
            <TextLine id="r1l2" custom="readingOrder {index:1;}">
                <Coords points="1521,269 1669,281 1721,250 1759,275 1835,263 1908,283 1957,269 1958,204 1915,193 1890,206 1840,180 1783,213 1748,203 1734,217 1522,199"/>
                <Baseline points="1529,253 1555,253 1581,254 1607,255 1634,256 1660,256 1686,257 1712,258 1739,259 1765,259 1791,259 1817,259 1844,259 1870,258 1896,257 1922,255 1949,253"/>
                <TextEquiv>
                    <Unicode>box 36/1</Unicode>
                </TextEquiv>
            </TextLine>
            <TextLine id="r1l3" custom="readingOrder {index:2;}">
                <Coords points="621,261 667,266 683,252 696,265 717,267 719,199 711,199 700,208 692,205 681,208 674,214 665,214 656,207 635,221 622,222"/>
                <Baseline points="629,257 655,259 682,260 709,259"/>
                <TextEquiv>
                    <Unicode>et</Unicode>
                </TextEquiv>
            </TextLine>
            <TextLine id="r1l4" custom="readingOrder {index:3;}">
                <Coords points="171,265 467,305 1290,301 1356,281 1357,226 965,193 769,265 609,267 542,203 340,204 285,249 172,206"/>
                <Baseline points="179,263 237,266 295,268 354,271 412,272 471,274 529,275 588,276 646,276 705,276 763,276 821,276 880,276 938,276 997,276 1055,275 1114,275 1172,275 1231,275 1289,275 1348,275"/>
                <TextEquiv>
                    <Unicode>1. Panph Offprints</Unicode>
                </TextEquiv>
            </TextLine>
            <TextLine id="r1l5" custom="readingOrder {index:4;}">
                <Coords points="1420,1156 1457,1161 1470,1156 1516,1168 1545,1168 1552,1162 1571,1167 1583,1156 1621,1157 1621,1138 1596,1138 1574,1123 1555,1124 1532,1102 1497,1111 1450,1099 1420,1105"/>
                <Baseline points="1428,1147 1454,1149 1481,1150 1507,1150 1534,1149 1560,1149 1587,1150 1614,1153"/>
                <TextEquiv>
                    <Unicode>Dichtung.</Unicode>
                </TextEquiv>
            </TextLine>
            <TextLine id="r1l6" custom="readingOrder {index:5;}">
                <Coords points="888,1166 900,1161 910,1166 929,1161 941,1161 947,1166 962,1161 974,1165 985,1157 993,1160 999,1155 1012,1155 1012,1119 995,1113 987,1119 982,1116 962,1122 951,1116 938,1122 922,1108 913,1113 902,1109 888,1114"/>
                <Baseline points="896,1157 923,1156 950,1155 977,1156 1004,1157"/>
                <TextEquiv>
                    <Unicode>344</Unicode>
                </TextEquiv>
            </TextLine>
            <TextLine id="r1l7" custom="readingOrder {index:6;}">
                <Coords points="894,1268 1994,1289 2143,1266 2143,1224 894,1225"/>
                <Baseline points="902,1256 963,1258 1025,1259 1087,1260 1148,1260 1210,1261 1272,1261 1333,1261 1395,1261 1457,1260 1519,1260 1580,1260 1642,1260 1704,1260 1765,1260 1827,1260 1889,1260 1950,1261 2012,1262 2074,1263 2136,1265"/>
                <TextEquiv>
                    <Unicode>worden war, entsprechend der vornehmlich künstlerischen Vor¬</Unicode>
                </TextEquiv>
            </TextLine>
            <TextLine id="r1l8" custom="readingOrder {index:7;}">
                <Coords points="896,1321 2152,1329 2057,1272 897,1268"/>
                <Baseline points="904,1312 966,1314 1028,1315 1090,1316 1152,1317 1214,1317 1276,1318 1338,1318 1400,1319 1462,1319 1524,1319 1586,1320 1648,1320 1710,1320 1772,1320 1834,1320 1896,1321 1958,1321 2020,1321 2082,1322 2144,1323"/>
                <TextEquiv>
                    <Unicode>wärtsentwicklung der Nation seit den fünfziger Jahren. Aber</Unicode>
                </TextEquiv>
            </TextLine>
            <TextLine id="r1l9" custom="readingOrder {index:8;}">
                <Coords points="896,1375 2152,1377 2031,1331 1865,1361 896,1333"/>
                <Baseline points="903,1371 965,1372 1027,1373 1089,1373 1151,1374 1213,1375 1275,1375 1337,1375 1399,1376 1461,1376 1523,1376 1585,1376 1647,1376 1709,1376 1771,1376 1833,1376 1895,1376 1957,1376 2019,1376 2081,1376 2144,1376"/>
                <TextEquiv>
                    <Unicode>das Drama geht doch über all das noch hinaus. Das Thema</Unicode>
                </TextEquiv>
            </TextLine>
            <TextLine id="r1l10" custom="readingOrder {index:9;}">
                <Coords points="885,1421 2147,1426 2014,1388 885,1388"/>
                <Baseline points="893,1426 955,1426 1017,1427 1080,1428 1142,1428 1204,1428 1267,1429 1329,1429 1391,1429 1454,1430 1516,1430 1578,1430 1641,1430 1703,1430 1765,1430 1828,1431 1890,1431 1952,1431 2015,1431 2077,1431 2140,1431"/>
                <TextEquiv>
                    <Unicode>des Pantheismus mit seinen zahlreichen Variationen ist das</Unicode>
                </TextEquiv>
            </TextLine>
            <TextLine id="r1l11" custom="readingOrder {index:10;}">
                <Coords points="888,1488 2107,1503 2146,1458 888,1450"/>
                <Baseline points="896,1483 958,1483 1020,1482 1082,1482 1144,1482 1206,1482 1268,1482 1330,1483 1392,1483 1454,1483 1517,1484 1579,1484 1641,1485 1703,1485 1765,1486 1827,1486 1889,1487 1951,1488 2013,1488 2075,1489 2138,1490"/>
                <TextEquiv>
                    <Unicode>große Problem der europäischen Welt seit den Tagen Giordano</Unicode>
                </TextEquiv>
            </TextLine>
            <TextLine id="r1l12" custom="readingOrder {index:11;}">
                <Coords points="885,1540 2148,1554 2148,1518 1986,1499 886,1497"/>
                <Baseline points="894,1537 956,1537 1018,1537 1080,1538 1143,1538 1205,1539 1267,1540 1330,1541 1392,1541 1454,1542 1517,1542 1579,1543 1641,1544 1703,1544 1766,1544 1828,1545 1890,1545 1953,1545 2015,1545 2077,1544 2140,1544"/>
                <TextEquiv>
                    <Unicode>Brunos; die Neuzeit lebt und webt in ihm; über Jahrhunderte</Unicode>
                </TextEquiv>
            </TextLine>
            <TextLine id="r1l13" custom="readingOrder {index:12;}">
                <Coords points="893,1596 1366,1629 2144,1602 2045,1551 893,1560"/>
                <Baseline points="900,1594 961,1595 1023,1596 1085,1597 1147,1598 1209,1599 1270,1599 1332,1600 1394,1600 1456,1600 1518,1600 1579,1600 1641,1600 1703,1601 1765,1601 1827,1601 1888,1601 1950,1601 2012,1602 2074,1603 2136,1603"/>
                <TextEquiv>
                    <Unicode>erstrecken sich die Lösungsversuche der Fragen, welche die „Ver¬</Unicode>
                </TextEquiv>
            </TextLine>
            <TextLine id="r1l14" custom="readingOrder {index:13;}">
                <Coords points="883,1666 946,1674 1000,1655 1132,1668 1184,1653 1313,1677 1382,1661 1383,1628 1333,1614 1221,1624 1196,1606 884,1616"/>
                <Baseline points="892,1649 917,1648 942,1647 968,1647 993,1647 1019,1647 1044,1647 1069,1648 1095,1648 1120,1648 1146,1649 1171,1649 1197,1650 1222,1650 1247,1651 1273,1651 1298,1652 1324,1653 1349,1653 1375,1654"/>
                <TextEquiv>
                    <Unicode>sunkene Glocke“ anregt.</Unicode>
                </TextEquiv>
            </TextLine>
            <TextLine id="r1l15" custom="readingOrder {index:14;}">
                <Coords points="985,1711 2140,1717 2140,1674 2060,1663 985,1664"/>
                <Baseline points="992,1704 1049,1706 1106,1708 1163,1709 1220,1710 1277,1711 1334,1711 1391,1711 1448,1711 1505,1711 1562,1710 1619,1710 1676,1709 1733,1709 1790,1709 1847,1709 1904,1709 1961,1710 2018,1710 2075,1711 2132,1713"/>
                <TextEquiv>
                    <Unicode>So ist auch die Form nicht mehr die des naturalistischen</Unicode>
                </TextEquiv>
            </TextLine>
            <TextLine id="r1l16" custom="readingOrder {index:15;}">
                <Coords points="875,1758 2139,1777 2092,1725 876,1719"/>
                <Baseline points="884,1761 946,1761 1008,1762 1071,1763 1133,1763 1196,1764 1258,1765 1320,1765 1383,1766 1445,1766 1508,1767 1570,1767 1632,1768 1695,1768 1757,1768 1820,1768 1882,1768 1944,1768 2007,1768 2069,1768 2132,1767"/>
                <TextEquiv>
                    <Unicode>Impressionismus. Sie ist sozusagen dauerhafter empfunden</Unicode>
                </TextEquiv>
            </TextLine>
            <TextLine id="r1l17" custom="readingOrder {index:16;}">
                <Coords points="887,1822 2147,1826 2059,1780 887,1781"/>
                <Baseline points="894,1816 956,1817 1018,1818 1080,1819 1143,1820 1205,1821 1267,1821 1330,1822 1392,1822 1454,1822 1517,1823 1579,1823 1641,1823 1703,1823 1766,1823 1828,1823 1890,1823 1953,1823 2015,1823 2077,1823 2140,1823"/>
                <TextEquiv>
                    <Unicode>als bloß modern, und sie nimmt darum manches vom alten</Unicode>
                </TextEquiv>
            </TextLine>
            <TextLine id="r1l18" custom="readingOrder {index:17;}">
                <Coords points="872,1873 2142,1902 2143,1853 1985,1832 873,1848"/>
                <Baseline points="880,1873 942,1874 1005,1875 1068,1876 1130,1877 1193,1878 1256,1878 1318,1879 1381,1879 1444,1880 1507,1880 1569,1881 1632,1881 1695,1881 1757,1881 1820,1881 1883,1881 1945,1881 2008,1881 2071,1880 2134,1880"/>
                <TextEquiv>
                    <Unicode>Drama auf. Der Inhalt des Ganzen ist zwar einfach und</Unicode>
                </TextEquiv>
            </TextLine>
            <TextLine id="r1l19" custom="readingOrder {index:18;}">
                <Coords points="888,1941 2131,1945 2131,1904 2059,1893 888,1899"/>
                <Baseline points="895,1935 956,1934 1017,1933 1079,1933 1140,1933 1202,1933 1263,1933 1324,1934 1386,1934 1447,1935 1509,1935 1570,1936 1631,1937 1693,1938 1754,1939 1816,1939 1877,1940 1938,1941 2000,1941 2061,1941 2123,1942"/>
                <TextEquiv>
                    <Unicode>läßt der Schilderung Raum; dennoch ergiebt sich gegenüber</Unicode>
                </TextEquiv>
            </TextLine>
            <TextLine id="r1l20" custom="readingOrder {index:19;}">
                <Coords points="878,1983 2139,2001 2106,1954 1932,1945 879,1947"/>
                <Baseline points="887,1987 949,1988 1011,1988 1073,1988 1135,1989 1198,1989 1260,1989 1322,1990 1384,1990 1446,1991 1509,1991 1571,1992 1633,1992 1695,1993 1757,1993 1820,1994 1882,1994 1944,1994 2006,1995 2068,1995 2131,1996"/>
                <TextEquiv>
                    <Unicode>dem reinen Katastrophendrama ein Mehr von Handlung, und</Unicode>
                </TextEquiv>
            </TextLine>
            <TextLine id="r1l21" custom="readingOrder {index:20;}">
                <Coords points="878,2059 2039,2075 2130,2072 2131,2019 878,2012"/>
                <Baseline points="886,2044 947,2045 1009,2045 1071,2046 1133,2046 1195,2046 1257,2047 1318,2047 1380,2047 1442,2047 1504,2047 1566,2048 1628,2048 1690,2048 1751,2049 1813,2049 1875,2050 1937,2051 1999,2052 2061,2053 2123,2054"/>
                <TextEquiv>
                    <Unicode>zu deren Lösung werden einige Verwicklungen nicht geschent.</Unicode>
                </TextEquiv>
            </TextLine>
            <TextLine id="r1l22" custom="readingOrder {index:21;}">
                <Coords points="876,2104 2133,2126 2133,2072 2015,2061 876,2068"/>
                <Baseline points="883,2101 945,2102 1007,2102 1069,2102 1131,2103 1193,2103 1255,2103 1318,2103 1380,2103 1442,2103 1504,2104 1566,2104 1628,2104 1690,2104 1753,2105 1815,2105 1877,2106 1939,2106 2001,2107 2063,2108 2126,2109"/>
                <TextEquiv>
                    <Unicode>Fernab stehen wir dem Intriguendrama, aber auch die Grenze</Unicode>
                </TextEquiv>
            </TextLine>
            <TextLine id="r1l23" custom="readingOrder {index:22;}">
                <Coords points="885,2152 2123,2187 2143,2130 885,2113"/>
                <Baseline points="893,2158 955,2158 1017,2158 1079,2158 1141,2158 1203,2158 1265,2158 1327,2158 1389,2158 1451,2159 1513,2159 1575,2159 1637,2160 1699,2161 1761,2161 1823,2162 1885,2163 1947,2163 2009,2164 2071,2165 2134,2166"/>
                <TextEquiv>
                    <Unicode>des Zustandsdramas ist überschritten. Eine neue Auffassung</Unicode>
                </TextEquiv>
            </TextLine>
            <TextLine id="r1l24" custom="readingOrder {index:23;}">
                <Coords points="880,2211 2141,2229 2141,2183 2025,2173 881,2172"/>
                <Baseline points="888,2210 950,2211 1012,2212 1074,2213 1137,2214 1199,2214 1261,2214 1323,2214 1386,2214 1448,2214 1510,2215 1572,2215 1635,2215 1697,2215 1759,2215 1821,2215 1884,2216 1946,2217 2008,2218 2070,2219 2133,2220"/>
                <TextEquiv>
                    <Unicode>des Schicksals, dem gegenüber die Selbständigkeit des Helden</Unicode>
                </TextEquiv>
            </TextLine>
            <TextLine id="r1l25" custom="readingOrder {index:24;}">
                <Coords points="886,2291 2144,2273 2026,2225 886,2235"/>
                <Baseline points="894,2268 956,2268 1018,2269 1080,2269 1142,2270 1204,2270 1266,2271 1328,2272 1390,2272 1452,2273 1515,2274 1577,2274 1639,2275 1701,2275 1763,2275 1825,2275 1887,2275 1949,2275 2011,2275 2073,2274 2136,2273"/>
                <TextEquiv>
                    <Unicode>größer erscheint als bisher, schafft eine neue dramatische Form.</Unicode>
                </TextEquiv>
            </TextLine>
            <TextLine id="r1l26" custom="readingOrder {index:25;}">
                <Coords points="978,2325 2130,2335 2027,2285 978,2294"/>
                <Baseline points="986,2321 1042,2322 1099,2323 1156,2324 1213,2325 1270,2326 1327,2326 1383,2326 1440,2326 1497,2327 1554,2327 1611,2327 1668,2327 1725,2327 1781,2327 1838,2328 1895,2328 1952,2329 2009,2330 2066,2331 2123,2333"/>
                <TextEquiv>
                    <Unicode>Und auch im Einzelnen der Technik vollzieht sich ein Aus¬</Unicode>
                </TextEquiv>
            </TextLine>
            <TextLine id="r1l27" custom="readingOrder {index:26;}">
                <Coords points="885,2391 2009,2405 2133,2390 2134,2357 886,2355"/>
                <Baseline points="894,2383 955,2382 1017,2382 1078,2381 1140,2381 1202,2381 1263,2381 1325,2381 1386,2381 1448,2382 1510,2382 1571,2383 1633,2383 1694,2384 1756,2385 1818,2385 1879,2386 1941,2387 2002,2388 2064,2388 2126,2389"/>
                <TextEquiv>
                    <Unicode>gleich zwischen alt und neu. Das Märchendrama scheint den</Unicode>
                </TextEquiv>
            </TextLine>
            <TextLine id="r1l28" custom="readingOrder {index:27;}">
                <Coords points="872,2437 2144,2452 2144,2412 2056,2396 873,2404"/>
                <Baseline points="881,2438 943,2438 1006,2438 1069,2438 1132,2438 1194,2438 1257,2438 1320,2438 1383,2438 1445,2438 1508,2439 1571,2439 1634,2439 1696,2440 1759,2440 1822,2440 1885,2441 1947,2442 2010,2442 2073,2443 2136,2444"/>
                <TextEquiv>
                    <Unicode>Vers zu verlangen: er tritt auf, und zwar in einzelnen Partien</Unicode>
                </TextEquiv>
            </TextLine>
            <TextLine id="r1l29" custom="readingOrder {index:28;}">
                <Coords points="881,2495 2134,2509 2134,2468 2052,2450 881,2453"/>
                <Baseline points="889,2494 950,2494 1012,2494 1074,2494 1136,2494 1198,2494 1260,2495 1321,2495 1383,2495 1445,2496 1507,2496 1569,2497 1631,2497 1693,2497 1754,2498 1816,2498 1878,2498 1940,2498 2002,2498 2064,2498 2126,2498"/>
                <TextEquiv>
                    <Unicode>in großer Schönheit und Vollendung. Aber gleichwohl bleiben</Unicode>
                </TextEquiv>
            </TextLine>
            <TextLine id="r1l30" custom="readingOrder {index:29;}">
                <Coords points="878,2551 2130,2565 2130,2524 2047,2510 878,2522"/>
                <Baseline points="885,2552 946,2551 1008,2551 1070,2550 1132,2550 1194,2550 1256,2550 1317,2550 1379,2550 1441,2550 1503,2550 1565,2550 1627,2550 1689,2550 1750,2551 1812,2551 1874,2551 1936,2552 1998,2552 2060,2553 2122,2553"/>
                <TextEquiv>
                    <Unicode>die wesentlichen Errungenschaften des naturalistischen Im¬</Unicode>
                </TextEquiv>
            </TextLine>
            <TextLine id="r1l31" custom="readingOrder {index:30;}">
                <Coords points="872,2612 2136,2614 2136,2582 2010,2557 872,2569"/>
                <Baseline points="880,2611 942,2610 1004,2609 1067,2608 1129,2607 1192,2607 1254,2607 1316,2607 1379,2607 1441,2607 1504,2607 1566,2608 1628,2608 1691,2609 1753,2610 1816,2610 1878,2611 1940,2611 2003,2611 2065,2612 2128,2612"/>
                <TextEquiv>
                    <Unicode>pressionismus. Die Charakteristik ist scharf und scheut keine</Unicode>
                </TextEquiv>
            </TextLine>
            <TextLine id="r1l32" custom="readingOrder {index:31;}">
                <Coords points="878,2671 2134,2673 2090,2623 878,2622"/>
                <Baseline points="885,2664 947,2664 1009,2664 1071,2664 1133,2663 1195,2663 1257,2663 1319,2663 1381,2663 1443,2663 1505,2663 1567,2663 1629,2663 1691,2664 1753,2664 1815,2664 1877,2665 1939,2665 2001,2666 2063,2666 2126,2667"/>
                <TextEquiv>
                    <Unicode>Härten. Für den Bau der Sprache und des Verses ist es</Unicode>
                </TextEquiv>
            </TextLine>
            <TextLine id="r1l33" custom="readingOrder {index:32;}">
                <Coords points="873,2720 2132,2716 2019,2674 873,2671"/>
                <Baseline points="880,2716 942,2718 1004,2720 1066,2721 1128,2721 1191,2722 1253,2722 1315,2722 1377,2721 1439,2721 1502,2720 1564,2720 1626,2719 1688,2719 1750,2719 1813,2719 1875,2719 1937,2720 1999,2721 2061,2723 2124,2724"/>
                <TextEquiv>
                    <Unicode>bezeichnend, daß mitten unter hochdeutsch redenden Personen</Unicode>
                </TextEquiv>
            </TextLine>
            <TextLine id="r1l34" custom="readingOrder {index:33;}">
                <Coords points="875,2773 2131,2784 2060,2735 875,2734"/>
                <Baseline points="883,2774 945,2775 1007,2775 1069,2776 1131,2776 1193,2776 1255,2776 1317,2776 1379,2776 1441,2776 1503,2776 1565,2776 1627,2776 1689,2776 1751,2777 1813,2777 1875,2778 1937,2778 1999,2779 2061,2781 2123,2782"/>
                <TextEquiv>
                    <Unicode>die alte Wittichen sich ihres ebenfalls in Verse gebrachten</Unicode>
                </TextEquiv>
            </TextLine>
            <TextLine id="r1l35" custom="readingOrder {index:34;}">
                <Coords points="880,2846 2136,2831 2007,2787 880,2805"/>
                <Baseline points="888,2832 950,2832 1012,2832 1074,2832 1136,2832 1198,2832 1260,2832 1322,2832 1384,2832 1446,2832 1508,2832 1570,2832 1632,2832 1694,2833 1756,2833 1818,2833 1880,2833 1942,2834 2004,2834 2066,2835 2128,2835"/>
                <TextEquiv>
                    <Unicode>gründlich dialektischen Schlesisch bedienen kann, ohne daß das</Unicode>
                </TextEquiv>
            </TextLine>
            <TextLine id="r1l36" custom="readingOrder {index:35;}">
                <Coords points="883,2893 2098,2905 2140,2849 884,2855"/>
                <Baseline points="892,2884 954,2884 1016,2884 1078,2885 1140,2885 1202,2886 1264,2886 1326,2886 1388,2887 1450,2887 1512,2888 1574,2888 1636,2889 1698,2889 1760,2890 1822,2890 1884,2891 1946,2891 2008,2892 2070,2892 2132,2893"/>
                <TextEquiv>
                    <Unicode>in Sprache wie Rhythmus auffällt. Ja gerade der Vers wirkt</Unicode>
                </TextEquiv>
            </TextLine>
            <TextLine id="r1l37" custom="readingOrder {index:36;}">
                <Coords points="880,2941 2134,2951 2015,2895 880,2913"/>
                <Baseline points="888,2940 949,2940 1011,2940 1073,2940 1135,2940 1197,2940 1259,2941 1321,2941 1383,2941 1445,2942 1507,2942 1568,2943 1630,2943 1692,2944 1754,2944 1816,2944 1878,2945 1940,2945 2002,2945 2064,2945 2126,2945"/>
                <TextEquiv>
                    <Unicode>hier versöhnend. Das krasse Nebeneinander von Wirtlichkeits¬</Unicode>
                </TextEquiv>
            </TextLine>
            <TextLine id="r1l38" custom="readingOrder {index:37;}">
                <Coords points="876,2995 2137,3019 2137,2962 876,2959"/>
                <Baseline points="884,2997 946,2997 1008,2998 1070,2998 1132,2998 1195,2999 1257,2999 1319,2999 1381,2999 1443,2999 1506,3000 1568,3000 1630,3000 1692,3000 1754,3001 1817,3001 1879,3002 1941,3003 2003,3003 2065,3004 2128,3005"/>
                <TextEquiv>
                    <Unicode>und Phantasiescenen in „Hanneles Himmelfahrt“ wird dadurch</Unicode>
                </TextEquiv>
            </TextLine>
            <TextLine id="r1l39" custom="readingOrder {index:38;}">
                <Coords points="878,3068 2082,3080 2133,3027 878,3017"/>
                <Baseline points="886,3048 947,3049 1009,3050 1071,3051 1133,3051 1195,3052 1257,3053 1319,3053 1381,3054 1443,3054 1505,3054 1566,3055 1628,3055 1690,3056 1752,3056 1814,3056 1876,3057 1938,3057 2000,3058 2062,3058 2124,3059"/>
                <TextEquiv>
                    <Unicode>vermieden; die höhere Form mildert, ja verbindet die Gegensätze.</Unicode>
                </TextEquiv>
            </TextLine>
            <TextLine id="r1l40" custom="readingOrder {index:39;}">
                <Coords points="963,3121 2142,3124 2106,3078 2006,3066 1897,3094 964,3063"/>
                <Baseline points="972,3109 1030,3109 1088,3109 1146,3109 1204,3109 1262,3109 1320,3109 1378,3109 1436,3110 1494,3110 1553,3110 1611,3110 1669,3111 1727,3111 1785,3111 1843,3112 1901,3112 1959,3113 2017,3114 2075,3114 2134,3115"/>
                <TextEquiv>
                    <Unicode>Nach der „Versunkenen Glocke“ ist Hauptmann neuerdings</Unicode>
                </TextEquiv>
            </TextLine>
            <TextLine id="r1l41" custom="readingOrder {index:40;}">
                <Coords points="882,3163 2105,3190 2140,3138 882,3146"/>
                <Baseline points="890,3163 952,3164 1014,3165 1076,3167 1138,3167 1200,3168 1262,3169 1324,3170 1386,3170 1448,3171 1511,3171 1573,3171 1635,3171 1697,3171 1759,3171 1821,3171 1883,3171 1945,3171 2007,3171 2069,3170 2132,3170"/>
                <TextEquiv>
                    <Unicode>noch einmal in „Schluck und Jau“ (1899) halb und halb auf</Unicode>
                </TextEquiv>
            </TextLine>
            <TextLine id="r1l42" custom="readingOrder {index:41;}">
                <Coords points="878,3226 1811,3258 2152,3223 1907,3175 1847,3208 879,3185"/>
                <Baseline points="886,3215 948,3218 1011,3220 1074,3222 1137,3223 1200,3225 1263,3226 1326,3227 1389,3228 1452,3228 1515,3229 1577,3229 1640,3229 1703,3229 1766,3229 1829,3229 1892,3229 1955,3229 2018,3229 2081,3229 2144,3229"/>
                <TextEquiv>
                    <Unicode>die Form des Märchendramas zurückgekommen. Schluck und</Unicode>
                </TextEquiv>
            </TextLine>
            <TextLine id="r1l43" custom="readingOrder {index:42;}">
                <Coords points="1783,3731 1793,3731 1811,3720 1821,3730 1828,3729 1836,3739 1846,3733 1863,3734 1869,3654 1839,3656 1820,3646 1807,3650 1789,3646"/>
                <Baseline points="1794,3697 1826,3697 1858,3701"/>
                <TextEquiv>
                    <Unicode></Unicode>
                </TextEquiv>
            </TextLine>
            <TextLine id="r1l44" custom="readingOrder {index:43;}">
                <Coords points="1881,3728 1897,3727 1917,3734 1932,3723 1940,3726 1953,3721 1999,3731 2004,3653 1971,3654 1963,3650 1953,3655 1947,3648 1919,3648 1909,3654 1885,3655"/>
                <Baseline points="1890,3701 1915,3704 1941,3706 1966,3707 1992,3707"/>
                <TextEquiv>
                    <Unicode></Unicode>
                </TextEquiv>
            </TextLine>
            <TextLine id="r1l45" custom="readingOrder {index:44;}">
                <Coords points="2077,3745 2088,3746 2114,3733 2122,3737 2127,3734 2135,3735 2143,3653 2131,3650 2118,3654 2108,3651 2101,3651 2095,3655 2086,3654"/>
                <Baseline points="2089,3709 2129,3713"/>
                <TextEquiv>
                    <Unicode>50</Unicode>
                </TextEquiv>
            </TextLine>
            <TextEquiv>
                <Unicode>—.—
box 36/1
et
1. Panph Offprints
Dichtung.
344
worden war, entsprechend der vornehmlich künstlerischen Vor¬
wärtsentwicklung der Nation seit den fünfziger Jahren. Aber
das Drama geht doch über all das noch hinaus. Das Thema
des Pantheismus mit seinen zahlreichen Variationen ist das
große Problem der europäischen Welt seit den Tagen Giordano
Brunos; die Neuzeit lebt und webt in ihm; über Jahrhunderte
erstrecken sich die Lösungsversuche der Fragen, welche die „Ver¬
sunkene Glocke“ anregt.
So ist auch die Form nicht mehr die des naturalistischen
Impressionismus. Sie ist sozusagen dauerhafter empfunden
als bloß modern, und sie nimmt darum manches vom alten
Drama auf. Der Inhalt des Ganzen ist zwar einfach und
läßt der Schilderung Raum; dennoch ergiebt sich gegenüber
dem reinen Katastrophendrama ein Mehr von Handlung, und
zu deren Lösung werden einige Verwicklungen nicht geschent.
Fernab stehen wir dem Intriguendrama, aber auch die Grenze
des Zustandsdramas ist überschritten. Eine neue Auffassung
des Schicksals, dem gegenüber die Selbständigkeit des Helden
größer erscheint als bisher, schafft eine neue dramatische Form.
Und auch im Einzelnen der Technik vollzieht sich ein Aus¬
gleich zwischen alt und neu. Das Märchendrama scheint den
Vers zu verlangen: er tritt auf, und zwar in einzelnen Partien
in großer Schönheit und Vollendung. Aber gleichwohl bleiben
die wesentlichen Errungenschaften des naturalistischen Im¬
pressionismus. Die Charakteristik ist scharf und scheut keine
Härten. Für den Bau der Sprache und des Verses ist es
bezeichnend, daß mitten unter hochdeutsch redenden Personen
die alte Wittichen sich ihres ebenfalls in Verse gebrachten
gründlich dialektischen Schlesisch bedienen kann, ohne daß das
in Sprache wie Rhythmus auffällt. Ja gerade der Vers wirkt
hier versöhnend. Das krasse Nebeneinander von Wirtlichkeits¬
und Phantasiescenen in „Hanneles Himmelfahrt“ wird dadurch
vermieden; die höhere Form mildert, ja verbindet die Gegensätze.
Nach der „Versunkenen Glocke“ ist Hauptmann neuerdings
noch einmal in „Schluck und Jau“ (1899) halb und halb auf
die Form des Märchendramas zurückgekommen. Schluck und


50</Unicode>
            </TextEquiv>
        </TextRegion>
        <TextRegion orientation="0.0" id="r2" custom="readingOrder {index:1;}">
            <Coords points="2193,3613 2193,3765 2226,3765 2226,3613"/>
            <TextLine id="r2l1" custom="readingOrder {index:0;}">
                <Coords points="2186,3740 2199,3736 2206,3727 2219,3736 2235,3736 2228,3637 2212,3635 2203,3638 2179,3638"/>
                <Baseline points="2193,3715 2226,3713"/>
                <TextEquiv>
                    <Unicode></Unicode>
                </TextEquiv>
            </TextLine>
            <TextEquiv>
                <Unicode></Unicode>
            </TextEquiv>
        </TextRegion>
        <TextRegion orientation="0.0" id="r3" custom="readingOrder {index:2;}">
            <Coords points="2589,1138 2589,4135 3342,4135 3342,1138"/>
            <TextLine id="r3l1" custom="readingOrder {index:0;}">
                <Coords points="3131,1165 3163,1172 3182,1164 3197,1175 3216,1166 3224,1174 3232,1170 3245,1177 3256,1171 3273,1182 3319,1177 3319,1144 3291,1141 3273,1125 3237,1136 3221,1133 3206,1118 3173,1117 3159,1106 3132,1112"/>
                <Baseline points="3139,1165 3167,1165 3196,1165 3225,1165 3253,1166 3282,1166 3311,1165"/>
                <TextEquiv>
                    <Unicode>Dichtung.</Unicode>
                </TextEquiv>
            </TextLine>
            <TextLine id="r3l2" custom="readingOrder {index:1;}">
                <Coords points="2601,1273 3128,1293 3299,1270 3341,1293 3352,1220 3283,1249 3233,1224 3005,1242 2917,1215 2822,1246 2782,1218 2699,1240 2602,1227"/>
                <Baseline points="2610,1267 2646,1266 2683,1266 2719,1266 2756,1266 2793,1267 2829,1268 2866,1269 2902,1270 2939,1271 2976,1273 3012,1274 3049,1275 3085,1276 3122,1277 3159,1278 3195,1278 3232,1278 3268,1277 3305,1276 3342,1275"/>
                <TextEquiv>
                    <Unicode>Jau sind zwei arme Teufel und D</Unicode>
                </TextEquiv>
            </TextLine>
            <TextLine id="r3l3" custom="readingOrder {index:2;}">
                <Coords points="2602,1320 2695,1346 3343,1347 3344,1293 3222,1280 3147,1301 2603,1283"/>
                <Baseline points="2610,1321 2646,1322 2682,1322 2718,1324 2755,1324 2791,1325 2827,1327 2864,1328 2900,1329 2936,1330 2973,1331 3009,1332 3045,1333 3081,1334 3118,1334 3154,1334 3190,1334 3227,1334 3263,1333 3299,1332 3336,1330"/>
                <TextEquiv>
                    <Unicode>Thoren eines märchenhaften Fürstensc</Unicode>
                </TextEquiv>
            </TextLine>
            <TextLine id="r3l4" custom="readingOrder {index:3;}">
                <Coords points="2603,1384 2919,1408 3306,1392 3337,1413 3351,1358 3176,1358 3132,1335 3064,1359 3002,1339 2603,1347"/>
                <Baseline points="2610,1377 2646,1378 2683,1379 2719,1380 2756,1381 2793,1382 2829,1383 2866,1384 2902,1385 2939,1386 2976,1386 3012,1387 3049,1387 3085,1388 3122,1389 3159,1389 3195,1389 3232,1390 3268,1390 3305,1390 3342,1391"/>
                <TextEquiv>
                    <Unicode>und durch entsprechende Simulatione</Unicode>
                </TextEquiv>
            </TextLine>
            <TextLine id="r3l5" custom="readingOrder {index:4;}">
                <Coords points="2596,1442 3350,1463 3351,1407 2597,1395"/>
                <Baseline points="2604,1434 2640,1436 2677,1437 2714,1438 2751,1440 2788,1440 2825,1441 2862,1442 2899,1442 2936,1443 2973,1443 3009,1443 3046,1443 3083,1443 3120,1443 3157,1443 3194,1444 3231,1444 3268,1444 3305,1444 3342,1445"/>
                <TextEquiv>
                    <Unicode>Teilnahme des wirklichen Fürsten da</Unicode>
                </TextEquiv>
            </TextLine>
            <TextLine id="r3l6" custom="readingOrder {index:5;}">
                <Coords points="2602,1509 3349,1519 3349,1464 3296,1458 2602,1460"/>
                <Baseline points="2610,1494 2646,1496 2683,1497 2719,1497 2756,1498 2792,1498 2829,1499 2865,1499 2902,1499 2938,1499 2975,1499 3012,1499 3048,1499 3085,1499 3121,1499 3158,1499 3194,1499 3231,1499 3267,1499 3304,1499 3341,1500"/>
                <TextEquiv>
                    <Unicode>sich selbst für Fürst und Fürstin zu</Unicode>
                </TextEquiv>
            </TextLine>
            <TextLine id="r3l7" custom="readingOrder {index:6;}">
                <Coords points="2593,1551 3343,1577 3344,1517 2708,1504 2593,1523"/>
                <Baseline points="2600,1550 2636,1551 2673,1552 2710,1553 2747,1554 2784,1554 2820,1554 2857,1554 2894,1554 2931,1554 2968,1554 3004,1554 3041,1554 3078,1554 3115,1553 3152,1554 3188,1554 3225,1555 3262,1555 3299,1556 3336,1557"/>
                <TextEquiv>
                    <Unicode>das bei Schluck zum Erschrecken gut,</Unicode>
                </TextEquiv>
            </TextLine>
            <TextLine id="r3l8" custom="readingOrder {index:7;}">
                <Coords points="2599,1605 2746,1628 3348,1625 3349,1575 3283,1565 2600,1578"/>
                <Baseline points="2607,1608 2643,1609 2680,1609 2717,1609 2753,1609 2790,1609 2827,1609 2863,1609 2900,1609 2937,1609 2974,1608 3010,1609 3047,1609 3084,1609 3120,1609 3157,1609 3194,1610 3230,1611 3267,1611 3304,1613 3341,1614"/>
                <TextEquiv>
                    <Unicode>in seinem ganzen möglichen Umfang</Unicode>
                </TextEquiv>
            </TextLine>
            <TextLine id="r3l9" custom="readingOrder {index:8;}">
                <Coords points="2596,1669 2690,1687 2778,1660 2852,1684 3327,1669 3255,1622 2829,1619 2795,1643 2674,1617 2596,1644"/>
                <Baseline points="2603,1666 2638,1666 2674,1666 2710,1666 2746,1666 2782,1666 2817,1666 2853,1666 2889,1666 2925,1666 2961,1666 2996,1666 3032,1666 3068,1666 3104,1667 3140,1667 3175,1667 3211,1667 3247,1667 3283,1667 3319,1666"/>
                <TextEquiv>
                    <Unicode>gelingt. Der Stoff ist alt, die</Unicode>
                </TextEquiv>
            </TextLine>
            <TextLine id="r3l10" custom="readingOrder {index:9;}">
                <Coords points="2592,1722 3349,1742 3350,1687 3241,1678 2593,1685"/>
                <Baseline points="2600,1718 2637,1718 2674,1718 2711,1718 2748,1718 2785,1718 2822,1718 2859,1718 2896,1718 2933,1718 2971,1718 3008,1718 3045,1719 3082,1719 3119,1720 3156,1720 3193,1721 3230,1723 3267,1724 3304,1726 3342,1728"/>
                <TextEquiv>
                    <Unicode>Zwar führen die bewußten Anlehnung</Unicode>
                </TextEquiv>
            </TextLine>
            <TextLine id="r3l11" custom="readingOrder {index:10;}">
                <Coords points="2602,1781 3344,1784 3344,1741 3275,1733 2603,1743"/>
                <Baseline points="2611,1774 2647,1775 2683,1776 2719,1777 2756,1777 2792,1777 2828,1777 2864,1778 2901,1778 2937,1777 2973,1777 3009,1777 3046,1777 3082,1777 3118,1777 3154,1777 3191,1777 3227,1777 3263,1777 3299,1778 3336,1778"/>
                <TextEquiv>
                    <Unicode>in der Sprache wie in der Zeichnun</Unicode>
                </TextEquiv>
            </TextLine>
            <TextLine id="r3l12" custom="readingOrder {index:11;}">
                <Coords points="2599,1845 3279,1854 3342,1837 3342,1785 3186,1805 2599,1790"/>
                <Baseline points="2607,1833 2643,1832 2679,1832 2716,1832 2752,1831 2788,1831 2825,1831 2861,1831 2897,1832 2934,1832 2970,1832 3006,1832 3043,1832 3079,1833 3115,1833 3152,1833 3188,1834 3224,1834 3261,1834 3297,1834 3334,1834"/>
                <TextEquiv>
                    <Unicode>heitere Märchenton, der namentlich b</Unicode>
                </TextEquiv>
            </TextLine>
            <TextLine id="r3l13" custom="readingOrder {index:12;}">
                <Coords points="2602,1892 2995,1909 3057,1889 3146,1912 3231,1890 3329,1912 3350,1847 2602,1846"/>
                <Baseline points="2610,1887 2646,1887 2683,1887 2719,1888 2756,1888 2793,1888 2829,1888 2866,1888 2902,1888 2939,1889 2976,1889 3012,1889 3049,1890 3085,1890 3122,1891 3159,1891 3195,1892 3232,1892 3268,1893 3305,1894 3342,1895"/>
                <TextEquiv>
                    <Unicode>Liebe des Fürsten zur Sidselill ange</Unicode>
                </TextEquiv>
            </TextLine>
            <TextLine id="r3l14" custom="readingOrder {index:13;}">
                <Coords points="2597,1952 3349,1957 3339,1906 3033,1916 2867,1894 2756,1919 2597,1900"/>
                <Baseline points="2605,1940 2641,1941 2678,1943 2715,1944 2752,1944 2789,1945 2825,1945 2862,1946 2899,1946 2936,1946 2973,1946 3009,1945 3046,1945 3083,1945 3120,1945 3157,1944 3193,1944 3230,1944 3267,1943 3304,1943 3341,1943"/>
                <TextEquiv>
                    <Unicode>minder auch die skizzierende Art der</Unicode>
                </TextEquiv>
            </TextLine>
            <TextLine id="r3l15" custom="readingOrder {index:14;}">
                <Coords points="2601,2003 3264,2021 3350,2012 3351,1962 2776,1969 2682,1948 2602,1973"/>
                <Baseline points="2610,1997 2646,1999 2683,1999 2719,2001 2756,2001 2793,2002 2829,2002 2866,2002 2902,2002 2939,2003 2976,2003 3012,2003 3049,2003 3085,2003 3122,2003 3159,2003 3195,2004 3232,2004 3268,2005 3305,2006 3342,2007"/>
                <TextEquiv>
                    <Unicode>Schilderung des Hofes und Hofgesin</Unicode>
                </TextEquiv>
            </TextLine>
            <TextLine id="r3l16" custom="readingOrder {index:15;}">
                <Coords points="2596,2053 2658,2075 2690,2052 3307,2075 3349,2069 3350,2016 2596,2013"/>
                <Baseline points="2603,2052 2641,2053 2680,2054 2719,2055 2758,2055 2797,2056 2836,2056 2875,2056 2914,2056 2953,2057 2991,2057 3030,2057 3069,2057 3108,2057 3147,2058 3186,2058 3225,2059 3264,2060 3303,2061 3342,2062"/>
                <TextEquiv>
                    <Unicode>das romantische Land, das hier und de</Unicode>
                </TextEquiv>
            </TextLine>
            <TextLine id="r3l17" custom="readingOrder {index:16;}">
                <Coords points="2603,2118 3349,2119 3337,2073 2604,2068"/>
                <Baseline points="2612,2109 2648,2110 2685,2111 2721,2111 2758,2112 2794,2112 2831,2112 2867,2112 2904,2111 2940,2111 2977,2111 3013,2110 3050,2110 3086,2110 3123,2110 3159,2111 3196,2112 3232,2112 3269,2113 3305,2115 3342,2117"/>
                <TextEquiv>
                    <Unicode>französischen Liebeshöfe angedeutet wi</Unicode>
                </TextEquiv>
            </TextLine>
            <TextLine id="r3l18" custom="readingOrder {index:17;}">
                <Coords points="2601,2183 3349,2185 3350,2119 3301,2141 2602,2127"/>
                <Baseline points="2610,2165 2646,2165 2683,2166 2719,2167 2756,2167 2793,2168 2829,2168 2866,2169 2902,2169 2939,2170 2976,2170 3012,2170 3049,2171 3085,2171 3122,2171 3159,2171 3195,2171 3232,2171 3268,2171 3305,2171 3342,2171"/>
                <TextEquiv>
                    <Unicode>den Dichter eigentlich fesselt, ist doch</Unicode>
                </TextEquiv>
            </TextLine>
            <TextLine id="r3l19" custom="readingOrder {index:18;}">
                <Coords points="2597,2227 2635,2246 2825,2220 3151,2249 3331,2236 3331,2194 3233,2197 3208,2175 3069,2195 2597,2177"/>
                <Baseline points="2605,2224 2640,2224 2676,2224 2712,2223 2748,2223 2784,2223 2820,2223 2855,2222 2891,2222 2927,2222 2963,2222 2999,2222 3035,2222 3071,2222 3106,2222 3142,2223 3178,2223 3214,2224 3250,2225 3286,2226 3322,2227"/>
                <TextEquiv>
                    <Unicode>blase eines verworrenen Geschehens,</Unicode>
                </TextEquiv>
            </TextLine>
            <TextLine id="r3l20" custom="readingOrder {index:19;}">
                <Coords points="2598,2274 2961,2298 3168,2274 3276,2299 3337,2288 3338,2254 2598,2240"/>
                <Baseline points="2605,2278 2641,2276 2677,2275 2713,2275 2749,2274 2786,2275 2822,2275 2858,2275 2894,2276 2930,2277 2967,2278 3003,2279 3039,2280 3075,2281 3111,2282 3148,2282 3184,2282 3220,2282 3256,2282 3292,2282 3329,2280"/>
                <TextEquiv>
                    <Unicode>der seelischen Regungen im Grunde</Unicode>
                </TextEquiv>
            </TextLine>
            <TextLine id="r3l21" custom="readingOrder {index:20;}">
                <Coords points="2595,2327 2689,2354 2744,2331 2868,2356 3006,2338 3325,2362 3350,2356 3351,2299 2595,2292"/>
                <Baseline points="2602,2331 2639,2331 2676,2331 2713,2332 2750,2332 2787,2332 2824,2333 2861,2333 2898,2334 2935,2334 2972,2335 3009,2335 3046,2335 3083,2336 3120,2336 3157,2337 3194,2337 3231,2338 3268,2338 3305,2339 3342,2339"/>
                <TextEquiv>
                    <Unicode>armen Muß=Fürsten Schluck. Auch in</Unicode>
                </TextEquiv>
            </TextLine>
            <TextLine id="r3l22" custom="readingOrder {index:21;}">
                <Coords points="2599,2406 3285,2411 3349,2399 3350,2358 2599,2357"/>
                <Baseline points="2606,2387 2642,2388 2679,2389 2716,2390 2753,2390 2790,2391 2826,2391 2863,2391 2900,2391 2937,2391 2974,2391 3010,2391 3047,2391 3084,2391 3121,2391 3158,2392 3194,2392 3231,2392 3268,2393 3305,2394 3342,2395"/>
                <TextEquiv>
                    <Unicode>und Jau“ neben „Kollege Crampto</Unicode>
                </TextEquiv>
            </TextLine>
            <TextLine id="r3l23" custom="readingOrder {index:22;}">
                <Coords points="2588,2447 2695,2467 3350,2455 3330,2398 2588,2411"/>
                <Baseline points="2596,2443 2633,2443 2670,2443 2707,2443 2745,2443 2782,2444 2819,2444 2857,2444 2894,2444 2931,2445 2969,2446 3006,2446 3043,2446 3080,2447 3118,2448 3155,2448 3192,2449 3230,2450 3267,2451 3304,2451 3342,2452"/>
                <TextEquiv>
                    <Unicode>liegen zunächst und eigentlich Charakt</Unicode>
                </TextEquiv>
            </TextLine>
            <TextLine id="r3l24" custom="readingOrder {index:23;}">
                <Coords points="2692,2495 2843,2519 2949,2502 3350,2517 3351,2454 3229,2472 3004,2456 2951,2477 2841,2454 2801,2473 2693,2462"/>
                <Baseline points="2700,2498 2732,2499 2764,2500 2796,2502 2828,2502 2860,2503 2892,2503 2924,2503 2956,2504 2988,2504 3021,2504 3053,2504 3085,2504 3117,2504 3149,2504 3181,2504 3213,2505 3245,2505 3277,2506 3309,2506 3342,2507"/>
                <TextEquiv>
                    <Unicode>Und begann nicht auch schon in</Unicode>
                </TextEquiv>
            </TextLine>
            <TextLine id="r3l25" custom="readingOrder {index:24;}">
                <Coords points="2599,2566 3338,2581 3350,2517 2599,2518"/>
                <Baseline points="2606,2555 2642,2556 2679,2556 2716,2556 2753,2557 2790,2557 2826,2557 2863,2558 2900,2558 2937,2558 2974,2559 3010,2559 3047,2560 3084,2560 3121,2561 3158,2561 3194,2562 3231,2562 3268,2562 3305,2563 3342,2563"/>
                <TextEquiv>
                    <Unicode>im Grunde das psychologische Interes</Unicode>
                </TextEquiv>
            </TextLine>
            <TextLine id="r3l26" custom="readingOrder {index:25;}">
                <Coords points="2599,2623 3291,2632 3349,2617 3350,2586 2599,2581"/>
                <Baseline points="2606,2611 2642,2611 2679,2612 2716,2612 2753,2613 2790,2613 2826,2614 2863,2614 2900,2615 2937,2615 2974,2615 3010,2616 3047,2616 3084,2616 3121,2616 3158,2617 3194,2617 3231,2617 3268,2617 3305,2617 3342,2617"/>
                <TextEquiv>
                    <Unicode>dem Symbolismus heraus schreitet der</Unicode>
                </TextEquiv>
            </TextLine>
            <TextLine id="r3l27" custom="readingOrder {index:26;}">
                <Coords points="2595,2672 3205,2695 3339,2686 3340,2630 2595,2636"/>
                <Baseline points="2602,2667 2638,2667 2675,2667 2711,2667 2748,2667 2784,2668 2821,2668 2857,2668 2894,2669 2930,2669 2967,2670 3003,2670 3040,2670 3076,2671 3113,2671 3149,2672 3186,2672 3222,2672 3259,2672 3295,2671 3332,2671"/>
                <TextEquiv>
                    <Unicode>wicklungsperiode, der eines ausgesproch</Unicode>
                </TextEquiv>
            </TextLine>
            <TextLine id="r3l28" custom="readingOrder {index:27;}">
                <Coords points="2685,2739 3346,2736 3346,2693 3302,2680 3241,2702 3090,2678 2685,2687"/>
                <Baseline points="2693,2728 2725,2727 2757,2726 2789,2726 2822,2725 2854,2725 2886,2725 2919,2725 2951,2725 2983,2725 3016,2726 3048,2726 3080,2726 3112,2727 3145,2727 3177,2727 3209,2728 3242,2728 3274,2728 3306,2728 3339,2728"/>
                <TextEquiv>
                    <Unicode>Indes war die Periode des Trau</Unicode>
                </TextEquiv>
            </TextLine>
            <TextLine id="r3l29" custom="readingOrder {index:28;}">
                <Coords points="2594,2789 3350,2802 3351,2744 2594,2750"/>
                <Baseline points="2602,2781 2639,2780 2676,2779 2713,2779 2750,2779 2787,2779 2824,2779 2861,2780 2898,2780 2935,2780 2972,2781 3009,2781 3046,2782 3083,2782 3120,2783 3157,2783 3194,2783 3231,2783 3268,2783 3305,2783 3342,2783"/>
                <TextEquiv>
                    <Unicode>mit den Werken Hauptmanns keines</Unicode>
                </TextEquiv>
            </TextLine>
            <TextLine id="r3l30" custom="readingOrder {index:29;}">
                <Coords points="2595,2852 3350,2856 3350,2803 2707,2791 2595,2820"/>
                <Baseline points="2602,2836 2639,2836 2676,2836 2713,2836 2750,2836 2787,2836 2824,2836 2861,2837 2898,2837 2935,2837 2972,2838 3009,2838 3046,2839 3083,2839 3120,2839 3157,2840 3194,2840 3231,2840 3268,2840 3305,2841 3342,2841"/>
                <TextEquiv>
                    <Unicode>geschlossen. So brachte z. B. auch Ernst</Unicode>
                </TextEquiv>
            </TextLine>
            <TextLine id="r3l31" custom="readingOrder {index:30;}">
                <Coords points="2595,2893 2678,2914 2705,2892 3204,2918 3290,2901 3339,2921 3351,2856 2677,2848 2595,2869"/>
                <Baseline points="2602,2895 2639,2894 2676,2894 2713,2894 2750,2893 2787,2893 2824,2893 2861,2893 2898,2893 2935,2893 2972,2894 3009,2894 3046,2894 3083,2895 3120,2895 3157,2896 3194,2896 3231,2897 3268,2897 3305,2897 3342,2898"/>
                <TextEquiv>
                    <Unicode>nach Dramen eines naturalistischen I</Unicode>
                </TextEquiv>
            </TextLine>
            <TextLine id="r3l32" custom="readingOrder {index:31;}">
                <Coords points="2595,2960 3350,2968 3350,2919 3308,2909 2645,2921 2595,2899"/>
                <Baseline points="2602,2948 2639,2949 2676,2949 2713,2949 2750,2949 2787,2949 2824,2950 2861,2950 2898,2950 2935,2950 2972,2950 3009,2950 3046,2950 3083,2950 3120,2950 3157,2950 3194,2950 3231,2950 3268,2950 3305,2949 3342,2949"/>
                <TextEquiv>
                    <Unicode>dem Physiologischen schon stark ins</Unicode>
                </TextEquiv>
            </TextLine>
            <TextLine id="r3l33" custom="readingOrder {index:32;}">
                <Coords points="2593,3013 2900,3028 3040,3019 3084,2991 3145,3022 3336,3018 3336,2972 3240,2958 2968,2978 2859,2957 2773,2989 2593,2963"/>
                <Baseline points="2601,3005 2637,3005 2673,3005 2710,3005 2746,3005 2782,3006 2819,3006 2855,3006 2891,3006 2928,3006 2964,3006 3000,3006 3037,3006 3073,3007 3109,3007 3146,3007 3182,3006 3218,3006 3255,3006 3291,3006 3328,3005"/>
                <TextEquiv>
                    <Unicode>in den „Königskindern“ von 1895 e</Unicode>
                </TextEquiv>
            </TextLine>
            <TextLine id="r3l34" custom="readingOrder {index:33;}">
                <Coords points="2595,3068 3278,3080 3342,3051 3342,3016 2595,3030"/>
                <Baseline points="2603,3061 2639,3059 2676,3059 2712,3058 2749,3058 2785,3058 2822,3058 2858,3058 2895,3058 2931,3059 2968,3059 3005,3060 3041,3061 3078,3061 3114,3062 3151,3062 3187,3062 3224,3062 3260,3062 3297,3062 3334,3061"/>
                <TextEquiv>
                    <Unicode>entwicklungsgeschichtlich gelangte die</Unicode>
                </TextEquiv>
            </TextLine>
            <TextLine id="r3l35" custom="readingOrder {index:34;}">
                <Coords points="2596,3130 3247,3140 3342,3128 3342,3081 3241,3067 3106,3100 2897,3070 2851,3090 2596,3083"/>
                <Baseline points="2603,3116 2639,3115 2676,3115 2712,3115 2749,3114 2785,3114 2822,3114 2858,3115 2895,3115 2931,3115 2968,3116 3005,3116 3041,3117 3078,3117 3114,3117 3151,3118 3187,3118 3224,3118 3260,3118 3297,3118 3334,3117"/>
                <TextEquiv>
                    <Unicode>den scharfen Dualismus von Naturc</Unicode>
                </TextEquiv>
            </TextLine>
            <TextLine id="r3l36" custom="readingOrder {index:35;}">
                <Coords points="2591,3178 3283,3194 3327,3186 3328,3145 3120,3123 2874,3148 2591,3131"/>
                <Baseline points="2599,3175 2635,3174 2671,3173 2707,3173 2743,3173 2779,3173 2815,3173 2851,3174 2887,3174 2923,3174 2959,3175 2995,3176 3031,3177 3067,3177 3103,3178 3139,3178 3175,3178 3211,3178 3247,3178 3283,3178 3320,3177"/>
                <TextEquiv>
                    <Unicode>hinaus, der „Hannele“ kennzeichnet,</Unicode>
                </TextEquiv>
            </TextLine>
            <TextLine id="r3l37" custom="readingOrder {index:36;}">
                <Coords points="2581,3243 3240,3252 3281,3231 3333,3252 3344,3190 2581,3200"/>
                <Baseline points="2589,3240 2626,3238 2663,3237 2701,3235 2738,3235 2775,3235 2813,3235 2850,3235 2887,3236 2925,3237 2962,3238 2999,3239 3037,3239 3074,3240 3111,3240 3149,3240 3186,3240 3223,3239 3261,3238 3298,3236 3336,3234"/>
                <TextEquiv>
                    <Unicode>söhnung des Gegensatzes ein neues M</Unicode>
                </TextEquiv>
            </TextLine>
            <TextLine id="r3l38" custom="readingOrder {index:37;}">
                <Coords points="2714,3713 2724,3713 2741,3725 2750,3719 2769,3731 2783,3720 2793,3722 2795,3632 2734,3624 2725,3632 2717,3631"/>
                <Baseline points="2722,3699 2754,3701 2786,3701"/>
                <TextEquiv>
                    <Unicode></Unicode>
                </TextEquiv>
            </TextLine>
            <TextLine id="r3l39" custom="readingOrder {index:38;}">
                <Coords points="2874,4119 2920,4119 2934,4126 2941,4119 2961,4122 2963,4035 2942,4033 2925,4043 2914,4041 2910,4044 2897,4036 2877,4039"/>
                <Baseline points="2882,4115 2918,4115 2954,4117"/>
                <TextEquiv>
                    <Unicode></Unicode>
                </TextEquiv>
            </TextLine>
            <TextLine id="r3l40" custom="readingOrder {index:39;}">
                <Coords points="2623,4125 2676,4123 2684,4118 2722,4125 2721,4073 2710,4075 2697,4062 2686,4056 2675,4058 2670,4053 2661,4061 2655,4060 2639,4068 2631,4062 2622,4062"/>
                <Baseline points="2630,4122 2658,4121 2686,4121 2714,4120"/>
                <TextEquiv>
                    <Unicode>W</Unicode>
                </TextEquiv>
            </TextLine>
            <TextEquiv>
                <Unicode>Dichtung.
Jau sind zwei arme Teufel und D
Thoren eines märchenhaften Fürstensc
und durch entsprechende Simulatione
Teilnahme des wirklichen Fürsten da
sich selbst für Fürst und Fürstin zu
das bei Schluck zum Erschrecken gut,
in seinem ganzen möglichen Umfang
gelingt. Der Stoff ist alt, die
Zwar führen die bewußten Anlehnung
in der Sprache wie in der Zeichnun
heitere Märchenton, der namentlich b
Liebe des Fürsten zur Sidselill ange
minder auch die skizzierende Art der
Schilderung des Hofes und Hofgesin
das romantische Land, das hier und de
französischen Liebeshöfe angedeutet wi
den Dichter eigentlich fesselt, ist doch
blase eines verworrenen Geschehens,
der seelischen Regungen im Grunde
armen Muß=Fürsten Schluck. Auch in
und Jau“ neben „Kollege Crampto
liegen zunächst und eigentlich Charakt
Und begann nicht auch schon in
im Grunde das psychologische Interes
dem Symbolismus heraus schreitet der
wicklungsperiode, der eines ausgesproch
Indes war die Periode des Trau
mit den Werken Hauptmanns keines
geschlossen. So brachte z. B. auch Ernst
nach Dramen eines naturalistischen I
dem Physiologischen schon stark ins
in den „Königskindern“ von 1895 e
entwicklungsgeschichtlich gelangte die
den scharfen Dualismus von Naturc
hinaus, der „Hannele“ kennzeichnet,
söhnung des Gegensatzes ein neues M


W</Unicode>
            </TextEquiv>
        </TextRegion>
    </Page>
</PcGts>
