3344 4352
1947 174 2283 241 — —
1485 244 1941 341 box 36/1
531 253 591 324 1
226 256 1329 358 —anbets offbrints
1621 1106 1828 1180 Dichtung.
2237 1114 2345 1179 339
1109 1219 2352 1284 „Gaea“: die gegensätzliche Entwicklung des Realisten, der sich
246 1225 628 1306 rama fort, so kann
1097 1284 2350 1346 mit allen seinen Diesseitswünschen in die Welt einnistet, und
269 1295 629 1365 bolisch zu wirken,
1097 1338 2354 1383 des entsagenden Idealisten wird geschildert; und die Krone
350 1356 632 1422 tels, das auch
1102 1392 2357 1446 wirklichen Glückes fällt dem Idealisten zu. Im ganzen aber
348 1412 521 1468 n wird.
1102 1455 2360 1517 ergab sich als die Form des Symbolismus, die volkstümlich
419 1465 616 1528 Reaktions¬
1100 1521 2354 1570 wurde, doch durchaus das Traum= und noch früher das
368 1516 629 1590 s notwendig
1103 1557 2340 1615 Märchendrama; und man mag bei Erwähnung dieser That¬
399 1577 623 1646 as Märchen
1098 1620 2355 1684 sache wohl der Märchendramen Raimunds rückwärts gedenken,
442 1636 634 1700 ingsform
1094 1675 2353 1744 die bis heute der deutschen Bühne nicht verloren gegangen sind
458 1687 632 1753 u. Über
1099 1746 2359 1797 und eben in den Jahren des neuen Märchenspiels zum Teil
457 1750 629 1809 rklich die
1096 1788 1992 1855 etwas wie eine Auferstehung gefeiert haben.
515 1809 610 1862 ver¬
1202 1848 2344 1908 Im übrigen konnten die Stoffe zu den neuen Dramen am
534 1858 634 1922 und
1094 1897 2360 1955 besten fremden Litteraturen entnommen werden, namentlich den
526 1918 618 1977 Pro¬
1106 1969 2344 2020 phantastischen des Orients. Und damit war dann die Mög¬
528 1980 631 2031 nen,
1097 2010 2353 2063 lichkeit eines entscheidenden Wurfes für einen Dichter gegeben,
1102 2082 2342 2137 der vornehmlich formbegabt, aneignungsfähig und litterar¬
544 2083 623 2145 die
1094 2125 2357 2181 historisch imprägniert war. Dieser Dichter war Ludwig Fulda
520 2145 623 2205 der
1095 2181 2341 2229 (geb. 1862). Im Jahre 1892 gelangte Fuldas „Talisman“
526 2199 624 2261 und
1092 2234 2356 2304 auf die Bühne. Der außerordentliche Erfolg dieses Stückes
552 2258 610 2323 e“,
1100 2299 2356 2357 wurde gewiß teilweis mit dem Stoffe verdankt: ein junger
555 2310 616 2367 en.
1107 2344 2352 2410 König angehenden Caesarenwahns wird von dem klugen Omar
1098 2402 2359 2464 dadurch geheilt, daß ihm ein ganz augenscheinlicher Irrtum,
539 2421 635 2488 92),
1105 2459 2352 2513 in den er sich und seinen Hof und sein Volk verstrickt hat,
538 2476 632 2539 chen
1093 2532 2340 2585 von einem kleinen Mädchen nachgewiesen wird: worauf er be¬
1093 2576 2345 2626 schließt, künftig mit Rat seines Volkes zu regieren, um vor
505 2598 619 2655 neuen
1100 2641 2340 2692 bösen Versehen gegenüber der Wirklichkeit der Thatsachen be¬
501 2653 631 2711 gorie.
1103 2685 2354 2742 wahrt zu sein. Allein daneben war es doch nicht minder der
500 2706 622 2771 897).
1103 2742 2355 2811 leichte, frohe Ton des orientalischen Märchens, der anzog und
513 2764 634 2819 ziener
1106 2822 2346 2864 entzückte. Freilich in dieser einfachen Form nur kurze Zeit.
510 2817 623 2885 egorie
1105 2852 2353 2913 Wenige Jahre später hat Fulda dem „Talisman“ ein zweites
541 2871 636 2936 tbar
1098 2931 2351 2973 Märchendrama folgen lassen, den „Sohn des Kalifen“, — ohne
559 2932 635 2996 hte
1093 2985 2360 3028 Glück: die reine Märchenstimmung war schon vorüber. Zu
533 2995 631 3048 ann
1100 3040 2361 3089 gute kam sie dagegen noch einem Stücke, das fast gleichzeitig
552 3038 617 3100 irk¬
1093 3084 2355 3142 mit Fuldas „Talisman“ auftauchte, der Bearbeitung des
553 3104 635 3154 aus
1096 3152 2363 3199 indischen Dramas Mritschhakatiká, die Emil Pohl, ein
550 3161 634 3211 dem
1096 3203 2357 3257 älterer Dichter, in schön gebauten Versen unter dem Namen
504 3214 646 3279 midts
2078 3240 2168 3300 29*
2744 4136 2890 4185 A
3011 4133 3092 4182 GT
