<?xml version="1.0" encoding="UTF-8" standalone="yes"?>
<PcGts xmlns="http://schema.primaresearch.org/PAGE/gts/pagecontent/2013-07-15" xmlns:xsi="http://www.w3.org/2001/XMLSchema-instance" xsi:schemaLocation="http://schema.primaresearch.org/PAGE/gts/pagecontent/2013-07-15 http://schema.primaresearch.org/PAGE/gts/pagecontent/2013-07-15/pagecontent.xsd">
    <Metadata>
        <Creator>prov=University of Rostock/Institute of Mathematics/CITlab/Gundram Leifert/gundram.leifert@uni-rostock.de:name=ONB_Newseye_GT_M1+(htr_id=10810)::::v=2.4.2
prov=University of Rostock/Institute of Mathematics/CITlab/Tobias Gruening/tobias.gruening@uni-rostock.de:name=de.uros.citlab.module.baseline2polygon.B2PSeamMultiOriented:v=2.4.2
prov=University of Rostock/Institute of Mathematics/CITlab/Tobias Gruening/tobias.gruening@uni-rostock.de:name=/mnt/transkribus/LA/DEA/URO/LA_news_onb_att.pb:de.uros.citlab.segmentation.CITlab_LA_ML:v=2.4.2
Transkribus</Creator>
        <Created>2019-10-07T15:13:27.865+02:00</Created>
        <LastChange>2019-10-09T04:44:09.641+02:00</LastChange>
        <TranskribusMetadata docId="224180" pageId="9514596" pageNr="18" tsid="16622377" status="IN_PROGRESS" userId="40391" imgUrl="https://files.transkribus.eu/Get?id=FCCGIRVZXWFPBMUEXCYSJXYQ&amp;fileType=view" xmlUrl="https://files.transkribus.eu/Get?id=FNAGLRMZBJRHCSKIUQCCTPLG" imageId="6202830"/>
    </Metadata>
    <Page imageFilename="224180_0018.jpeg" imageWidth="3392" imageHeight="4352">
        <ReadingOrder>
            <OrderedGroup id="ro_1711443928078" caption="Regions reading order">
                <RegionRefIndexed index="0" regionRef="r1"/>
                <RegionRefIndexed index="1" regionRef="r2"/>
                <RegionRefIndexed index="2" regionRef="r3"/>
            </OrderedGroup>
        </ReadingOrder>
        <TextRegion orientation="0.0" id="r1" custom="readingOrder {index:0;}">
            <Coords points="149,216 149,370 205,370 205,216"/>
            <TextLine id="r1l1" custom="readingOrder {index:0;}">
                <Coords points="142,329 167,328 180,336 185,332 191,334 205,319 212,319 212,290 202,291 197,288 170,262 157,265 150,274 140,274"/>
                <Baseline points="149,320 177,316 205,318"/>
                <TextEquiv>
                    <Unicode>1</Unicode>
                </TextEquiv>
            </TextLine>
            <TextEquiv>
                <Unicode>1</Unicode>
            </TextEquiv>
        </TextRegion>
        <TextRegion orientation="0.0" id="r2" custom="readingOrder {index:1;}">
            <Coords points="227,177 227,3275 2275,3275 2275,177"/>
            <TextLine id="r2l1" custom="readingOrder {index:0;}">
                <Coords points="2009,222 2041,238 2085,226 2123,239 2140,226 2185,246 2257,238 2255,178 2189,174 2119,189 2074,179 2008,187"/>
                <Baseline points="2017,209 2042,211 2068,211 2094,211 2119,210 2145,209 2171,208 2196,207 2222,205 2248,204"/>
                <TextEquiv>
                    <Unicode>—.—</Unicode>
                </TextEquiv>
            </TextLine>
            <TextLine id="r2l2" custom="readingOrder {index:1;}">
                <Coords points="1480,327 1561,315 1622,336 1680,299 1784,332 1853,308 1926,313 1926,258 1883,243 1810,252 1780,239 1689,274 1631,253 1564,268 1530,236 1481,243"/>
                <Baseline points="1488,306 1513,306 1538,306 1563,307 1589,307 1614,308 1639,309 1665,310 1690,311 1715,311 1740,312 1766,312 1791,312 1816,312 1842,311 1867,311 1892,309 1918,307"/>
                <TextEquiv>
                    <Unicode>box 36/1</Unicode>
                </TextEquiv>
            </TextLine>
            <TextLine id="r2l3" custom="readingOrder {index:2;}">
                <Coords points="219,333 475,363 1327,346 1327,297 1227,255 930,246 796,305 508,246 219,298"/>
                <Baseline points="227,330 281,331 336,332 390,333 445,333 500,334 554,334 609,333 663,333 718,333 773,332 827,332 882,331 936,331 991,330 1046,329 1100,329 1155,329 1209,328 1264,328 1319,328"/>
                <TextEquiv>
                    <Unicode>Panphlets offprints</Unicode>
                </TextEquiv>
            </TextLine>
            <TextLine id="r2l4" custom="readingOrder {index:3;}">
                <Coords points="1515,1165 1531,1165 1551,1182 1575,1176 1630,1186 1641,1178 1675,1185 1724,1171 1724,1146 1704,1147 1680,1133 1665,1139 1641,1128 1613,1136 1572,1120 1551,1135 1542,1127 1515,1124"/>
                <Baseline points="1523,1172 1550,1173 1578,1173 1605,1173 1633,1173 1660,1173 1688,1174 1716,1174"/>
                <TextEquiv>
                    <Unicode>Dichtung.</Unicode>
                </TextEquiv>
            </TextLine>
            <TextLine id="r2l5" custom="readingOrder {index:4;}">
                <Coords points="990,1224 1001,1224 1010,1215 1042,1222 1058,1210 1072,1210 1084,1222 1111,1226 1113,1139 1093,1137 1080,1127 1061,1127 1042,1136 1034,1132 1022,1145 1010,1149 992,1149"/>
                <Baseline points="998,1185 1024,1183 1051,1183 1077,1185 1104,1187"/>
                <TextEquiv>
                    <Unicode>358</Unicode>
                </TextEquiv>
            </TextLine>
            <TextLine id="r2l6" custom="readingOrder {index:5;}">
                <Coords points="986,1295 2248,1279 2247,1238 2074,1222 985,1245"/>
                <Baseline points="993,1291 1055,1290 1117,1289 1179,1289 1242,1288 1304,1287 1366,1286 1429,1286 1491,1285 1553,1284 1616,1283 1678,1282 1740,1281 1802,1280 1865,1279 1927,1278 1989,1277 2052,1276 2114,1275 2176,1273 2239,1272"/>
                <TextEquiv>
                    <Unicode>zu dem Sudermann von jeher neigte, hat hier einen Grad er¬</Unicode>
                </TextEquiv>
            </TextLine>
            <TextLine id="r2l7" custom="readingOrder {index:6;}">
                <Coords points="983,1350 2251,1336 2136,1284 983,1300"/>
                <Baseline points="991,1345 1053,1346 1116,1346 1178,1346 1241,1346 1304,1346 1366,1345 1429,1344 1491,1344 1554,1343 1617,1342 1679,1341 1742,1340 1804,1339 1867,1338 1930,1337 1992,1336 2055,1336 2117,1335 2180,1335 2243,1334"/>
                <TextEquiv>
                    <Unicode>reicht, der aus der allgemeinen künstlerischen Tendenz der letzten</Unicode>
                </TextEquiv>
            </TextLine>
            <TextLine id="r2l8" custom="readingOrder {index:7;}">
                <Coords points="992,1412 2265,1384 2209,1347 991,1354"/>
                <Baseline points="999,1405 1061,1404 1124,1404 1187,1403 1250,1403 1313,1402 1376,1401 1439,1401 1502,1400 1565,1400 1628,1399 1690,1398 1753,1398 1816,1397 1879,1396 1942,1395 2005,1394 2068,1392 2131,1391 2194,1390 2257,1388"/>
                <TextEquiv>
                    <Unicode>Jahrzehnte auf Konzentration wohl noch Nahrung empfangen</Unicode>
                </TextEquiv>
            </TextLine>
            <TextLine id="r2l9" custom="readingOrder {index:8;}">
                <Coords points="994,1462 2054,1464 2133,1449 2133,1418 993,1413"/>
                <Baseline points="1001,1458 1057,1458 1113,1458 1169,1458 1225,1457 1282,1457 1338,1457 1394,1457 1450,1456 1506,1456 1563,1456 1619,1455 1675,1455 1731,1454 1787,1454 1844,1453 1900,1453 1956,1452 2012,1452 2068,1451 2125,1451"/>
                <TextEquiv>
                    <Unicode>hat, die Wirkung des Stückes aber entschieden schädigt.</Unicode>
                </TextEquiv>
            </TextLine>
            <TextLine id="r2l10" custom="readingOrder {index:9;}">
                <Coords points="1081,1524 2211,1514 2256,1508 2256,1468 1081,1496"/>
                <Baseline points="1089,1511 1150,1511 1211,1510 1272,1509 1333,1509 1394,1509 1455,1509 1516,1509 1577,1509 1638,1509 1699,1509 1760,1509 1821,1509 1882,1508 1943,1507 2004,1506 2065,1504 2126,1502 2187,1500 2248,1497"/>
                <TextEquiv>
                    <Unicode>Das letzte Drama Sudermanns dagegen, das „Johannis¬</Unicode>
                </TextEquiv>
            </TextLine>
            <TextLine id="r2l11" custom="readingOrder {index:10;}">
                <Coords points="987,1568 1884,1591 2255,1574 2255,1535 987,1544"/>
                <Baseline points="995,1574 1057,1571 1120,1569 1182,1568 1245,1566 1308,1565 1370,1565 1433,1564 1495,1564 1558,1564 1621,1564 1683,1564 1746,1564 1808,1564 1871,1564 1934,1564 1996,1564 2059,1563 2121,1563 2184,1562 2247,1560"/>
                <TextEquiv>
                    <Unicode>feuer", ist von diesem Fehler fast frei und au# sonst klarer, da</Unicode>
                </TextEquiv>
            </TextLine>
            <TextLine id="r2l12" custom="readingOrder {index:11;}">
                <Coords points="992,1632 1981,1640 2253,1620 2253,1585 992,1599"/>
                <Baseline points="1000,1630 1062,1628 1124,1627 1186,1626 1249,1625 1311,1624 1373,1624 1435,1623 1498,1622 1560,1622 1622,1621 1684,1621 1747,1620 1809,1620 1871,1619 1933,1618 1996,1617 2058,1617 2120,1616 2182,1615 2245,1613"/>
                <TextEquiv>
                    <Unicode>es nicht so überaus verschiedene Welten, # des Evan¬</Unicode>
                </TextEquiv>
            </TextLine>
            <TextLine id="r2l13" custom="readingOrder {index:12;}">
                <Coords points="1008,1695 1894,1705 2199,1683 2251,1641 1007,1650"/>
                <Baseline points="1015,1685 1076,1684 1137,1684 1199,1683 1260,1682 1322,1681 1383,1680 1444,1679 1506,1678 1567,1678 1629,1677 1690,1676 1751,1675 1813,1675 1874,1674 1936,1674 1997,1673 2058,1673 2120,1673 2181,1674 2243,1674"/>
                <TextEquiv>
                    <Unicode>geliums mit der von Rom zernichteten, im jähen Verfall be¬</Unicode>
                </TextEquiv>
            </TextLine>
            <TextLine id="r2l14" custom="readingOrder {index:13;}">
                <Coords points="997,1740 2206,1743 2256,1695 997,1714"/>
                <Baseline points="1005,1745 1067,1743 1129,1740 1191,1739 1253,1737 1315,1736 1377,1735 1440,1734 1502,1734 1564,1733 1626,1733 1688,1732 1750,1732 1812,1732 1875,1732 1937,1732 1999,1731 2061,1731 2123,1731 2185,1730 2248,1729"/>
                <TextEquiv>
                    <Unicode>griffenen jüdischen Nationalkultur kontrastiert, sondern vielmehr</Unicode>
                </TextEquiv>
            </TextLine>
            <TextLine id="r2l15" custom="readingOrder {index:14;}">
                <Coords points="997,1798 2076,1804 2263,1752 996,1755"/>
                <Baseline points="1005,1795 1067,1795 1130,1796 1192,1796 1255,1796 1317,1796 1380,1795 1442,1795 1505,1794 1567,1794 1630,1793 1692,1792 1755,1791 1817,1790 1880,1790 1942,1789 2005,1788 2067,1787 2130,1787 2192,1787 2255,1786"/>
                <TextEquiv>
                    <Unicode>Gestalten aufweist, die sich näher stehen und deshalb in stärkerer</Unicode>
                </TextEquiv>
            </TextLine>
            <TextLine id="r2l16" custom="readingOrder {index:15;}">
                <Coords points="1008,1852 2234,1854 2259,1810 1008,1820"/>
                <Baseline points="1015,1851 1076,1851 1138,1850 1200,1850 1262,1849 1324,1849 1385,1849 1447,1848 1509,1847 1571,1847 1633,1847 1694,1846 1756,1846 1818,1845 1880,1845 1942,1844 2003,1844 2065,1844 2127,1843 2189,1843 2251,1843"/>
                <TextEquiv>
                    <Unicode>Selbständigkeit nebeneinander und gegeneinander leben können.</Unicode>
                </TextEquiv>
            </TextLine>
            <TextLine id="r2l17" custom="readingOrder {index:16;}">
                <Coords points="1003,1916 2144,1919 2263,1870 1002,1859"/>
                <Baseline points="1010,1912 1072,1911 1134,1910 1196,1908 1259,1907 1321,1906 1383,1905 1445,1904 1508,1903 1570,1902 1632,1901 1694,1901 1757,1900 1819,1900 1881,1899 1943,1899 2006,1899 2068,1899 2130,1899 2192,1899 2255,1899"/>
                <TextEquiv>
                    <Unicode>Im übrigen ist auch das „Johannisfeuer“ durchaus psychologisch;</Unicode>
                </TextEquiv>
            </TextLine>
            <TextLine id="r2l18" custom="readingOrder {index:17;}">
                <Coords points="994,1977 2256,1957 2186,1904 993,1933"/>
                <Baseline points="1002,1968 1064,1968 1126,1967 1188,1966 1251,1965 1313,1964 1375,1964 1438,1962 1500,1961 1562,1960 1625,1959 1687,1958 1749,1958 1811,1957 1874,1956 1936,1956 1998,1955 2061,1955 2123,1955 2185,1955 2248,1955"/>
                <TextEquiv>
                    <Unicode>und so unterliegt es wohl keinem Zweifel mehr, daß sich Suder¬</Unicode>
                </TextEquiv>
            </TextLine>
            <TextLine id="r2l19" custom="readingOrder {index:18;}">
                <Coords points="1001,2024 2260,2027 2259,1981 2098,1961 1000,1990"/>
                <Baseline points="1009,2023 1071,2022 1133,2021 1195,2020 1257,2019 1319,2018 1381,2018 1443,2017 1505,2017 1567,2016 1630,2016 1692,2015 1754,2015 1816,2014 1878,2014 1940,2013 2002,2012 2064,2011 2126,2010 2188,2009 2251,2007"/>
                <TextEquiv>
                    <Unicode>mann seit der zweiten Hälfte der neunziger Jahre aus dem Drama</Unicode>
                </TextEquiv>
            </TextLine>
            <TextLine id="r2l20" custom="readingOrder {index:19;}">
                <Coords points="1011,2082 2136,2084 2257,2078 2257,2026 1010,2038"/>
                <Baseline points="1019,2078 1080,2078 1142,2078 1203,2077 1265,2077 1326,2076 1388,2076 1449,2075 1511,2074 1572,2073 1634,2073 1695,2072 1757,2071 1818,2070 1880,2069 1941,2069 2003,2068 2064,2068 2126,2067 2187,2067 2249,2067"/>
                <TextEquiv>
                    <Unicode>des Übergangsstils heraus in der Richtung eines Dramas des</Unicode>
                </TextEquiv>
            </TextLine>
            <TextLine id="r2l21" custom="readingOrder {index:20;}">
                <Coords points="999,2147 2257,2128 2239,2072 999,2087"/>
                <Baseline points="1007,2132 1069,2132 1131,2131 1193,2131 1255,2131 1317,2131 1379,2131 1441,2131 1503,2130 1565,2130 1628,2129 1690,2129 1752,2129 1814,2128 1876,2127 1938,2127 2000,2126 2062,2125 2124,2124 2186,2123 2249,2122"/>
                <TextEquiv>
                    <Unicode>einfachen psychologischen Impressionismus entwickelt hat, das</Unicode>
                </TextEquiv>
            </TextLine>
            <TextLine id="r2l22" custom="readingOrder {index:21;}">
                <Coords points="1010,2189 2097,2205 2262,2185 2262,2147 1010,2159"/>
                <Baseline points="1017,2191 1078,2190 1140,2189 1202,2189 1264,2188 1326,2187 1388,2186 1450,2186 1512,2186 1574,2185 1636,2185 1697,2185 1759,2184 1821,2184 1883,2184 1945,2184 2007,2183 2069,2183 2131,2183 2193,2183 2255,2183"/>
                <TextEquiv>
                    <Unicode>als beste Vorstuse für ein Drama der großen Weltanschauung</Unicode>
                </TextEquiv>
            </TextLine>
            <TextLine id="r2l23" custom="readingOrder {index:22;}">
                <Coords points="1009,2272 1067,2256 1084,2265 1167,2251 1246,2261 1277,2246 1277,2219 1258,2225 1229,2200 1188,2214 1158,2210 1144,2198 1127,2212 1092,2193 1045,2218 1007,2219"/>
                <Baseline points="1016,2250 1041,2247 1066,2245 1091,2244 1117,2243 1142,2243 1167,2242 1193,2242 1218,2242 1243,2242 1269,2241"/>
                <TextEquiv>
                    <Unicode>gelten muß.</Unicode>
                </TextEquiv>
            </TextLine>
            <TextLine id="r2l24" custom="readingOrder {index:23;}">
                <Coords points="1101,2309 2255,2305 2221,2241 2127,2271 1755,2235 1101,2271"/>
                <Baseline points="1109,2300 1165,2299 1222,2298 1279,2298 1336,2297 1393,2297 1450,2297 1507,2296 1564,2296 1621,2296 1678,2296 1734,2296 1791,2296 1848,2295 1905,2295 1962,2294 2019,2293 2076,2291 2133,2290 2190,2288 2247,2286"/>
                <TextEquiv>
                    <Unicode>Und das ist nun keineswegs ein vereinzelter Vorgang. Die</Unicode>
                </TextEquiv>
            </TextLine>
            <TextLine id="r2l25" custom="readingOrder {index:24;}">
                <Coords points="1010,2363 2173,2366 2260,2314 1010,2319"/>
                <Baseline points="1018,2359 1079,2358 1141,2357 1203,2355 1264,2355 1326,2354 1388,2353 1449,2352 1511,2352 1573,2351 1635,2351 1696,2350 1758,2350 1820,2349 1881,2349 1943,2349 2005,2349 2066,2348 2128,2348 2190,2348 2252,2348"/>
                <TextEquiv>
                    <Unicode>Wendung entspricht vielmehr einer allgemeinen, auch sonst wahr¬</Unicode>
                </TextEquiv>
            </TextLine>
            <TextLine id="r2l26" custom="readingOrder {index:25;}">
                <Coords points="1009,2435 2267,2405 2153,2353 1009,2374"/>
                <Baseline points="1017,2410 1079,2411 1141,2411 1203,2412 1265,2412 1327,2412 1389,2411 1451,2411 1513,2411 1575,2410 1638,2409 1700,2409 1762,2408 1824,2407 1886,2407 1948,2406 2010,2405 2072,2405 2134,2404 2196,2404 2259,2404"/>
                <TextEquiv>
                    <Unicode>nehmbaren und in der allgemeinen Strömung der Entwicklung</Unicode>
                </TextEquiv>
            </TextLine>
            <TextLine id="r2l27" custom="readingOrder {index:26;}">
                <Coords points="1014,2484 2266,2468 2265,2429 2170,2411 1014,2433"/>
                <Baseline points="1022,2475 1083,2473 1145,2472 1207,2471 1269,2469 1330,2469 1392,2468 1454,2467 1516,2466 1577,2465 1639,2464 1701,2464 1763,2463 1824,2462 1886,2462 1948,2461 2010,2461 2071,2460 2133,2460 2195,2459 2257,2459"/>
                <TextEquiv>
                    <Unicode>der Phantasiethätigkeit verlausenden Tendenz: der physiologische</Unicode>
                </TextEquiv>
            </TextLine>
            <TextLine id="r2l28" custom="readingOrder {index:27;}">
                <Coords points="1001,2552 2271,2516 2246,2477 2109,2468 1000,2491"/>
                <Baseline points="1009,2534 1071,2532 1134,2530 1197,2529 1259,2528 1322,2526 1385,2525 1447,2524 1510,2523 1573,2522 1636,2521 1698,2521 1761,2520 1824,2519 1886,2519 1949,2518 2012,2518 2074,2517 2137,2517 2200,2516 2263,2516"/>
                <TextEquiv>
                    <Unicode>Impressionismus macht, unter mancherlei noch immer nicht ab¬</Unicode>
                </TextEquiv>
            </TextLine>
            <TextLine id="r2l29" custom="readingOrder {index:28;}">
                <Coords points="999,2587 2203,2597 2270,2552 999,2553"/>
                <Baseline points="1007,2589 1069,2588 1132,2586 1195,2584 1258,2583 1321,2582 1383,2581 1446,2580 1509,2579 1572,2578 1635,2578 1697,2577 1760,2577 1823,2576 1886,2575 1949,2574 2011,2573 2074,2572 2137,2571 2200,2570 2263,2569"/>
                <TextEquiv>
                    <Unicode>geschlossenen symbolistischen und romantischen Intermezzos, einem</Unicode>
                </TextEquiv>
            </TextLine>
            <TextLine id="r2l30" custom="readingOrder {index:29;}">
                <Coords points="1003,2658 2201,2649 2260,2598 1218,2589 1003,2627"/>
                <Baseline points="1011,2644 1073,2642 1135,2640 1197,2638 1259,2637 1321,2636 1383,2635 1445,2634 1507,2633 1569,2632 1632,2632 1694,2631 1756,2631 1818,2631 1880,2630 1942,2630 2004,2629 2066,2628 2128,2627 2190,2626 2253,2625"/>
                <TextEquiv>
                    <Unicode>rein realistischen, durch keinerlei Symbolismus gebundenen</Unicode>
                </TextEquiv>
            </TextLine>
            <TextLine id="r2l31" custom="readingOrder {index:30;}">
                <Coords points="1009,2712 2271,2674 1705,2631 1008,2663"/>
                <Baseline points="1017,2701 1079,2699 1141,2698 1203,2696 1266,2695 1328,2694 1390,2692 1453,2691 1515,2690 1577,2689 1640,2688 1702,2687 1764,2686 1826,2685 1889,2685 1951,2684 2013,2684 2076,2684 2138,2684 2200,2684 2263,2685"/>
                <TextEquiv>
                    <Unicode>psychologischen Impressionismus Platz; und neben Sudermann</Unicode>
                </TextEquiv>
            </TextLine>
            <TextLine id="r2l32" custom="readingOrder {index:31;}">
                <Coords points="1014,2760 1993,2765 2077,2727 1424,2696 1013,2724"/>
                <Baseline points="1022,2752 1074,2751 1126,2750 1179,2749 1231,2749 1283,2748 1336,2748 1388,2747 1440,2747 1493,2746 1545,2746 1597,2746 1650,2745 1702,2745 1754,2745 1807,2744 1859,2744 1911,2744 1964,2743 2016,2743 2069,2743"/>
                <TextEquiv>
                    <Unicode>ist vor allem auch Hauptmann dieses Weges gezogen.</Unicode>
                </TextEquiv>
            </TextLine>
            <TextLine id="r2l33" custom="readingOrder {index:32;}">
                <Coords points="1110,2817 2144,2816 2269,2763 1109,2768"/>
                <Baseline points="1117,2809 1174,2808 1231,2808 1288,2807 1345,2806 1403,2805 1460,2805 1517,2804 1574,2804 1631,2803 1689,2802 1746,2802 1803,2801 1860,2801 1917,2800 1975,2800 2032,2799 2089,2799 2146,2798 2203,2798 2261,2797"/>
                <TextEquiv>
                    <Unicode>Hauptmann hatte in seinen Anfangsdramen die Seelen¬</Unicode>
                </TextEquiv>
            </TextLine>
            <TextLine id="r2l34" custom="readingOrder {index:33;}">
                <Coords points="1009,2872 2136,2877 2265,2821 1009,2839"/>
                <Baseline points="1018,2868 1083,2865 1148,2864 1213,2862 1278,2861 1344,2860 1409,2859 1474,2858 1539,2857 1604,2857 1670,2857 1735,2856 1800,2856 1865,2856 1930,2855 1996,2855 2061,2855 2126,2854 2191,2854 2257,2853"/>
                <TextEquiv>
                    <Unicode>zeichnung des naturalistischen Impressionismus geübt: Ergreifen</Unicode>
                </TextEquiv>
            </TextLine>
            <TextLine id="r2l35" custom="readingOrder {index:34;}">
                <Coords points="1017,2933 2257,2916 2256,2876 2100,2857 1016,2889"/>
                <Baseline points="1025,2921 1086,2920 1147,2919 1208,2919 1269,2918 1331,2917 1392,2917 1453,2916 1514,2916 1575,2915 1637,2915 1698,2915 1759,2914 1820,2914 1881,2913 1943,2913 2004,2912 2065,2911 2126,2911 2187,2910 2249,2909"/>
                <TextEquiv>
                    <Unicode>des Sozialpsychischen namentlich enger menschlicher Gemein¬</Unicode>
                </TextEquiv>
            </TextLine>
            <TextLine id="r2l36" custom="readingOrder {index:35;}">
                <Coords points="1018,2989 2180,2990 2269,2937 1018,2939"/>
                <Baseline points="1026,2984 1087,2980 1149,2977 1211,2974 1273,2973 1334,2971 1396,2970 1458,2969 1520,2969 1581,2969 1643,2969 1705,2969 1767,2970 1828,2970 1890,2970 1952,2970 2014,2970 2075,2970 2137,2969 2199,2968 2261,2966"/>
                <TextEquiv>
                    <Unicode>schaften und dies wieder namentlich in seiner äußeren, gleichsam</Unicode>
                </TextEquiv>
            </TextLine>
            <TextLine id="r2l37" custom="readingOrder {index:36;}">
                <Coords points="1017,3049 2086,3041 2268,2993 1017,2994"/>
                <Baseline points="1025,3035 1086,3035 1148,3035 1210,3034 1272,3033 1333,3033 1395,3032 1457,3031 1519,3031 1580,3030 1642,3029 1704,3028 1766,3028 1827,3027 1889,3026 1951,3026 2013,3025 2074,3025 2136,3024 2198,3024 2260,3024"/>
                <TextEquiv>
                    <Unicode>physiolozischen, bloß sprachlichen Erscheinung; und auch in der</Unicode>
                </TextEquiv>
            </TextLine>
            <TextLine id="r2l38" custom="readingOrder {index:37;}">
                <Coords points="1010,3096 2237,3087 2279,3035 1009,3061"/>
                <Baseline points="1017,3088 1079,3088 1142,3088 1205,3088 1268,3087 1330,3087 1393,3086 1456,3085 1519,3084 1581,3083 1644,3083 1707,3081 1770,3081 1832,3080 1895,3079 1958,3079 2021,3079 2083,3079 2146,3079 2209,3079 2272,3080"/>
                <TextEquiv>
                    <Unicode>Schildering der einzelnen Charaktere vornehmlich Malen und</Unicode>
                </TextEquiv>
            </TextLine>
            <TextLine id="r2l39" custom="readingOrder {index:38;}">
                <Coords points="1010,3157 2134,3153 2261,3133 2261,3092 1010,3111"/>
                <Baseline points="1018,3145 1079,3144 1141,3143 1203,3142 1265,3142 1326,3141 1388,3140 1450,3139 1512,3138 1573,3137 1635,3137 1697,3136 1759,3135 1820,3135 1882,3134 1944,3134 2006,3134 2067,3134 2129,3133 2191,3134 2253,3134"/>
                <TextEquiv>
                    <Unicode>Darstellen des Beständigen, individuell Zuständlichen, Dauern¬</Unicode>
                </TextEquiv>
            </TextLine>
            <TextLine id="r2l40" custom="readingOrder {index:39;}">
                <Coords points="1008,3202 2275,3194 2256,3156 2082,3139 1008,3161"/>
                <Baseline points="1016,3204 1078,3204 1141,3203 1203,3203 1266,3202 1328,3201 1391,3200 1453,3200 1516,3198 1578,3198 1641,3197 1704,3196 1766,3195 1829,3194 1891,3193 1954,3192 2016,3192 2079,3191 2141,3190 2204,3190 2267,3189"/>
                <TextEquiv>
                    <Unicode>den, das zu Aktion und Reaktion nur gebrecht werden kann</Unicode>
                </TextEquiv>
            </TextLine>
            <TextLine id="r2l41" custom="readingOrder {index:40;}">
                <Coords points="1023,3297 1146,3259 2119,3272 2283,3238 2262,3205 1996,3196 1022,3220"/>
                <Baseline points="1030,3260 1092,3261 1154,3262 1216,3262 1279,3262 1341,3262 1403,3261 1465,3260 1528,3259 1590,3258 1652,3257 1714,3256 1777,3255 1839,3254 1901,3252 1963,3252 2026,3251 2088,3250 2150,3249 2212,3249 2275,3249"/>
                <TextEquiv>
                    <Unicode>durch einen äußeren Anstoß, das Erscheinen einer fremden</Unicode>
                </TextEquiv>
            </TextLine>
            <TextEquiv>
                <Unicode>—.—
box 36/1
Panphlets offprints
Dichtung.
358
zu dem Sudermann von jeher neigte, hat hier einen Grad er¬
reicht, der aus der allgemeinen künstlerischen Tendenz der letzten
Jahrzehnte auf Konzentration wohl noch Nahrung empfangen
hat, die Wirkung des Stückes aber entschieden schädigt.
Das letzte Drama Sudermanns dagegen, das „Johannis¬
feuer", ist von diesem Fehler fast frei und au# sonst klarer, da
es nicht so überaus verschiedene Welten, # des Evan¬
geliums mit der von Rom zernichteten, im jähen Verfall be¬
griffenen jüdischen Nationalkultur kontrastiert, sondern vielmehr
Gestalten aufweist, die sich näher stehen und deshalb in stärkerer
Selbständigkeit nebeneinander und gegeneinander leben können.
Im übrigen ist auch das „Johannisfeuer“ durchaus psychologisch;
und so unterliegt es wohl keinem Zweifel mehr, daß sich Suder¬
mann seit der zweiten Hälfte der neunziger Jahre aus dem Drama
des Übergangsstils heraus in der Richtung eines Dramas des
einfachen psychologischen Impressionismus entwickelt hat, das
als beste Vorstuse für ein Drama der großen Weltanschauung
gelten muß.
Und das ist nun keineswegs ein vereinzelter Vorgang. Die
Wendung entspricht vielmehr einer allgemeinen, auch sonst wahr¬
nehmbaren und in der allgemeinen Strömung der Entwicklung
der Phantasiethätigkeit verlausenden Tendenz: der physiologische
Impressionismus macht, unter mancherlei noch immer nicht ab¬
geschlossenen symbolistischen und romantischen Intermezzos, einem
rein realistischen, durch keinerlei Symbolismus gebundenen
psychologischen Impressionismus Platz; und neben Sudermann
ist vor allem auch Hauptmann dieses Weges gezogen.
Hauptmann hatte in seinen Anfangsdramen die Seelen¬
zeichnung des naturalistischen Impressionismus geübt: Ergreifen
des Sozialpsychischen namentlich enger menschlicher Gemein¬
schaften und dies wieder namentlich in seiner äußeren, gleichsam
physiolozischen, bloß sprachlichen Erscheinung; und auch in der
Schildering der einzelnen Charaktere vornehmlich Malen und
Darstellen des Beständigen, individuell Zuständlichen, Dauern¬
den, das zu Aktion und Reaktion nur gebrecht werden kann
durch einen äußeren Anstoß, das Erscheinen einer fremden</Unicode>
            </TextEquiv>
        </TextRegion>
        <TextRegion orientation="0.0" id="r3" custom="readingOrder {index:2;}">
            <Coords points="2747,1217 2747,3239 3343,3239 3343,1217"/>
            <TextLine id="r3l1" custom="readingOrder {index:0;}">
                <Coords points="2741,1243 2850,1269 2904,1242 2924,1260 3031,1251 3053,1270 3182,1250 3322,1259 3322,1202 3241,1192 3200,1214 3132,1195 3045,1210 3017,1191 2893,1209 2811,1207 2776,1184 2742,1198"/>
                <Baseline points="2749,1249 2777,1248 2805,1247 2833,1246 2862,1245 2890,1245 2918,1245 2946,1245 2975,1245 3003,1246 3031,1246 3059,1247 3088,1247 3116,1248 3144,1248 3172,1248 3201,1249 3229,1249 3257,1249 3285,1248 3314,1248"/>
                <TextEquiv>
                    <Unicode>Person in dem geschilderten 3</Unicode>
                </TextEquiv>
            </TextLine>
            <TextLine id="r3l2" custom="readingOrder {index:1;}">
                <Coords points="2753,1304 2995,1320 3017,1301 3236,1328 3329,1308 3329,1272 3301,1253 3239,1270 3115,1252 3064,1270 3035,1251 2855,1269 2753,1254"/>
                <Baseline points="2760,1306 2788,1306 2816,1306 2844,1306 2872,1306 2900,1307 2928,1307 2956,1308 2984,1309 3012,1309 3040,1310 3068,1310 3096,1311 3124,1311 3152,1311 3180,1311 3208,1310 3236,1310 3264,1309 3292,1307 3320,1306"/>
                <TextEquiv>
                    <Unicode>früh läßt sich doch bei ihm hie</Unicode>
                </TextEquiv>
            </TextLine>
            <TextLine id="r3l3" custom="readingOrder {index:2;}">
                <Coords points="2741,1358 2781,1380 2820,1363 2883,1382 2998,1363 3283,1380 3330,1356 3330,1307 3239,1328 3070,1308 3012,1325 2741,1314"/>
                <Baseline points="2749,1365 2777,1364 2806,1363 2834,1362 2863,1361 2892,1361 2920,1361 2949,1361 2978,1362 3006,1362 3035,1362 3064,1362 3092,1363 3121,1363 3150,1363 3178,1363 3207,1363 3236,1363 3264,1362 3293,1361 3322,1359"/>
                <TextEquiv>
                    <Unicode>für die Entwicklung der Chal</Unicode>
                </TextEquiv>
            </TextLine>
            <TextLine id="r3l4" custom="readingOrder {index:3;}">
                <Coords points="2754,1425 2962,1419 3102,1439 3169,1411 3217,1436 3234,1422 3297,1437 3325,1420 3325,1366 3081,1386 3045,1364 3009,1380 2968,1364 2943,1380 2754,1373"/>
                <Baseline points="2762,1418 2789,1418 2817,1417 2845,1417 2873,1417 2900,1417 2928,1417 2956,1417 2984,1417 3011,1417 3039,1417 3067,1418 3095,1418 3122,1418 3150,1417 3178,1417 3206,1417 3233,1416 3261,1416 3289,1415 3317,1413"/>
                <TextEquiv>
                    <Unicode>die Auswicklung der Charakt</Unicode>
                </TextEquiv>
            </TextLine>
            <TextLine id="r3l5" custom="readingOrder {index:4;}">
                <Coords points="2743,1477 2877,1496 2904,1479 3173,1492 3247,1475 3315,1497 3335,1492 3335,1413 3297,1437 3226,1438 3162,1410 3101,1440 3006,1423 2850,1437 2827,1419 2743,1434"/>
                <Baseline points="2751,1474 2779,1474 2808,1475 2837,1475 2866,1475 2895,1475 2924,1475 2952,1475 2981,1474 3010,1474 3039,1474 3068,1473 3097,1473 3126,1473 3154,1472 3183,1472 3212,1472 3241,1472 3270,1472 3299,1473 3328,1474"/>
                <TextEquiv>
                    <Unicode>wisse Charaktere von klar un</Unicode>
                </TextEquiv>
            </TextLine>
            <TextLine id="r3l6" custom="readingOrder {index:5;}">
                <Coords points="3104,1528 3145,1532 3176,1552 3198,1545 3220,1550 3249,1538 3264,1548 3281,1541 3323,1547 3323,1497 3247,1476 3228,1487 3200,1476 3181,1494 3140,1480 3104,1501"/>
                <Baseline points="3113,1529 3138,1530 3163,1530 3188,1530 3214,1529 3239,1529 3264,1529 3289,1528 3315,1527"/>
                <TextEquiv>
                    <Unicode>Umständen</Unicode>
                </TextEquiv>
            </TextLine>
            <TextLine id="r3l7" custom="readingOrder {index:6;}">
                <Coords points="2745,1536 2760,1531 2773,1543 2826,1530 2869,1546 2883,1533 2910,1546 2995,1534 3069,1549 3068,1480 3057,1477 2982,1488 2961,1503 2905,1479 2884,1495 2837,1496 2744,1476"/>
                <Baseline points="2753,1531 2778,1531 2804,1532 2830,1532 2855,1532 2881,1532 2907,1532 2932,1531 2958,1531 2984,1531 3009,1530 3035,1529 3061,1529"/>
                <TextEquiv>
                    <Unicode>her unter gewiss</Unicode>
                </TextEquiv>
            </TextLine>
            <TextLine id="r3l8" custom="readingOrder {index:7;}">
                <Coords points="3236,1596 3255,1598 3275,1591 3290,1595 3303,1583 3306,1586 3311,1581 3314,1584 3324,1582 3321,1544 3310,1546 3307,1543 3301,1547 3298,1544 3281,1546 3276,1543 3271,1547 3263,1547 3253,1538 3243,1544 3233,1543"/>
                <Baseline points="3244,1586 3280,1584 3316,1582"/>
                <TextEquiv>
                    <Unicode>ihm</Unicode>
                </TextEquiv>
            </TextLine>
            <TextLine id="r3l9" custom="readingOrder {index:8;}">
                <Coords points="2741,1579 2816,1604 2875,1593 2906,1605 2934,1583 2980,1602 2997,1589 3054,1600 3054,1542 3015,1547 2988,1534 2958,1549 2887,1538 2843,1553 2832,1544 2741,1547"/>
                <Baseline points="2749,1585 2776,1586 2803,1588 2830,1588 2857,1588 2884,1588 2911,1588 2938,1587 2965,1587 2992,1587 3019,1586 3046,1586"/>
                <TextEquiv>
                    <Unicode>bewegen. Dart</Unicode>
                </TextEquiv>
            </TextLine>
            <TextLine id="r3l10" custom="readingOrder {index:9;}">
                <Coords points="3229,1655 3251,1648 3259,1651 3267,1646 3277,1651 3281,1646 3302,1644 3310,1645 3325,1658 3336,1659 3335,1592 3318,1587 3296,1609 3287,1608 3266,1594 3258,1599 3244,1596 3229,1600"/>
                <Baseline points="3237,1642 3267,1640 3297,1639 3328,1641"/>
                <TextEquiv>
                    <Unicode>Voch</Unicode>
                </TextEquiv>
            </TextLine>
            <TextLine id="r3l11" custom="readingOrder {index:10;}">
                <Coords points="3245,1713 3255,1711 3261,1716 3264,1712 3269,1717 3277,1717 3297,1702 3306,1705 3309,1702 3324,1703 3322,1644 3281,1646 3276,1651 3267,1646 3257,1651 3251,1645 3243,1645"/>
                <Baseline points="3253,1697 3284,1695 3315,1695"/>
                <TextEquiv>
                    <Unicode>Wo</Unicode>
                </TextEquiv>
            </TextLine>
            <TextLine id="r3l12" custom="readingOrder {index:11;}">
                <Coords points="3245,1758 3266,1758 3284,1774 3303,1756 3311,1758 3321,1748 3328,1748 3328,1712 3321,1712 3311,1706 3289,1719 3245,1712"/>
                <Baseline points="3253,1752 3287,1752 3321,1752"/>
                <TextEquiv>
                    <Unicode>ders</Unicode>
                </TextEquiv>
            </TextLine>
            <TextLine id="r3l13" custom="readingOrder {index:12;}">
                <Coords points="3264,1817 3273,1815 3281,1823 3287,1824 3305,1818 3314,1811 3336,1814 3335,1751 3324,1751 3321,1748 3310,1759 3300,1758 3283,1776 3275,1769 3263,1768"/>
                <Baseline points="3271,1809 3299,1810 3328,1808"/>
                <TextEquiv>
                    <Unicode>and</Unicode>
                </TextEquiv>
            </TextLine>
            <TextLine id="r3l14" custom="readingOrder {index:13;}">
                <Coords points="3258,1879 3270,1882 3275,1878 3281,1884 3286,1883 3292,1887 3309,1874 3316,1877 3319,1874 3331,1875 3329,1818 3318,1818 3311,1827 3290,1821 3284,1828 3281,1826 3278,1829 3275,1826 3264,1835 3256,1835"/>
                <Baseline points="3265,1865 3294,1863 3323,1863"/>
                <TextEquiv>
                    <Unicode>erd</Unicode>
                </TextEquiv>
            </TextLine>
            <TextLine id="r3l15" custom="readingOrder {index:14;}">
                <Coords points="3270,1937 3294,1936 3299,1937 3303,1942 3314,1940 3324,1942 3324,1881 3314,1882 3308,1876 3299,1884 3281,1892 3270,1890"/>
                <Baseline points="3278,1922 3316,1922"/>
                <TextEquiv>
                    <Unicode>ges</Unicode>
                </TextEquiv>
            </TextLine>
            <TextLine id="r3l16" custom="readingOrder {index:15;}">
                <Coords points="3291,2041 3306,2040 3316,2044 3328,2057 3338,2057 3338,1991 3327,1992 3321,1986 3319,1988 3317,1986 3305,1996 3300,1994 3299,1996 3291,1996"/>
                <Baseline points="3298,2034 3330,2034"/>
                <TextEquiv>
                    <Unicode>n</Unicode>
                </TextEquiv>
            </TextLine>
            <TextLine id="r3l17" custom="readingOrder {index:16;}">
                <Coords points="3293,2879 3301,2878 3317,2889 3319,2885 3327,2884 3331,2879 3339,2878 3332,2825 3324,2826 3316,2835 3312,2832 3303,2843 3296,2839 3288,2840"/>
                <Baseline points="3300,2872 3330,2868"/>
                <TextEquiv>
                    <Unicode>d</Unicode>
                </TextEquiv>
            </TextLine>
            <TextLine id="r3l18" custom="readingOrder {index:17;}">
                <Coords points="3227,2937 3249,2939 3262,2927 3282,2934 3291,2926 3308,2931 3309,2886 3298,2884 3293,2888 3287,2887 3274,2897 3252,2896 3246,2903 3236,2896 3229,2896"/>
                <Baseline points="3235,2930 3267,2931 3300,2932"/>
                <TextEquiv>
                    <Unicode>e.(</Unicode>
                </TextEquiv>
            </TextLine>
            <TextLine id="r3l19" custom="readingOrder {index:18;}">
                <Coords points="2753,2991 2945,3005 2987,2990 3054,3014 3110,2992 3345,3005 3344,2945 3308,2936 3285,2955 2935,2937 2753,2953"/>
                <Baseline points="2761,2995 2789,2994 2818,2993 2847,2991 2876,2990 2905,2989 2933,2989 2962,2989 2991,2989 3020,2989 3049,2989 3077,2989 3106,2989 3135,2989 3164,2989 3193,2988 3221,2988 3250,2987 3279,2987 3308,2986 3337,2985"/>
                <TextEquiv>
                    <Unicode>und die Personen sind schon in</Unicode>
                </TextEquiv>
            </TextLine>
            <TextLine id="r3l20" custom="readingOrder {index:19;}">
                <Coords points="2742,3044 2791,3064 2929,3051 2978,3069 3071,3046 3101,3063 3312,3058 3348,3050 3348,3004 3312,2990 3146,3013 3110,2992 3054,3016 2863,2998 2742,3019"/>
                <Baseline points="2750,3049 2779,3049 2809,3048 2838,3048 2868,3048 2897,3048 2927,3048 2956,3048 2986,3048 3015,3049 3045,3049 3074,3049 3104,3049 3133,3049 3163,3049 3192,3048 3222,3048 3251,3047 3281,3046 3310,3045 3340,3044"/>
                <TextEquiv>
                    <Unicode>charakterisiert, und zwar so</Unicode>
                </TextEquiv>
            </TextLine>
            <TextLine id="r3l21" custom="readingOrder {index:20;}">
                <Coords points="2739,3106 3055,3121 3145,3106 3277,3125 3318,3098 3339,3107 3338,3054 2968,3069 2924,3053 2872,3072 2830,3055 2739,3086"/>
                <Baseline points="2747,3107 2776,3105 2805,3103 2834,3102 2863,3102 2892,3101 2921,3100 2951,3100 2980,3100 3009,3100 3038,3100 3067,3100 3096,3100 3125,3100 3155,3100 3184,3100 3213,3100 3242,3100 3271,3099 3300,3099 3330,3098"/>
                <TextEquiv>
                    <Unicode>Kellner George aus Meißen, i</Unicode>
                </TextEquiv>
            </TextLine>
            <TextLine id="r3l22" custom="readingOrder {index:21;}">
                <Coords points="2743,3154 2804,3174 3202,3159 3223,3176 3264,3157 3297,3174 3350,3152 3350,3120 3094,3109 3070,3128 2972,3106 2935,3124 2914,3109 2743,3121"/>
                <Baseline points="2751,3163 2780,3161 2810,3160 2839,3158 2869,3158 2898,3157 2928,3157 2957,3157 2987,3158 3016,3158 3046,3158 3076,3158 3105,3159 3135,3159 3164,3159 3194,3159 3223,3159 3253,3158 3282,3157 3312,3156 3342,3155"/>
                <TextEquiv>
                    <Unicode>mit schlesischem Anklang, wiel</Unicode>
                </TextEquiv>
            </TextLine>
            <TextLine id="r3l23" custom="readingOrder {index:22;}">
                <Coords points="2754,3241 2949,3216 3119,3234 3149,3213 3228,3236 3284,3221 3309,3240 3350,3216 3350,3166 3290,3187 3189,3169 3152,3194 3104,3169 2939,3181 2915,3164 2754,3186"/>
                <Baseline points="2762,3224 2791,3223 2820,3222 2849,3222 2878,3222 2907,3221 2936,3221 2965,3221 2994,3221 3023,3221 3052,3221 3081,3221 3110,3221 3139,3221 3168,3221 3197,3221 3226,3220 3255,3220 3284,3219 3313,3218 3343,3217"/>
                <TextEquiv>
                    <Unicode>schlesisch berlinert. Neu ab</Unicode>
                </TextEquiv>
            </TextLine>
            <TextEquiv>
                <Unicode>Person in dem geschilderten 3
früh läßt sich doch bei ihm hie
für die Entwicklung der Chal
die Auswicklung der Charakt
wisse Charaktere von klar un
Umständen
her unter gewiss
ihm
bewegen. Dart
Voch
Wo
ders
and
erd
ges
n
d
e.(
und die Personen sind schon in
charakterisiert, und zwar so
Kellner George aus Meißen, i
mit schlesischem Anklang, wiel
schlesisch berlinert. Neu ab</Unicode>
            </TextEquiv>
        </TextRegion>
    </Page>
</PcGts>
