3344 4320
1940 219 2250 296 ——
1467 285 1915 374 box 36/1
131 295 612 395 1. Panphle
587 294 1310 394 ets, Offprints
1583 1299 1781 1370 Dichtung.
1062 1309 1173 1372 372
1046 1413 2322 1479 liche Idee zu verkörpern. Dem entspricht denn auch sein
1052 1481 2309 1536 passives Verhalten und seine weiche, fast weibliche Art, zu ganz
1044 1527 2306 1590 offensichtlichen Konsequenzen einer bestimmten Weltanschauung,
1053 1600 2308 1652 zu sittlichen Problemen Stellung zu nehmen. Das erscheint
1057 1650 2304 1713 zunächst um so eigentümlicher, als in ihm von Jugend auf
1057 1697 2305 1749 ein starker religiöser Zug wahrnehmbar ist, wenn dieser Zug
1054 1753 2303 1815 sich auch wohl niemals zu positivem Christentum verdichtet hat.
1057 1807 2311 1862 Und es wird auf den ersten Augenblick noch verwunderlicher, wenn
1048 1868 2302 1920 wir von v. Hanstein, der ihn in entscheidenden Jahren (1885 ff.)
1049 1933 2307 1993 genau gekannt hat, hören, er habe vor allem einen starken
1054 1977 2312 2036 sozial=ethischen Zug gehabt. Freilich: spricht v. Hanstein dann
1056 2036 2306 2097 weiter von Entsagungspessimismus, so ist die Erklärung gegeben.
1054 2092 2304 2145 Es ist eine, wenn auch edle, sittliche Resignation, die Hauptmann
1053 2145 2300 2203 kennzeichnet. Gewiß treten gelegentlich neben ihr leise opti¬
1055 2201 2308 2268 mistische Lichter auf, so z. B. in dem prächtigen Lied der Eisen¬
1044 2253 2306 2312 bahnräder oder auch in den minder bekannten Worten, mit
1049 2314 2304 2378 denen der Dichter „Das bunte Buch“, eine Gedichtsammlung
1043 2376 2279 2439 vom Jahre 1885, eröffnen wollte (Schlenther, Hauptmann 2
1046 2434 2304 2491 S. 173): „Wie eine Windesharfe sei deine Seele, Dichter!
1048 2492 2307 2548 Der leiseste Hauch bewege sie. Und ewig müssen die Saiten
1051 2539 2299 2597 schwingen im Atem des Weltwehs; denn das Weltweh ist die
1040 2608 2309 2661 Wurzel der Himmelssehnsucht Also steht deiner Lieder Wurzel
1041 2650 2301 2716 begründet im Weh der Erde; doch ihren Scheitel krönet
1044 2711 2307 2759 Himmelslicht.“ Indes solche leifeste Hoffnungen einer kommenden
1041 2763 2295 2837 Regeneration sind vorübergehende Stimmungen, und keineswegs
1045 2816 2300 2875 ist aus ihnen ein kräftiger Optimismus hervorgewachsen. Denn
1048 2881 2300 2942 noch neuerdings, in dem Drama „Michael Kramer“ (1900),
1038 2928 2292 2999 legt der Dichter dem Titelhelden — ich zweifle nicht, als Aus¬
1046 2994 2301 3058 druck eigenster Überzeugung — Worte klagender Resignation
1035 3053 2298 3110 in den Mund: „Wo' sollen wir landen, wo treiben wir hin?
1040 3100 2310 3155 Warum jauchzen wir manchmal ins Ungewisse? Wir Kleinen,
1045 3154 2307 3219 im Ungeheuren verlassen? Als wenn wir wüßten, wohin es
1045 3212 2304 3283 geht... Von irdischen Festen ist es nichts! — Der Himmel
1033 3268 2304 3329 der Pfaffen ist es nicht! Das ist es nicht, und jen's ist
1039 3321 2305 3378 es nicht, aber was . . . .. (mit gen Himmel erhobenen Händen)
1048 3379 2307 3454 was wird es wohl sein am Ende???“ Gewiß, der Mann, der
2554 4163 2609 4221 .—
3189 1324 3304 1402 Dicht
2670 1431 3300 1513 verzweiflungsvoll oder mindestel
2676 1497 3303 1570 ausbricht, ist ein Mann härte
2670 1553 3298 1621 und er will erziehlich wirken an
2673 1613 3303 1680 Pflichtbewußtseins, — aber do
2671 1674 3308 1741 zeichnet, das ist eine große Unh
2667 1727 3301 1796 Empfindung in den höchsten Fi
2664 1781 3309 1858 gemäß, da er ein ernster Mann
2657 1842 3300 1907 Ruhe im Glaube und nach e
2651 1898 3307 1956 noch keineswegs sein eigen nenn
2762 1946 3303 2019 Hauptmann mag im Wes
2655 2015 3302 2075 dürfnisse unserer Zeit widerges
2663 2056 3309 2130 den Weg zum vollen idealistische
2665 2122 3309 2185 aller Ansätze zu einer Weltan
2665 2164 3092 2247 noch nicht gefunden.
2758 2227 3313 2301 Viel näher kam bisher S
2656 2279 3318 2352 darauf, daß er von vornherein si
2665 2341 3320 2415 bereits einmal angedeutet, eigen
2650 2397 3316 2467 Übergangsdramatiker: er hat sich
2658 2450 3307 2526 mals verloren, wohl aber sich ih
2657 2510 3312 2581 gegeben, je mehr dieser sich ra
2661 2559 3319 2631 Elementen verbinden ließ. Su
2660 2629 3316 2691 steht am deutlichsten am Schlusseh
2646 2674 3315 2747 und hat sich seit dieser Aufzeig
2643 2734 3314 2802 punkten verändert. Wir finden
2654 2791 3308 2855 Reginens, so wie wir Michael
2648 2843 3319 2907 seines Sohnes haben philosoph
2649 2909 3316 2967 dachte und sann, ward ihm zu
2653 2964 3320 3034 lichteten, welche den Boden des m
2646 3017 3317 3085 lichen Bewußtsein trennen, und e
2645 3068 3320 3145 der Mensch sonst pflegt, in de
2647 3117 3316 3187 hinein. Das, was man das Gut#
2659 3174 3326 3239 haltlos in den Nebeln der Oberfla
2650 3236 3329 3304 träumender Kraft das — Nati#
2652 3290 3307 3361 gnadet hat, sprach er zu sich,
2648 3334 3329 3408 dunklen Tiefen wurzeln und duld
2646 3405 3310 3483 emporstrebe, ohne daß die Nebel
2747 4149 3164 4215 EN
