3344 4384
1176 152 1399 202 —
1462 212 1920 308 box 36/1
237 215 1304 316 Panphlets Offorints
1175 1116 1370 1185 Dichtung.
654 1122 777 1193 306
662 1228 1927 1292 Eindruck, den diese neue Kunst bei ihrem Erscheinen machte, ist
658 1289 1924 1363 von Bahr, wohl dem größten Anempfinder der litterarischen
668 1339 1921 1413 Vorgänge in Frankreich und Deutschland während der achtziger
668 1412 1919 1461 und neunziger Jahre, besonders sinnfällig beschrieben worden!.
673 1451 1923 1514 Von dem Romane Georgs von Ompteda „Drohnen“ (1893)
671 1524 1928 1582 sagt er: „Keine Handlung und gar keine Psychologie und nicht
676 1567 1927 1635 einmal das gemeine Vermögen der Naturalisten, das tägliche
669 1642 1925 1699 Leben zu malen: diese vielen Dinge sehen wir kaum. Aber
676 1692 1922 1738 wir fühlen sie, wir zucken von ihnen, sie rieseln in uns. Der
678 1734 1936 1795 nervöse Gehalt wird von ihm aus den Dingen gezogen und in
668 1800 1931 1858 den Leser gebracht. Plastisches fehlt; er geht ohne Umweg
667 1840 1935 1910 unmittelbar gleich an die Nerven. Aus Menschen und Dingen
679 1903 1929 1968 weiß der Verfasser nur den eigenen Dunst, der um sie schwebt,
682 1970 1939 2028 weiß er nur ihre Musik zu holen. Am schönsten ist das an
676 2010 1935 2068 der „Gräfin Ines' in seiner letzten Sammlung „Unter uns
679 2085 1928 2139 Junggesellen (1894) gelungen. Nirgends wird seine Weise
686 2127 1935 2188 deutlicher als in dieser gelassenen, schlichten und doch so un¬
683 2182 1931 2258 gemeinen Erzählung, die ein Wunder an Harmonie von Gefühl
679 2239 1935 2304 und Form ist. Nichts geht vor, als daß ein junger Mann
682 2309 1942 2362 eine junge Dame kennen lernt. Von dem jungen Mann erfahren
679 2345 1935 2430 wir gar nichts, und so mag sich jeder selber an seine Stelle
685 2421 1935 2470 denken. Von der jungen Dame erfahren wir nichts als den
682 2460 1932 2534 Geruch ihrer Worte, wir hören die liebe Farbe ihrer Stimme,
693 2510 1937 2593 und so mag sich jeder für sie die besten Formen denken. Nur
680 2575 1950 2647 die Melodie tönt, wie die zwei jungen Leute sich mit leisen
674 2645 1946 2701 Fäden ziehen. Das giebt einen unsäglichen Reiz, weil es im
688 2698 1950 2753 Grunde gar keine Gestalten, sondern uns in die Stimmung
687 2749 1947 2811 bringt, selber zu gestalten. Es wirkt wie ein stilles Lied, wie
686 2803 1942 2872 leises Flüstern auf der Geige und läßt uns ins Weite träumen.
689 2873 1932 2924 Ich habe nie eine so nichts als musikalische Prosa ge¬
695 2916 1946 2977 lesen. Und gleich darauf bemerkt Bahr von dem Roman der
691 2972 1945 3041 Ricarda Huch „Erinnerungen von Ludolf Ursleu dem Jüngern“.
695 3023 1946 3089 (1893): „Sie erzählt die Wirrungen, die eine ungestüme und
697 3076 1964 3155 sündige Liebe über eine Hamburger Familie bringt und der
796 3197 1955 3284 1 Renaissance, neue Studien zur Kritik der Moderne S. 67 ff., 1897.
1933 141 2366 214 ——
2929 1094 3142 1164 Dichtung.
2423 1198 3298 1274 Tod erst löst. Seltsam ist nun, wie der
2419 1275 3275 1327 Handlungen, ja ohne große Worte, indem
2434 1318 3299 1383 und immer episch bleibt, unbeschreiblich aufg
2425 1382 3294 1444 Zorn und Schmerz getrieben, im Innersten be
2426 1430 3300 1499 das Thema? Es ist alt, und da es sehr
2431 1496 3298 1557 ständlich in Gang gebracht wird, höchstensst
2423 1554 3297 1611 fähig. Durch die Form? Es ließe sich lei
2423 1596 3301 1673 Behandlung denken, und der breite, geflissent
2416 1666 3304 1723 gewaltsam goetheisierende Stil müßte ehe
2424 1702 3306 1781 dämpfen. Also wie? Man kann es nicht sa
2418 1778 3311 1833 ganz die Wirkung der Musik, wo man auch ni
2419 1819 3296 1881 denn traurig oder heiter ist, als weil sie eben
2424 1879 3301 1942 oder heiter macht. Man wird von Accorde
2430 1931 3301 2008 Stimmungen gezogen." Musikalische Wirk
2415 1994 3310 2057 auf die Nerven: das, was die Huch wie von
2431 2043 3286 2102 und unter Anwendung nicht bloß der von
2423 2096 3300 2163 sondern auch noch einer ganzen Anzahl a
2423 2160 3304 2223 ausüben, ist die Herrschaft über die neurol
2428 2214 3291 2268 Daß aber eine neurologische Technik den
2425 2262 3309 2344 hohem Grade begünstigt, ja für ihn in sein
2425 2328 3299 2397 gestaltung Voraussetzung ist, zeigt wiederum
2431 2381 3308 2456 starken symbolischen Wirkungen des Musikdrau
2421 2446 3037 2507 der symphonischen Dichtung.
2520 2494 3312 2557 Dieser Symbolismus ist, in Deutschland
2415 2546 3301 2615 weiteren Entwicklung nach eine Kunst vorne
2432 2608 3294 2677 weiblichen Charakters. Kein Wunder daher,
2424 2680 3296 2727 vornehmsten Vertreterinnen sind. Gewiß
2424 2716 3307 2776 Autoren, wie schon der Schweizer Walter Si
2429 2773 3304 2838 in seinem Romane „Tino Moralt“ (1890)
2418 2831 3309 2903 Verfalls künstlerischer Schaffenskraft, einige
2424 2888 3302 2959 Richtung gezeigt, und selbst der männliche
2419 2935 3312 3018 legentlich (in „Effi Briest“, 1895) das Besch
2421 2998 3309 3061 bolische gesteigert und sich damit auch neu
2425 3049 3313 3127 genähert. Im Vordergrunde aber stehen dog
2419 3111 3308 3176 Kurz, Anselm (Selma) Heine, Helene Böhlg
2509 3165 3301 3245 Von der symbolistischen Technik wird
