3296 4352
192 271 1285 383 Panphlets offbrints
132 1180 325 1240 Dichtung.
107 1246 863 1353 führte. Unter den späteren Märchen¬
110 1343 862 1400 lem wohl Sudermanns „Drei Reiher¬
103 1382 867 1471 ne in hurtigen Versen dramatisierte,
114 1446 867 1515 Geschichte von einem Prinzen, der
119 1509 871 1574 eale sucht, dessen Besitz ihm schon in
122 1556 871 1646 st, und darüber dies Ideal verliert.
123 1721 871 1807 Märchen= und Traumdrama waren die
132 1793 868 1865 Wege gleichsam zum psychologischen
140 1850 875 1907 keineswegs abgeschlossen. Worin die
113 1895 878 1979 klag, direkt vorwärts zu dringen, in¬
114 1953 873 2028 onkurrenz von hochstehender Psychologie
113 2022 871 2085 Peltanschauung begründeter Schicksals¬
119 2078 878 2136 tliches Drama der Gegenwart erzeugen
138 2124 877 2190 diesem notwendigen Zusammenwirken
125 2184 893 2250 idee bisher noch versagte, davon wird
123 2245 507 2313 Rede sein können.
106 2282 880 2368 n sich um die Mitte der neunziger
116 2357 879 2439 nstweilen mit einem schwachen Ersatz¬
115 2403 888 2500 uing behalf, der Stimmung — jener
133 2468 890 2533 des Dichters, die wir, wie bereits
125 2514 895 2589 der Lyrik und in der Kunsterzählung
114 2570 893 2654 dem Gebiete der bildenden Künste als
134 2641 896 2704 zu idealisierender Kunstübung kennen
136 2683 893 2754 also ein, was man wohl die lyrische
166 2751 898 2817 genannt hat: eine schon vertiefte
134 2804 899 2876 eigenen Ichs führte zur Verknüpfung
136 2850 909 2931 zischen Erfahrungen mit subjektiven
121 2936 199 3001 g.
125 2962 899 3040 er Entwicklung lassen sich nun bereits
120 3022 895 3100 prechend dem stärkeren psychologischen
132 3095 897 3153 on in den Formen des physiologischen
144 3135 899 3217 sie bereits bei dessen fortgeschrittensten
119 3197 911 3281 So hat Hirschfeld bereits seit mindestens
133 3253 907 3344 hre elegische Momente und Charaktere,
1903 189 2249 273 — —
1433 266 1894 353 box 36/1
2455 1134 2570 1229 347,
1852 1143 2051 1208 Dichtung.
1321 1248 2570 1313 deren Umrisse gleichsam duftig komponiert sind wie die Konturen
1317 1312 2577 1374 in gewissen Gemälden der Kunst der Farbensymphoniker; ähnlich
1326 1373 2579 1445 zeichnet Schnitzler in seinen frühesten Dichtungen; noch weiter
1329 1432 2582 1483 endlich geht Ernst Rosmer, eine Dichterin, für deren von Anfang
1324 1485 2573 1544 an zerflatternde und stimmungsvollere Produktion der Name
1327 1538 2582 1594 des Dramas „Dämmerung“ vom Jahre 1893 charakteristisch
1328 1583 2586 1648 ist. Gleichzeitig aber mit ihr, ja vielleicht noch früher finden
1327 1647 2586 1706 sich Spuren lyrischer Erweichung auch schon in den Dramen
1329 1725 2579 1772 Hartlebens, des heimlich sentimentalen, offen ironischen Dichters,
1334 1757 2590 1831 so in der „Angéle" von 1891, in „Hanna Jagert“ von
1322 1821 1645 1892 1893 u. a. m.
1416 1855 2575 1930 Als dann neben dem naturalistischen Drama die Märchen¬
1322 1922 2595 1993 und Traumdichtung mit all ihren symbolistischen Elementen
1324 1975 2587 2048 erblühte, da lag es in der Natur auch dieser Entwicklung,
1339 2033 2583 2101 daß zugleich der dramatische Lyrismus stieg: denn Symbole
1338 2091 2591 2169 wirken immer auf die langsam aufquellende, lyrisch charakte¬
1342 2147 2597 2227 risierte Empfindung. Der Zusammenhang zeigt sich schon
1342 2203 2595 2277 darin, daß diese Dramen wieder das musikalische Element, den
1331 2264 2599 2345 Vers begünstigen; unmittelbar zu Tage tritt er in Hauptmanns
1346 2325 1801 2397 „Versunkener Glocke“
1432 2362 2597 2440 Zum besonderen Kunstwerk ist das Drama der lyrischen
1339 2441 2600 2498 Erweichung dann durch die namentlich neurologischen Experi¬
1337 2483 2600 2559 menten nachgehende Gruppe um George und Hofmannsthal,
1346 2553 2603 2610 vor allem durch Hofmannsthal selbst entwickelt worden; von
1340 2600 2594 2664 ihm haben wir die Dramen „Gestern“ (1892), „Der Tod
1346 2671 2602 2736 Tizians“ (1892), „Der Thor und der Tod“ (1894), „Die
1341 2708 2597 2771 Hochzeit der Sobeide“ (1899) und „Der Abenteurer“ (1899).
1352 2782 2603 2836 In kleinen Scenen finden wir hier die große formale Kunst
1342 2822 2596 2896 dieser Gruppe und vor allem Hofmannsthals selbst wieder:
1342 2887 2604 2941 die Verse schmeicheln sich wie Musik ins Ohr; und nicht selten
1355 2934 2600 3002 werden Töne hoher elegischer Weichheit angeschlagen. Aber das
1345 2998 2620 3060 Ergebnis des Anhörens mehrerer von diesen Stücken ist dennoch
1353 3050 2507 3120 die Eintönigkeit, wenn auch die Eintönigkeit der Anmut.
1441 3093 2619 3175 Kann es gelingen, das Drama, die objektivste aller
1361 3172 2622 3232 Dichtungsformen, mit persönlichen Stimmungselementen so zu
1360 3228 2610 3294 durchtränken, daß wir jeden Augenblick den Dichter vernehmen,
