3344 4384
1262 178 1340 234 —
2052 169 2263 242 —
1469 236 1908 329 box 36/1
126 235 1303 330 1. Panphlets Offorints
1438 931 2136 1067 Aun Drunn Ahutr
1655 1026 2002 1145 au Voub
865 1065 1402 1193 „Aeusize, A.#
1448 1130 1657 1193 Dichtung.
2035 1051 2196 1223 4
924 1222 2201 1309 wenn in dieser Kunst Österreich, und das hieß Wien, zum Teil
927 1302 2184 1362 die Führung übernahm. Und sicherlich war es wienerisch, wenn
922 1351 2184 1406 in diesem Zusammenhange die Verquickung von Sentimentalität
936 1405 2186 1465 und Frivolität als ein längere Zeit mit besonderer Liebe ge¬
933 1466 2187 1531 pflegtes Moment emporkam. Der Hauptvertreter dieser
933 1521 2183 1588 Schattierung war der Wiener Arthur Schnitzler (geb. 1862;
942 1576 2187 1649 „Anatol“ 1893 u. a. m.); mit mehr Meisterschaft als andere
929 1638 2188 1681 hat er Seelenzustände in den weichen, zerfließenden Formen
934 1697 2189 1756 kurzer Skizzen wiedergegeben. Charakteristisch war dabei für diese
939 1742 2180 1803 besondere Richtung die Vorliebe für die dialogisierte Novellette:
925 1807 2163 1865 recht eigentlich ein Kunstwerk des so sehr zum „Plauschen“
933 1857 2183 1918 neigenden Wiens und seiner Cafés und Salons, wie denn auch
925 1911 2174 1999 die Ebner=Eschenbach die Form der dramatisierten Novelle ge¬
935 1969 1832 2044 legentlich mit großer Kunst gehandhabt hat.
930 2016 2177 2098 Aber auch im Reiche wurde die psychologisch=impressio¬
927 2087 2185 2146 nistische Skizze und Geschichte in den neunziger Jahren eine
928 2154 2171 2200 immer beliebtere Erzählungsform; sie unterwarf sich dabei teil¬
935 2213 2174 2270 weis der Neigung der Zeit zum Märchen, die wir in der Ge¬
934 2269 2180 2323 schichte des Dramas noch genauer kennen lernen werden, und
937 2318 2183 2378 führte, idealistisch gewendet, einerseits zu gänzlicher Erweichung
934 2359 2178 2432 in bloße, fast rein lyrische Stimmungsbilder, andererseits zu
926 2416 2178 2476 einem phantastischen Symbolismus. Es sind Übergänge, in
925 2477 2167 2534 denen sich erst leise, dann immer fester umrissen hinter der ge¬
936 2527 2169 2588 schilderten Erscheinungswelt eine andere feelische Welt empor¬
932 2579 2182 2651 bildete, die dann durch die Erscheinungswelt als die Summe
924 2642 2189 2698 und das Ganze ihrer Symbole geheimnisvoll hindurchzuglänzen
929 2706 1105 2766 begann.
1019 2756 2187 2823 Indem aber diese symbolistischen Vorstellungen immer mehr
932 2822 2184 2885 entfaltet wurden, trat an Stelle der kurzen Geschichte, die
924 2883 2192 2942 der verwickelteren Gedoppeltheit der symbolistischen Erzählung
934 2929 2180 2995 nur schwer gerecht werden kann, wieder mehr die längere Ge¬
927 2980 2185 3030 schichte, der Roman. Und zugleich wurde an Stelle des psycho¬
925 3048 2185 3100 logischen Impressionismus, der sich gegenüber den symbolistischen
926 3092 2180 3142 Neigungen leicht als zu tageshell und als zu reinlich und zu fest
923 3161 2176 3216 tonstruiert erwies, die dumpfere, unbestimmtere, ahnungsreichere
935 3213 2196 3271 neurologische Impression gesetzt. Der gänzlich ungewohnte
1947 3261 2007 3329 20
1001 3257 1833 3344 #amprecht, Deutsche Geschichte. Erster Ergänzungsband.
