3344 4352
1937 179 2315 257 ——
1465 254 1900 337 box 36/1
521 257 684 328 Jet
120 260 1341 342 1. Panph offbrints
1408 1357 1608 1421 Dichtung.
883 1357 991 1420 330
885 1460 2135 1517 wenigstens für das Publikum Shakespeares: für uns gehören
881 1518 2137 1590 sie ihrem sozialpsychischen Gehalte nach, soweit dieser vom
878 1581 2145 1641 Dichter unbewußt individualisiert worden ist, eben doch nur
872 1635 2139 1689 der Zeit Shakespeares an. Und wer wird heute selbst in den
879 1692 2143 1739 Schweizern des „Tell“ gerade die Schweizer des 13. oder 14.
882 1753 2145 1801 Jahrhunderts klar erkennen wollen, wer in den Niederländern
881 1808 2137 1871 des „Egmont“ die Niederländer gerade der zweiten Hälfte des
875 1860 2131 1911 16. Jahrhunderts? Nur in „Wallensteins Lager“ fühlen wir
873 1916 2133 1974 mit Sicherheit den vollen Hauch des Dreißigjährigen Krieges.
969 1976 2134 2036 Wenn aber Schiller die soziale Psyche dieser schweren
874 2043 2141 2095 Zeit mehr als andere Dichter den sozialpsychischen Charakter
880 2089 2132 2142 anderer Perioden zu neuem Leben erweckt hat, so erklärt sich
876 2145 2144 2198 das zu nicht geringem Teile daraus, daß er die Sprache der
875 2204 2145 2270 Personen des Lagers mehr als sonst üblich der Sprache des
874 2259 2146 2320 17. Jahrhunderts angenähert hat. Denn worin konzentriert
870 2312 2140 2365 sich der feine Duft des sozialen Seelenlebens eindringlicher und
881 2363 2138 2424 gleichsam körperlicher als in der Sprache? Die Kunst, die
879 2414 2131 2480 Sprache einer sozialen Welt zu beherrschen, muß heute als
879 2481 2139 2530 Vorbedingung für deren künstlerische Wiedergabe betrachtet
872 2533 2145 2599 werden. Es entspricht darum der elementarsten Forderung
873 2601 2127 2660 eines naturalistischen Impressionismus, wenn „de Waber“
880 2657 2131 2713 Hauptmanns den schlesischen Dialekt in all seinen Besonder¬
881 2697 1204 2767 heiten sprechen.
968 2771 2142 2823 Wenn aber die Sprache das greifbare Leben gleichsam der
881 2816 2138 2860 Gesamtseele einer menschlichen Gesellschaft darstellt und die
869 2885 2125 2939 menschlichen Gesellschaften in ihren größten und weitesten Er¬
880 2931 2132 2982 scheinungen doch nicht bloß als gleichgültig nebeneinander be¬
878 2986 2146 3032 stehende Teilgruppen eines großen, zu einer bestimmten Zeit
881 3053 2129 3106 bestehenden nationalen oder auch internationalen Körpers be¬
875 3094 2135 3145 griffen werden können, sondern vielmehr als die Gesellschaften
874 3160 2133 3206 verschiedener, seelisch weit voneinander abweichender Zeitalter,
866 3221 2130 3273 ergeben sich dann nicht gänzlich neue Aufgaben und Grund¬
874 3256 2132 3321 lagen für jedes historische Drama? Muß dann nicht das
876 3327 2137 3390 herkömmliche Drama der geschichtlichen Begebenheit, das der
870 3380 2146 3449 Hauptsache nach nur dadurch als historisch charakterisiert zu
861 3438 2148 3489 werden pflegt, daß uns aus unserer Lernzeit her bekannt
3146 1356 3295 1423 Dichtung
2615 1463 3285 1540 ist, wie seine Personen diesem
2615 1526 3293 1593 gehören: — muß es nicht dadurch
2606 1578 3304 1651 unterbaut werden, daß sein gesells¬
2616 1626 3300 1715 auch durch die Sprache deutlich d
2611 1689 3310 1766 es einer bestimmten Vergangenheit
2617 1745 3295 1820 nicht weiterhin aus diesem Zusamm
2620 1798 3300 1870 historisches Drama, als das bisher
2614 1860 3293 1928 psychische oder das Drama des his
2619 1925 3303 1988 sich früher ausgedrückt haben wi
2603 1980 3307 2041 die Leiden, Schicksale, Katastrophend
2609 2026 3300 2096 der Volksseele von ehedem in der
2603 2083 3315 2151 einzig und allein charakteristischen
2605 2140 3312 2215 zeigt? — Anfänge eines solchen D
2613 2194 3306 2270 an Grabbes Namen knüpfen, hat Ha
2602 2252 3298 2321 Geyer“ zu einer der Absicht des
2607 2304 3284 2377 Art des dramatischen Kunstwerks
2704 2364 3315 2436 „Florian Geyer“, benannt n
2603 2418 3306 2494 des Bauernkrieges von 1525, füh
2614 2485 3290 2539 Es ist, im weitesten genommen,
2607 2538 3312 2605 Volksseele dieser Zeit auf der Büh
2613 2586 3314 2657 dies Ziel wird zunächst durch Beha
2603 2639 3315 2714 Alle Personen reden, unter den für
2612 2707 3310 2769 wart unerläßlichen Einschränkungen
2610 2760 3303 2824 hunderts, und zwar ebenso dem
2605 2810 3311 2879 nach. Aber noch über die Sprach
2610 2865 3299 2932 geschichtliche Seelenzustand des 16. J
2610 2924 3303 2985 aufgesucht: die nach unserem begri
2608 2978 3320 3056 sittlich viel zersetzteren Empfinde
2614 3029 3304 3109 Seele des 16. Jahrhunderts tritt
2618 3096 3306 3159 lungsweise der Personen ständig in
2613 3150 3306 3219 halb dieses großen zeitpsychischen
2622 3205 3248 3264 sondere dramatische Handlung.
2710 3266 3310 3328 Diese Handlung aber ist dannn
2615 3322 3317 3387 engeren Sinne sozialpsychisch, denn
2608 3375 3321 3446 Klasse des Volkes, sind die Bauern
2614 3427 3308 3494 gegen die weltlichen und geistlichen (
