3344 4352
2085 156 2291 229 —
1482 221 1935 316 box 36/1
141 235 1318 332 1. Panphlets, Offprints
2209 1230 2327 1299 327
1605 1228 1794 1301 Dichtung.
1069 1351 2328 1419 Gebote, sondern vielmehr zartester gegenseitiger Daseins¬
398 1366 582 1436 großen
1077 1402 2152 1457 bedingungen einer hochstehenden freien Menschlichkeit.
394 1435 487 1489 mus
1178 1471 2335 1520 Von nun ab aber beginnt Hauptmann viel mehr eigene
427 1483 561 1548 ausali¬
1082 1505 2326 1572 Wege zu gehen. Und diese führen ihn in doppelter Richtung:
471 1541 587 1608 hung
1081 1566 2336 1632 zur impressionistisch=individualpsychologischen Komödie und zum
436 1596 577 1658 „Vor
1083 1644 2017 1695 impressionistisch=sozialpsychischen Massendrama.
425 1649 569 1712 ind des
1174 1671 2331 1739 Der Komödie gehören „College Crampton“ (1892) und
1086 1738 2335 1796 der „Biberpelz“ (1893) an. Von ihnen ist das erste Stück,
506 1771 588 1826 us,
1085 1792 2342 1855 das durch eine Aufführung von Molières „Geizigem“ angeregt
493 1816 569 1875 le“:
1076 1859 2343 1912 wurde, im Grunde nur die bis ins kleinste ausgeführte
528 1879 573 1937 so
1087 1912 2346 1965 Charakterstudie eines trunksüchtigen Professors einer schlesischen
534 1932 586 1994 ffe
1093 1974 2344 2033 Malerakademie, bei der dem Dichter Erinnerungen an einen
1085 2021 2350 2079 akademischen Jugendaufenthalt in Breslau zu Hilfe gekommen
1094 2072 2338 2152 sein werden; die bürgerlich=kaufmännischen Kreise, die dem
540 2116 578 2168 ja
1102 2134 2342 2197 „Collegen Crampton“ gegenübergestellt erscheinen, sind, wenn
1094 2195 2334 2255 auch mit bezeichnenden Strichen, doch nur andeutend gemalt
1095 2239 2339 2317 und weniger gelungen. Das Wesen der Komödie erhält das
1089 2291 2347 2367 Stück zum Teil durch die genial=humorvollen Züge des Helden
1096 2351 2351 2420 und die Gegenfigur seines Faktotums, eines sorgsam=biederen
527 2394 605 2453 ken
1096 2410 2352 2472 Dienstmannes, — vor allem aber durch seinen freilich etwas
1100 2473 2345 2543 unorganischen und äußerlich gehaltenen Ausgang, indem uns
1095 2516 2351 2579 die Möglichkeit einer Besserung des traurigen Zustandes des
1101 2574 2351 2647 Helden, wenn auch nur von ferne, gezeigt wird. In viel um¬
1091 2639 2356 2696 fassenderem Sinne ist der „Biberpelz“ eine Komödie, die
1101 2702 2343 2752 Komödie des dummen Strebertums: freilich eine Satire zu¬
1097 2740 2352 2813 gleich und insofern ein weiterer Schritt auf dem Wege, den
1105 2799 2358 2863 Kleist mit dem „Zerbrochenen Krug“, Hebbel mit dem „Trauer¬
1101 2863 1825 2928 spiel in Sicilien“ beschritten hatte.
1187 2908 2355 2986 Indes noch bevor der „Biberpelz“ auf der Bühne erschien,
1097 2973 2356 3035 war Hauptmann in völlig neue Bahnen eingelenkt. Liegt der
1105 3036 2367 3091 geschichtlichen Betrachtung bei der Tragikomödie, wie soeben
1102 3079 2353 3146 bemerkt, eine Anknüpfung an Hebbel und Kleist nahe, und läßt
1110 3141 2361 3198 sich gelegentlich der Familienstücke des Dichters vergleichsweise
1103 3195 2344 3256 rückwärtsgreifen mindestens bis auf Ludwigs „Erbförster“
1110 3261 2350 3324 und Hebbels „Maria Magdalena“, so versagen für die sozial¬
1102 3295 2374 3372 psychischen Massendramen, für die „Weber“ (1892) und „Florian
2941 4081 3177 4161 an Sig#.
