3344 4352
177 245 1298 350 Panphlets offorints
1596 1220 1804 1294 Dichtung.
1075 1226 1198 1294 352
1074 1339 2331 1403 z. B. geht in einer jüngeren Schöpfung, „Mutter Maria“, ent¬
1078 1404 2165 1461 schieden seiner Kunst neurologischer Wirkungen nach.
1171 1454 2336 1513 Entwicklungsgeschi#tlich aber wird man Maeterliuck mit
1074 1515 2336 1566 den deutschen Stimmungsdramatikern zusammenstellen müssen.
1067 1568 2321 1632 So verschieden die Technik auf beiden Seiten ist, so ver¬
1081 1624 2336 1670 wandt ist das Ausgehen von der Nervengrundlage und das
1070 1681 2344 1737 Drängen in die Stimmung: nur daß diese Stimmung bei den
1080 1742 2339 1800 Deutschen mehr subjektiv gefaßt und darum mehr von der
1086 1794 2340 1854 Person des Dichters her dem Zuhörer vorgetragen wird,
1069 1854 2332 1915 während der Vlame, wie gesagt, mit objektiven Momenten
1069 1911 2336 1955 vergangener Zeiten arbeitet, die der Gegenwart nur noch als
1068 1961 2336 2025 Stimmungswerte gegenwärtig sind, und daher imstande ist,
1072 2016 2337 2078 diese Momente mehr aus den gegenständlichen Erscheinungen
1081 2075 2339 2139 des Dramas selbst heraus im Zuhörer wachzurufen. Läßt sich
1073 2128 2318 2184 aber darum Maeterlinck schon als „objektivistischer Idealist“
1079 2193 2337 2240 bezeichnen? Ersetzt seine halb objektive Stimmungsgrundlage
1080 2250 2324 2296 dem modernen Menschen wirklich eine Weltanschauung? Keines¬
1077 2302 2327 2374 wegs vielmehr wird diesem der Weg, den Maeterlinck ein¬
1077 2369 2328 2427 geschlagen hat, bei klarer Überlegung um so weniger zum Ziele
1072 2409 2327 2467 zu führen scheinen, je wahrhaft moderner er selbst im Grunde
1081 2471 2326 2537 seines Herzens fühlt, — und das was daher an Maeterlinck
1085 2536 2328 2590 anziehend bleiben wird, wird schließlich doch nur die rein neuro¬
1071 2579 1576 2655 logische Grundlage sein.
1159 2632 2329 2706 Und so weist denn auch der Entwicklungsgang des neu¬
1074 2700 2321 2757 rologischen Dramas wieder darauf hin, daß es mit rein impressio¬
1079 2753 2332 2809 nistischen Experimenten, selbst unter Dreingabe irgendwelcher
1071 2807 2336 2861 Stimmung, auf dem Gebiete des Dramas nicht gethan ist: daß
1077 2867 2337 2933 vielmehr festere Elemente einer objektiven Weltanschauung der
1072 2915 2331 2979 Gegenwart hinzukommen müssen soll eine große dramatische
1077 2975 2326 3032 Kunst entstehen. Elemente einer solchen Weltanschauung aber
1082 3026 2333 3091 sind vielfach konservative Elemente: und so begreift es sich,
1071 3085 2340 3129 daß man, indem man das Bedürfnis dunkel fühlte, den Blick
1069 3148 2332 3204 rückwärts wandte in die Vergangenheit: Versuche der Ver¬
1073 3199 2331 3258 quickung von alt und neu, Übergangsstufen zwischen dem Drama
1078 3254 2334 3324 von heute und gestern haben schließlich am meisten das Be¬
1069 3307 2344 3383 dürfnis eines Dramas großer Weltanschauung gefördert. Freilich
