3392 4352
1483 249 1931 341 box 36/1
1256 268 1326 351 8
161 263 641 363 1. Pamphle
608 269 1256 360 s Offorint
1185 1139 1391 1204 Dichtung.
660 1149 771 1202 322
659 1239 1929 1300 keineswegs entschieden beseitigt. Zwar hat sich bereits Hebbel
674 1304 1924 1364 wiederholt gegen Selbstcharakteristiken der Personen des Dramas
667 1362 1927 1431 und Verwandtes ausgesprochen, aber Ludwig z. B. schwor
668 1416 1930 1468 schließlich selbst in Sachen kleinster Kunstgriffe dramatischer Be¬
675 1477 1287 1548 seelung noch auf Shakespeare.
773 1532 1925 1587 Erst Ibsen hat hier das Ganze einer neuen Technik ge¬
664 1585 1923 1654 schaffen, das dem Seelenleben der zweiten Hälfte des 19. Jahr¬
669 1638 1935 1695 hunderts entsprach, das für das Drama das ist, was die Frei¬
680 1695 1931 1755 lufttechnik für die bildenden Künste. So sehr er den Fortschritt
678 1753 1936 1811 der Handlung, hierin den Franzosen folgend, in den Dialog
669 1803 1935 1861 verlegte und nicht mehr in bunte Bilder und gröblich äußere
677 1867 1932 1915 Handlungen, so unterdrückte er doch zugleich den Monolog, das
675 1923 1928 1973 Beiseite und die Selbstcharakteristik und vermied die erzählende
677 1976 1939 2030 Exposition und Verwandtes; und indem er den Dialog bis
669 2033 1940 2094 auf die kleinste Einzelheit nach dem Leben in lückenlos sicherer
668 2086 1933 2147 Folgerichtigkeit aufbaute, gab er ihm auch den vollen Schein
684 2151 1931 2201 dieses Lebens. Dabei führte er ihn so, daß die Momente, aus
672 2216 1944 2267 denen die dargestellte Katastrophe hervordrängt, gleichwehl,
683 2252 1940 2314 oft nur in ganz kurzen Andeutungen, dennoch aber vollständig,
677 2317 1942 2384 zum Bewußtsein des Hörers kamen. Und so erreichte er eine
673 2369 1940 2433 Lebenswahrheit, die, dem Erzählungsdrama älterer Zeiten
683 2442 1938 2496 grundsätzlich fern, dem Wirklichkeitsverständnis der Vorgänge
676 2491 1942 2544 derart nahe kommt, daß eine volle Illusion erreicht wird: daß
671 2535 1943 2589 die Bühne als Rahmen des Lebens erscheint, nicht als Podium
671 2590 1931 2643 einer durch die Personen der Handlung vorgetragenen Er¬
683 2652 874 2726 zählung.
773 2822 1929 2886 2. In Deutschland war, während sich eigenständige An¬
678 2881 1931 2942 fänge eines neuen Dramas zeigten und die Dramen der zweiten
677 2927 1944 2983 Periode Ibsens auftauchten, ja eigentlich schon vorher gefühlt
678 2992 1945 3038 worden, daß man, wenn nicht auf dem Gebiete des Dramas
689 3051 1935 3112 selbst, so doch auf dem der Bähnendarstellung vorwärts gehen
684 3095 1931 3159 müsse: vom Theater her also wurde zuerst der stärkere Illusionis¬
681 3173 1939 3228 mus des modernen Wirklichkeitssinnes gefordert. Sehr natür¬
686 3230 1943 3299 lich: war er doch hier verhältnismäßig leichter, und ohne das
2900 1127 3114 1197 Dichtung.
2387 1233 3323 1320 Auftauchen starker Neuerer der dramatischen
2387 1302 2919 1372 zuwarten, zu befriedigen.
2484 1350 3309 1410 Schon in den siebziger Jahren hatten
2394 1409 3318 1479 gehörige Versuche begonnen; in den Reformen
2381 1478 3339 1538 Bühne kamen sie zunächst noch dem historische
2387 1536 3331 1586 dem Drama der klassischen Litteraturperiode zu
2393 1575 3326 1653 bald übertrug sich die Wirkung doch auch auf d
2388 1637 3323 1696 des Gegenwartdramas und verwandelte sich i
2395 1686 3342 1751 unmittelbaren Vorwirkung des ausgesprochen
2390 1751 2584 1817 nismus.
2490 1792 3344 1870 Im Theaterwesen selbst aber ging man no
2391 1837 3346 1924 den Schlendrian der bestehenden Praxis zu b
2393 1929 3345 1979 die Begründung einer Musterbühne notwendig;
2382 1968 3347 2035 nach dem freilich nicht erreichten Muster der Con
2396 2031 3341 2088 zur Begründung des Deutschen Theaters in Be
2490 2081 3336 2144 Und ein paar Jahre darauf wurde dann I
2400 2137 3344 2197 auf die Bühne gebracht: durch ein Vorstadtt
2389 2198 3347 2256 das Residenztheater, an dem Anno eine treffl
2404 2242 3331 2326 truppe speziell zur Darstellung des modernen
2399 2314 2563 2371 bildete.
2498 2357 3348 2427 Da aber Ibsen doch nur sehr spärlich gege
2403 2422 3350 2492 die neuen nationalen Dramatiker auf der Bü
2395 2464 3342 2543 gar nicht zu Worte gelangten, so suchte die
2403 2523 3357 2597 Sturmes und Dranges der achtziger Jahre nochnc
2408 2579 3350 2646 Möglichkeit, des neue Drama zur Aufführu
2395 2646 3352 2709 Sie fand sich in den sogenannten Freien Bühnen
2405 2697 3338 2761 unternehmungen zunächst nur der Kreise, die si
2397 2760 3352 2823 Kunst begeisterten. Die Idee ging, nicht ohr
2398 2803 3355 2882 Pariser Théätre libre Antoines — das aber
2403 2851 3355 2937 unternehmen war und ist —, in Berlin zunäch
2405 2922 3359 2982 Wolff und Maximilian Harden aus; an die
2406 2972 3358 3041 Freien Bühne schwang sich dann als Leiter Otto
2399 3046 3339 3094 diese Bühne wurde nun ganz in den Dienst
2406 3079 3352 3153 wegung gestellt; im ersten Spieljahr (1889—90
2395 3152 3357 3213 Dramen von Björnson, Strindberg, Tolstoj und
2404 3195 3361 3297 Stücke von Anzengruber, Fitger, Hauptman
3023 3886 3151 4012 0
