3344 4352
1905 139 2386 218 —
1490 211 1927 308 box 36/1
1117 220 1189 292 in
137 225 1335 312 1. Panphlets Offprts
1380 1001 1589 1069 Dichtung.
868 1013 971 1078 340
877 1108 2121 1189 „Vasantasena“ auf die Bühne brachte. Volle Berührung mit
865 1194 2113 1240 der naturalistisch=impressionistischen Richtung und damit volle
864 1227 2111 1286 Einordnung in den allgemeinen litterarischen Verlauf gewann
869 1287 2115 1336 das neue symbolistische Drama aber erst durch Gerhart Haupt¬
872 1345 1591 1413 manns Fiebertraumstück „Hannele“.
954 1417 2111 1468 Hauptmann hat im ganzen drei symbolistische Dramen
865 1449 2119 1526 geschaffen. „Hannele“ (1893), die „Versunkene Glocke“ (1898)
863 1524 2113 1579 und „Schluck und Jan“ (1899). Von ihnen verhält sich
865 1571 2127 1628 Schluck und Jau“ zu den beiden anderen Stücken etwa so
857 1627 2111 1690 wie der „Biberpelz" oder „College Crampton“ zu den natura¬
860 1693 2112 1740 listischen Familiendramen: es ist, wie Hauptmann es ausdrückt,
869 1753 2113 1803 ein Spiel zu Scherz und Schimpf, eine Art Tragikomödie, eine
862 1788 2130 1855 scherzhafte, humoristische Auflösung gleichsam der symbolistischen
861 1854 2123 1914 Kunstform. Den Gipfelpunkt aber der symbolistischen Kunst
870 1905 2105 1963 Hauptmanns bezeichnet die „Versunkene Glocke“ wie „Hannele“
868 1955 2127 2027 den Anfang. „Hannele“, im Grunde eine einzige große Scene,
874 2013 2115 2076 stellt die Fieberträume eines unglücklichen jungen Mädchens
874 2074 2130 2127 dar, das, ein Bastardkind, von seinem Stiefvater, einem rohen
878 2129 2123 2191 Maurer, aufs schändlichste behandelt, gemartert, geschlagen und
877 2185 2124 2256 schließlich in die dunkle Nacht hinausgestoßen, in halber religiöser
876 2251 2130 2300 Ekstase den Tod im Dorfteiche gesucht hat, aus dem es einen
872 2311 2116 2363 Zuruf der ihm im Tode vorangegangenen Mutter zu hören
866 2354 2123 2417 geglaubt, das aber noch lebend aus dem Wasser gezogen worden
874 2413 2119 2475 ist. Im Armenhause von der milden Hand des Schulmeisters
873 2491 2115 2530 gebettet, von dem treuen Auge einer Diakonissin bewacht, er¬
878 2529 2122 2580 schaut nun Hannele in Visionen, die dem Zuschauer in voller
876 2573 2129 2628 Gegenwärtigkeit vorgeführt werden, ihr letztes Stündlein, ihren
873 2636 2116 2696 Tod und die Vorbereitungen zu ihrer Fahrt in den Himmel:
877 2702 2132 2758 Begebenheiten, in denen sich die persönlichen Anschauungen
881 2745 2124 2817 eines braven Menschenherzens, biblische Züge und volkstüm¬
869 2798 2115 2859 liche Überlieferungen, Individuelles und Allgemeines, Ver¬
884 2862 2130 2921 quickungen einer jungfräulich sich regenden Neigung zu dem ver¬
881 2923 2123 2983 ehrten Schulmeister mit Funken himmlischer Liebe zu einem er¬
888 2971 1447 3042 greifenden Ganzen mischen.
964 3035 2125 3087 Vom formalen Standpunkte aus betrachtet ist „Hannele“.
883 3096 2139 3149 ein überaus schwieriger Versuch symbolistischer Dramatik. Der
3096 1036 3303 1105 Dichtung.
2589 1148 3312 1228 Dichter traut sich eine solche Gewalt!
2583 1226 3318 1273 listische Scenen von größter Entschiedet
2592 1263 3323 1329 feinsten Gewebe supranaturalistischer
2585 1324 3323 1396 diese Kraftprobe der impressionistisch
2589 1375 3308 1438 diesseitigen wie in den jenseitigen
2596 1433 3334 1493 dem Durchschnitt der Aufnahme, die
2594 1489 3323 1550 schauern gefunden hat, sollte man g
2582 1542 3330 1621 die Zahl derjenigen, welche der jähe
2585 1605 3326 1675 Erde gleichwohl aus der Illusion geri
2583 1656 3328 1723 zu sein; und jedenfalls hat der Dichte
2588 1711 3322 1772 listischen Hauptwerk, der „Versunken
2590 1775 3315 1843 gemildert. Wodurch, kann erst nach
2585 1828 3324 1886 den Inhalt dieses Dramas verdeutli
2690 1877 3327 1943 Die „Versunkene Glocke“ ist im
2593 1928 3331 2008 Unmöglichkeit des schöpferischen Trieh
2590 1993 3335 2060 er alle Weiten seiner Weltanschauu
2598 2046 3350 2121 werden in eine Märchenumgebung ver
2596 2103 3328 2180 sichtbar vorgeführt werden, außerdem
2589 2157 3324 2234 anklingen. Die beiden ersten Welte
2586 2218 3330 2285 und die einer Natur, deren Kräfte,
2589 2275 3317 2343 so doch psychisch belebt gedacht
2594 2333 3335 2402 deutsch=volkstümlicher Phantasie verl
2587 2373 3339 2458 mann, dem Waldschratt, den Elfen,
2588 2438 3340 2516 Holzweiberchen. Zwischen beiden A
2602 2492 3328 2559 Wittichen, ein Waldweib im Gebirg
2595 2552 3333 2628 drunten im Thal für eine Hexe gehal
2601 2609 3349 2674 Gestalt, der die Naturgewalten famili
2589 2662 3335 2726 eine Extraktgestalt gleichsam der Kräf
2604 2727 3337 2792 sehnt in die höher beseelte Welt d
2595 2782 3340 2837 nur anklingenden Welten sind die des
2596 2829 3342 2898 Gefühl der Sünde und seinem Geh
2596 2895 3348 2961 Überzeugung, daß der Mensch aus e
2602 2954 3344 3011 möge und gut sein könne nur aus der
2737 3051 3349 3145 Interessant sind die Bemerkunge
2603 3136 3350 3193 S. 181 f., über die Schwierigkeiten der scha
