3344 4352
1474 228 1912 320 box 36/1
145 231 1318 348 1. Panphlets offprints
1213 1124 1416 1191 Dichtung.
693 1102 806 1197 360
692 1243 1959 1304 Henschel, selbständiger Fuhrmann in dem Hotel eines schlesischen
699 1291 1956 1357 Bades, ein herkulisch gebauter, gutmütiger, gerader, aber nicht
701 1343 1962 1420 weltkluger Mann, hat im Haushalt mehrfach Unglück gehabt
703 1401 1959 1479 und ist im Begriff, seine Frau zu verlieren. Diese erschließt,
697 1482 1954 1541 hilflos ans Bett gefesselt, aus kleinen Zügen gutmütigen Ent¬
691 1510 1955 1587 gegenkommens ihres Mannes gegenüber der Dienstmagd Hanne
702 1575 1956 1640 eine Neigung zu derselben; eifersüchtig läßt sie sich von Henschel
703 1647 1957 1695 versprechen, daß er nach ihrem Tode Hanne nicht heiraten
703 1685 1958 1757 werde. Henschel giebt das Versprechen, ohne ihm großen Wert
695 1762 1961 1810 beizulegen, da er sich rein fühlt (erster Akt). Die Frau stirbt.
707 1818 1963 1866 Henschel entschließt sich auf Zureden des Hotelwirts, Hanne
698 1853 1955 1922 gleichwohl zu heiraten, da er von deren hartem, ja grund¬
702 1920 1961 1977 bösem Charakter trotz langer Möglichkeit der Beobachtung keine
696 1979 1970 2037 Ahnung hat (zweiter Akt). Hanne, nun Frau Henschel, ist
709 2024 1967 2097 ihrem Mann untreu; ein Kind aus der ersten Ehe, das sie zu
705 2089 1959 2151 pflegen hatte, stirbt. Henschel leidet unter der Ehe; in seiner
710 2149 1969 2204 Gradheit glaubt er, frohes Leben in sein Heim bringen zu
708 2206 1965 2258 können, indem er ein uneheliches Kind seiner Frau, dessen Dasein
709 2253 1955 2332 ihn nicht von der Heirat abgehalten batte, dieser ohne ihr
705 2321 1956 2378 Wissen zuführt. Der Eindruck bei der Frau ist der entgegen¬
701 2379 1958 2445 gesetzte des erwarteten (dritter Akt). Andere Leute kennen die
701 2433 1944 2487 Frau besser. Henschel wird an öffentlichem Orte, im Wirts¬
696 2484 1961 2553 hause, von der Untreue seiner Frau unterrichtet, nachdem er
697 2532 1956 2605 schon lange unter der stillen Zurückhaltung früherer Freunde
701 2583 1955 2658 gelitten (vierter Akt). Er bricht unter der Wahnvorstellung,
694 2647 1958 2708 daß sein Unglück Folge des Bruches des Versprechens an
697 2702 1965 2767 seine erste Frau sei, zusammen und giebt sich selbst den Tod
710 2762 1021 2834 (fünfter Akt).
802 2809 1954 2872 Man sieht auf den ersten Blick, daß es sich hier nicht
702 2864 1960 2935 bloß um eine der impressionistisch herkömmlichen Katastrophen
695 2924 1957 2990 handelt; nicht die zufällige Störung eines labilen Gleichgewichts
707 2980 1962 3044 erzeugt plötzliches Verderben, sondern das längere Nebeneinande.
699 3032 1959 3099 zweier Charaktere reift allmählich das Unglück. Charakteristisch
703 3093 1968 3162 hierfür ist schon, daß in dem Stück wohl die Einheit des Ortes
700 3146 1961 3224 gewahrt ist, nicht aber mehr die der Zeit. Dabei ist einer
690 3217 1964 3276 dieser Charaktere kieselhart und im ganzen darum unveränder¬
1686 3676 1741 3772 8
1966 151 2223 227 —
2932 1122 3146 1181 Dichtung.
2404 1221 3305 1296 lich. Der andere dagegen ist weich, und da
2409 1284 3304 1349 Die einzelnen Phasen dieses langsamen Unt
2413 1349 3308 1405 das Stück. Nicht als ob in dessen Verlauf e
2414 1395 3306 1466 Charakters Henschels erfolgte. Der tiefere Gr
2410 1455 3316 1522 bleibt. Schon im ersten Akt ist er ein sorglosen
2413 1512 3305 1583 in delikaten Fragen übergewissenhafter, etw
2410 1571 3304 1636 angelegter Mann, der schon nach kleinen Sch
2420 1622 3304 1693 legentlich an den Strick denkt. Aber was si
2410 1679 3320 1743 die Konstellation der Grundeigenschaften seine
2416 1735 3303 1811 sam verschwinden die frohen, lebenspendenden,
2408 1791 3304 1860 nisvollen, verderblichen treten hervor. Es ist
2417 1841 3316 1918 Himmel sich überzieht, erst leise, dann drohen
2403 1900 3314 1962 lich im Blitzschlag zu entladen. Und diesen
2415 1960 3307 2030 Dichter mit aller Kunst dramatisch=impressionist
2407 2019 3309 2086 vorgeführt. Dabei ist doch andrerseits die
2413 2076 3307 2130 Zuständlichen, des Milieus der Fuhrmannswo
2418 2126 3299 2191 lebens, des Kneipwirtsdaseins und der Ga
2417 2178 3318 2252 gehalten, und weitere Blicke fallen darüber hin
2408 2253 3318 2311 handwerkliche Dasein eines kleinen Badeortes
2411 2292 3287 2356 und Zustandsdrama zugleich, so könnte
2407 2357 2805 2430 Henschel“ nennen.
2516 2409 3309 2469 Wird diese Verbindung bei Hauptmann f
2414 2460 3324 2525 sie dem rein psychologischen Drama weichen?
2501 2519 3317 2590 Das neueste Drama Hauptmanns, „Michag
2411 2566 3321 2651 erteilt hierauf einstweilen allein die Antwoy
2412 2629 3322 2693 ist mit zwei Worten erzählt: ein Maler, Lehr
2423 2688 3321 2753 schule einer Provinzialhauptstadt — deutli
2412 2748 3327 2823 Breslau gekennzeichnet —, hat einen ungera
2412 2805 3318 2860 dieser geht zu Grunde. Was das Stück uns
2409 2854 3290 2928 die Schilderung gewisser Milieus: der
2415 2912 3330 2990 Schülerschaft des Malers, letzteres vergegenw
2415 2960 3318 3032 Tochter und einen begeisterten männlichen So
2413 3024 3314 3095 halb, der mit seiner Frau zugleich das a
2425 3079 3302 3144 modernen Malerelends repräsentiert, endlich
2423 3148 3313 3217 in dem der Sohn verkehrt. Aber alle diese
2423 3203 3324 3273 nur Mittel zu einem einzigen Zweck: zur K
