3344 4352
121 220 618 324 1. Pamphle
556 229 1294 320 ts Offprints
130 1399 258 1453 chtung.
150 1490 805 1572 Shakespeares: für uns gehören
132 1552 808 1621 Gehalte nach, soweit dieser vom
130 1612 807 1676 siert worden ist, eben doch nur
118 1662 807 1743 nd wer wird heute selbst in den
126 1717 802 1787 de die Schweizer des 13. oder 14.
122 1772 811 1849 vollen, wer in den Niederländern
133 1826 811 1902 der gerade der zweiten Hälfte des
145 1892 807 1963 „Wallensteins Lager“ fühlen wir
128 1942 802 2014 uch des Dreißigjährigen Krieges.
125 2002 812 2071 ie soziale Psyche dieser schweren
120 2053 817 2131 ker den sozialpsychischen Charakter
129 2117 816 2187 Leben erweckt hat, so erklärt sich
144 2167 823 2231 daraus, daß er die Sprache der
121 2218 810 2302 als sonst üblich der Sprache des
154 2282 817 2341 hat. Denn worin konzentriert
134 2341 810 2406 en Seelenlebens eindringlicher und
145 2393 823 2466 i der Sprache? Die Kunst, die
160 2452 817 2521 zu beherrschen, muß heute als
136 2503 825 2573 üinstlerische Wiedergabe betrachtet
134 2555 830 2627 kum der elementarsten Forderung
143 2616 813 2700 essionismus, wenn „de Waber“
154 2668 819 2736 Dialekt in all seinen Besonder¬
150 2781 827 2853 das greifbare Leben gleichsam der
133 2843 827 2925 hen Gesellschaft darstellt und die
147 2903 814 2964 i ihren größten und weitesten Er¬
148 2962 824 3021 als gleichgültig nebeneinander be¬
130 3012 835 3086 großen, zu einer bestimmten Zeit
143 3068 829 3134 auch internationalen Körpers be¬
136 3124 839 3190 ern vielmehr als die Gesellschaften
132 3179 832 3261 poneinander abweichender Zeitalter,
143 3243 819 3312 zlich neue Aufgaben und Grund¬
149 3300 838 3362 Drama? Muß dann nicht das
137 3343 835 3429 schichtlichen Begebenheit, das der
145 3404 835 3477 rch als historisch charakterisiert zu
134 3466 857 3539 us unserer Lernzeit her bekannt
1891 140 2248 224 —.——
1462 216 1918 307 box 36/1
2402 1347 2499 1441 331
1790 1360 1984 1423 Dichtung.
1258 1445 2504 1525 ist, wie seine Personen diesem oder jenem Jahrhundert an¬
1265 1518 2518 1611 gehören: — muß es nicht dadurch erst wirklich recht historisch
1269 1588 2526 1643 unterbaut werden, daß sein gesellschaftliches Milien vornehmlich
1273 1638 2530 1714 auch durch die Sprache deutlich dahin charakterisiert wird, daß
1270 1701 2523 1758 es einer bestimmten Vergangenheit angehöre? Und ergiebt sich
1278 1747 2522 1812 nicht weiterhin aus diesem Zusammenhang noch ein ganz anderes
1280 1794 2520 1889 historisches Drama, als das bisher gepflegte, nämlich das sozial¬
1270 1855 2536 1936 psychische oder das Drama des historischen Zustandes, wie man
1281 1927 2531 1990 sich früher ausgedrückt haben würde: ein Drama, das uns
1283 1982 2534 2036 die Leiden, Schicksale, Katastrophen der gesellschaftlichen Schichten,
1272 2038 2529 2095 der Volksseele von ehedem in der Sprache von ehedem als dem
1278 2080 2537 2160 einzig und allein charakteristischen sozialpsychischen Gewande
1281 2130 2531 2219 zeigt? — Anfänge eines solchen Dramas, die sich an Schillers,
1282 2184 2531 2268 an Grabbes Namen knüpfen, hat Hauptmann in seinem „Florian
1287 2241 2544 2323 Geyer“ zu einer der Absicht des Dichters nach klaren, neuen
1276 2314 2394 2385 Art des dramatischen Kunstwerks aufzubauen versucht.
1386 2365 2532 2439 „Florian Geyer“, benannt nach einem der Hauptführer
1277 2409 2532 2488 des Bauernkrieges von 1525, führt in die Reformationszeit.
1290 2479 2538 2539 Es ist, im weitesten genommen, das Wagnis, die deutsche
1284 2525 2537 2606 Volksseele dieser Zeit auf der Bühne aufleben zu lassen. Und
1289 2578 2538 2649 dies Ziel wird zunächst durch Behandlung der Sprache erstrebt.
1293 2634 2533 2708 Alle Personen reden, unter den für das Verständnis der Gegen¬
1287 2690 2534 2764 wart unerläßlichen Einschränkungen, die Sprache des 16. Jahr¬
1286 2745 2554 2825 hunderts, und zwar ebenso dem Wortschatz wie dem Satzbau
1298 2821 2535 2876 nach. Aber noch über die Sprache hinaus wird der kultur¬
1293 2863 2553 2936 geschichtliche Seelenzustand des 16. Jahrhunderts in jedem Sinne
1289 2916 2545 2989 aufgesucht: die nach unserem begrifflich viel nüancierteren und
1294 2964 2543 3045 sittlich viel zersetzteren Empfinden rohe und gewaltthätige
1302 3043 2547 3095 Seele des 16. Jahrhunderts tritt auch in Haltung und Hand¬
1295 3079 2553 3164 lungsweise der Personen ständig in Erscheinung. Und erst inner¬
1295 3135 2553 3207 halb dieses großen zeitpsychischen Diapasons bildet sich die be¬
1309 3209 1926 3278 sondere dramatische Handlung.
1401 3261 2549 3328 Diese Handlung aber ist dann wiederum und noch einmal im
1304 3320 2556 3376 engeren Sinne sozialpsychisch, denn der Held derselben ist eine
1311 3366 2559 3446 Klasse des Volkes, sind die Bauern: ihr unglücklicher Aufstand
1312 3420 2567 3508 gegen die weltlichen und geistlichen Grundherren, gegen Adel und
2585 4082 2667 4152 t
2890 4058 3066 4145 Daurt sahe
