3344 4352
1432 247 1889 347 box 36/1
798 262 869 331 0
456 257 682 333 hlets
104 267 481 359 1. Pampl
560 259 1269 359 fprints
1229 316 1277 350 —
1296 1267 1489 1336 Dichtung.
758 1283 874 1345 326
761 1371 2019 1441 Schicksalsidee, zu einer festen Gestalt des Dramas im großen
767 1449 1962 1497 zu gelangen: jenes Bestreben, das jedem Naturalismus —
763 1491 2007 1561 dem modernen speziell unter der Voraussetzung der Kausali¬
767 1567 2022 1618 tät — besonders naheliegen wird. Und auch die Vereinfachung
760 1614 2022 1673 drängt zu einer solchen Gestalt hin. So besteht in „Vor
763 1662 2017 1729 Sonnenaufgang“ schon nahezu die Einheit der Zeit und des
760 1732 2018 1782 Ortes nach den strengsten Anforderungen. Auch die späteren
763 1796 2029 1838 Stücke Hauptmanns zeichnen sich durch so festen Schluß aus,
766 1831 2024 1898 am meisten vielleicht gerade die Traumdichtung „Hannele":
763 1896 2026 1953 denn je mehr ein Stück an Illusionskraft verlangt, um so
762 1956 2035 2011 mehr muß als erste Anforderung der Illusion gerade der straffe
779 2007 1540 2079 Schluß der Handlung betont werden.
861 2075 2016 2135 Auch das „Friedensfest“ und „Einsame Menschen“, Haupt¬
770 2136 2022 2185 manns Dramen der Jahre 1890 und 1891, stehen noch — ja
773 2186 2019 2238 in gewissem Sinne noch mehr — unter dem Einflusse Ibsens;
779 2238 2027 2298 das eine erinnert an die „Gespenster“, das andere an
775 2292 2019 2361 „Rosmersholm" und „Hedda Gabler“. Beides sind Familien¬
782 2351 2018 2416 dramen. In beiden handelt es sich darum, daß eigenartig be¬
777 2410 2023 2466 anlagte und entwickelte Individuen an den engen Schranken
776 2459 2031 2520 von Familie und Ehe zu Grunde gehen; im „Friedensfest“ die
770 2511 2036 2577 Angehörigen zweier Generationen einer unglücklichen, in den
770 2576 2021 2640 „Einsamen Menschen“ der Mann einer wenigstens nicht glück¬
780 2635 2029 2693 lichen, nach zu früher Verlobung leichthin geschlossenen Ehe.
780 2692 2035 2746 Beide Stücke zeigen auch schon im einzelnen eine meisterhafte
776 2734 2036 2799 Führung des Dialogs; hier hat Hauptmann das Vorbild
776 2803 2027 2854 Ibsen erreicht; und der allgemeine Illusionsgehalt ist dement¬
782 2860 2029 2916 sprechend außerordentlich. Dabei ist das Motiv des Ideals
782 2919 2018 2968 einer höheren, innerlicheren Moral, das zu erreichen die pro¬
781 2963 2025 3023 grammatische Aufgabe der Helden Ibsens bildet, in den „Ein¬
773 3023 2029 3088 samen Menschen“ zwar angeschlagen, aber nicht mit dem ge¬
775 3081 2029 3136 heimnisvollen, phosphoreszierenden Glanze der Dramen des
782 3139 2032 3200 Norwegers durchgeführt. Voll erreicht dagegen erscheint in den
779 3193 2030 3251 „Einsamen Menschen“ schon die Schilderung der Bildungs¬
784 3252 2039 3308 nüancen fein organisierter moderner Seelen; und die Tragik
775 3307 2051 3363 des Stückes ist nicht die der Übertretung handfester sittlicher
1889 182 2345 262 — —
3058 1275 3248 1342 Dichtung.
2534 1386 3274 1459 Gebote, sondern vielmehr zartester
2528 1444 3282 1514 bedingungen einer hochstehenden freien
2624 1496 3274 1567 Von nun ab aber beginnt Hau
2535 1547 3272 1626 Wege zu gehen. Und diese führen ih
2533 1609 3280 1680 zur impressionistisch=individualpsycholo
2533 1669 3279 1749 impressionistisch=sozialpsychischen Mass
2620 1720 3273 1799 Der Komödie gehören „College
2526 1772 3273 1843 der „Biberpelz“ (1893) an. Von ih
2521 1839 3281 1918 das durch eine Aufführung von Moli
2519 1883 3258 1953 wurde, im Grunde nur die bis
2521 1947 3276 2023 Charakterstudie eines trunksüchtigen P
2528 1996 3281 2071 Malerakademie, bei der dem Dichte
2522 2047 3282 2127 akademischen Jugendaufenthalt in Br
2530 2115 3281 2180 sein werden; die bürgerlich=kaufmän
2529 2160 3286 2247 „Collegen Crampton“ gegenübergestell
2524 2232 3280 2306 auch mit bezeichnenden Strichen, doch
2517 2279 3271 2342 und weniger gelungen. Das Wesen
2527 2331 3273 2402 Stück zum Teil durch die genial=hum
2517 2391 3287 2465 und die Gegenfigur seines Faktotums
2513 2450 3287 2520 Dienstmannes, — vor allem aber du
2525 2510 3287 2599 unorganischen und äußerlich gehalten
2517 2558 3276 2626 die Möglichkeit einer Besserung des
2516 2608 3280 2691 Helden, wenn auch nur von ferne, ge
2522 2671 3277 2729 fassenderem Sinne ist der „Biberp
2514 2736 3269 2794 Komödie des dummen Strebertums:
2523 2789 3289 2854 gleich und insofern ein weiterer Sch
2514 2848 3264 2908 Kleist mit dem „Zerbrochenen Krug“,
2524 2894 3240 2959 spiel in Sicilien“ beschritten hatte.
2611 2950 3276 3013 Indes noch bevor der „Biberpelz“
2519 3015 3284 3064 war Hauptmann in völlig neue Bahn
2525 3060 3284 3127 geschichtlichen Betrachtung bei der T
2511 3122 3298 3205 bemerkt, eine Anknüpfung an Hebbel u
2512 3174 3287 3243 sich gelegentlich der Familienstücke des
2510 3232 3292 3318 rückwärtsgreifen mindestens bis auf
2512 3285 3284 3357 und Hebbels „Maria Magdalena“, so
2519 3345 3289 3442 psychischen Massendramen, für die „Web
3066 4128 3146 4187 R
