3344 4352
1940 153 2251 222 — —
1466 212 1912 309 box 36/1
213 228 1310 327 Pamphlets, offprints
2227 1041 2343 1108 323
1609 1043 1815 1116 Dichtung.
1082 1154 2343 1224 Auftauchen starker Neuerer der dramatischen Dichtung ab¬
167 1178 628 1247 hat sich bereits Hebbel
1099 1224 1634 1292 zuwarten, zu befriedigen.
188 1236 634 1294 Personen des Dramas
1184 1281 2344 1340 Schon in den siebziger Jahren hatten darum hierher
223 1290 628 1357 dwig z. B. schwor
1091 1334 2342 1395 gehörige Versuche begonnen; in den Reformen der Meininger
218 1345 622 1405 iffe dramatischer Be¬
1088 1399 2344 1463 Bühne kamen sie zunächst noch dem historischen Drama und
1087 1447 2353 1504 dem Drama der klassischen Litteraturperiode zu gute. Indes
291 1442 630 1522 euen Technik ge¬
1087 1495 2355 1562 bald übertrug sich die Wirkung doch auch auf die Ausstattung
262 1512 619 1581 ilfte des 19. Jahr¬
1092 1555 2351 1617 des Gegenwartdramas und verwandelte sich damit zu einer
280 1570 627 1639 ist, was die Frei¬
1093 1617 2343 1683 unmittelbaren Vorwirkung des ausgesprochenen Impressio¬
272 1629 643 1694 er den Fortschritt
1101 1677 1283 1743 nismus.
325 1683 637 1748 in den Dialog
1183 1734 2345 1785 Im Theaterwesen selbst aber ging man noch weiter. Um
349 1736 636 1807 röblich äußere
1104 1788 2352 1839 den Schlendrian der bestehenden Praxis zu brechen, erschien
475 1796 631 1858 og, das
1094 1839 2358 1902 die Begründung einer Musterbühne notwendig; 1883 kam es
426 1851 625 1915 erzählende
1096 1901 2358 1959 nach dem freilich nicht erreichten Muster der Comédie française
484 1907 623 1973 og bis
1094 1947 2155 2017 zur Begründung des Deutschen Theaters in Berlin.
511 1958 625 2026 cherer
1192 1998 2360 2059 Und ein paar Jahre darauf wurde dann Ibsen in Berlin
1094 2064 2355 2135 auf die Bühne gebracht: durch ein Vorstadttheater zunächst,
512 2073 635 2136 , aus
1095 2109 2353 2177 das Residenztheater, an dem Anno eine treffliche Schauspiel¬
1111 2176 2357 2240 truppe speziell zur Darstellung des modernen Dramas durch¬
1103 2238 1280 2302 bildete.
1197 2276 2352 2346 Da aber Ibsen doch nur sehr spärlich gegeben wurde und
1107 2350 2367 2403 die neuen nationalen Dramatiker auf der Bühne so gut wie
1109 2400 2359 2479 gar nicht zu Worte gelangten, so suchte die Ungeduld des
1106 2447 2367 2513 Sturmes und Dranges der achtziger Jahre noch nach einer anderen
570 2476 622 2529 im
1109 2501 2359 2584 Möglichkeit, das neue Drama zur Aufführung zu bringen.
1113 2577 2360 2635 Sie fand sich in den sogenannten Freien Bühnen, Gesellschafts¬
1116 2617 2376 2682 unternehmungen zunächst nur der Kreise, die sich für die neue
1119 2683 2365 2735 Kunst begeisterten. Die Idee ging, nicht ohne Einfluß des
1111 2743 2367 2797 Pariser Théätre lihre Antoines — das aber ein Geschäfts¬
555 2757 633 2808 An¬
1115 2795 2366 2852 unternehmen war und ist —, in Berlin zunächst von Theodor
539 2807 632 2871 eiten
1119 2844 2375 2919 Wolff und Maximilian Harden aus; an die Spitze der ersten
528 2863 641 2928 fühlt
1116 2892 2371 2973 Freien Bühne schwang sich dann als Leiter Otto Brahm. Und
1110 2960 2371 3020 diese Bühne wurde nun ganz in den Dienst der jungen Be¬
553 2978 646 3042 hen
1116 3009 2371 3072 wegung gestellt; im ersten Spieljahr (1889—90) wurden neben
475 3028 635 3099 usionis¬
1109 3075 2382 3132 Dramen von Björnson, Strindberg, Tolstoj und den Goncourts
1118 3116 2390 3202 Stücke von Anzengruber, Fitger, Hauptmann, Holz und
475 3141 648 3216 hne das
2092 3176 2192 3232 21*
