<?xml version="1.0" encoding="UTF-8" standalone="yes"?>
<PcGts xmlns="http://schema.primaresearch.org/PAGE/gts/pagecontent/2013-07-15" xmlns:xsi="http://www.w3.org/2001/XMLSchema-instance" xsi:schemaLocation="http://schema.primaresearch.org/PAGE/gts/pagecontent/2013-07-15 http://schema.primaresearch.org/PAGE/gts/pagecontent/2013-07-15/pagecontent.xsd">
    <Metadata>
        <Creator>prov=University of Rostock/Institute of Mathematics/CITlab/Gundram Leifert/gundram.leifert@uni-rostock.de:name=ONB_Newseye_GT_M1+(htr_id=10810)::::v=2.4.2
prov=University of Rostock/Institute of Mathematics/CITlab/Tobias Gruening/tobias.gruening@uni-rostock.de:name=de.uros.citlab.module.baseline2polygon.B2PSeamMultiOriented:v=2.4.2
prov=University of Rostock/Institute of Mathematics/CITlab/Tobias Gruening/tobias.gruening@uni-rostock.de:name=/mnt/transkribus/LA/DEA/URO/LA_news_onb_att.pb:de.uros.citlab.segmentation.CITlab_LA_ML:v=2.4.2
Transkribus</Creator>
        <Created>2019-10-07T15:13:47.233+02:00</Created>
        <LastChange>2019-10-09T05:03:56.090+02:00</LastChange>
        <TranskribusMetadata docId="224180" pageId="9514854" pageNr="64" tsid="16622536" status="IN_PROGRESS" userId="40391" imgUrl="https://files.transkribus.eu/Get?id=PIVBRATOPMLQRQRQRZLVKIHJ&amp;fileType=view" xmlUrl="https://files.transkribus.eu/Get?id=NPWACHKPOPGWTJZFJGVTDTHG" imageId="6203088"/>
    </Metadata>
    <Page imageFilename="224180_0064.jpeg" imageWidth="3392" imageHeight="4352">
        <ReadingOrder>
            <OrderedGroup id="ro_1711443946892" caption="Regions reading order">
                <RegionRefIndexed index="0" regionRef="r1"/>
                <RegionRefIndexed index="1" regionRef="r2"/>
                <RegionRefIndexed index="2" regionRef="r3"/>
                <RegionRefIndexed index="3" regionRef="r4"/>
            </OrderedGroup>
        </ReadingOrder>
        <TextRegion orientation="0.0" id="r1" custom="readingOrder {index:0;}">
            <Coords points="205,169 205,3326 2442,3326 2442,169"/>
            <TextLine id="r1l1" custom="readingOrder {index:0;}">
                <Coords points="2001,231 2100,239 2195,223 2218,237 2282,220 2326,238 2371,214 2443,215 2442,175 2421,168 2353,185 2321,170 2253,183 2231,168 2151,188 2079,173 2000,181"/>
                <Baseline points="2009,205 2034,207 2059,207 2084,209 2109,209 2134,209 2159,208 2184,208 2209,207 2234,206 2259,205 2284,204 2309,202 2334,201 2359,200 2384,198 2409,197 2434,196"/>
                <TextEquiv>
                    <Unicode>.—</Unicode>
                </TextEquiv>
            </TextLine>
            <TextLine id="r1l2" custom="readingOrder {index:1;}">
                <Coords points="1526,319 1682,327 1748,303 1879,324 1979,309 1979,267 1912,234 1862,252 1806,236 1706,266 1670,244 1604,267 1573,239 1526,241"/>
                <Baseline points="1533,303 1558,303 1584,303 1610,303 1636,304 1661,305 1687,305 1713,306 1739,307 1764,307 1790,307 1816,308 1842,308 1867,307 1893,307 1919,306 1945,305 1971,304"/>
                <TextEquiv>
                    <Unicode>box 36/1</Unicode>
                </TextEquiv>
            </TextLine>
            <TextLine id="r1l3" custom="readingOrder {index:2;}">
                <Coords points="197,322 602,364 1368,344 1368,285 1281,255 1028,246 842,293 771,258 366,254 291,299 198,258"/>
                <Baseline points="205,318 262,321 320,323 378,325 436,327 494,328 551,329 609,329 667,330 725,330 783,330 840,329 898,329 956,328 1014,328 1072,327 1129,327 1187,326 1245,326 1303,326 1361,326"/>
                <TextEquiv>
                    <Unicode>1. Pamphlets offorints</Unicode>
                </TextEquiv>
            </TextLine>
            <TextLine id="r1l4" custom="readingOrder {index:3;}">
                <Coords points="1634,1212 1680,1216 1693,1224 1716,1218 1732,1225 1754,1217 1782,1225 1827,1223 1841,1219 1841,1173 1825,1181 1805,1173 1790,1183 1763,1183 1744,1174 1727,1179 1672,1154 1633,1154"/>
                <Baseline points="1642,1211 1669,1211 1696,1211 1724,1211 1751,1210 1779,1210 1806,1210 1834,1211"/>
                <TextEquiv>
                    <Unicode>Dichtung.</Unicode>
                </TextEquiv>
            </TextLine>
            <TextLine id="r1l5" custom="readingOrder {index:4;}">
                <Coords points="1115,1262 1125,1261 1148,1279 1160,1268 1166,1273 1175,1269 1186,1273 1206,1256 1232,1256 1229,1206 1202,1195 1176,1191 1150,1197 1137,1188 1111,1196"/>
                <Baseline points="1121,1239 1146,1238 1172,1236 1197,1234 1223,1233"/>
                <TextEquiv>
                    <Unicode>366</Unicode>
                </TextEquiv>
            </TextLine>
            <TextLine id="r1l6" custom="readingOrder {index:5;}">
                <Coords points="1125,1353 2199,1333 2344,1316 2378,1251 1577,1272 1514,1307 1296,1277 1124,1322"/>
                <Baseline points="1133,1341 1194,1339 1256,1336 1318,1333 1380,1331 1442,1329 1504,1327 1566,1324 1628,1322 1690,1320 1752,1318 1813,1316 1875,1315 1937,1313 1999,1312 2061,1310 2123,1308 2185,1307 2247,1306 2309,1305 2371,1303"/>
                <TextEquiv>
                    <Unicode>geist und Umwelt. Da kann denn dieses Schicksal nicht mehr</Unicode>
                </TextEquiv>
            </TextLine>
            <TextLine id="r1l7" custom="readingOrder {index:6;}">
                <Coords points="1124,1415 2327,1374 2369,1318 1122,1369"/>
                <Baseline points="1131,1401 1192,1399 1254,1396 1315,1393 1377,1391 1439,1389 1500,1387 1562,1385 1623,1383 1685,1381 1747,1380 1808,1377 1870,1376 1931,1374 1993,1372 2055,1370 2116,1368 2178,1366 2239,1364 2301,1361 2363,1359"/>
                <TextEquiv>
                    <Unicode>gleichsam persönliche Beliebung eines transcendenten Gottes</Unicode>
                </TextEquiv>
            </TextLine>
            <TextLine id="r1l8" custom="readingOrder {index:7;}">
                <Coords points="1119,1453 1997,1451 2358,1426 2378,1390 1118,1415"/>
                <Baseline points="1127,1454 1189,1452 1251,1451 1313,1449 1375,1448 1438,1445 1500,1444 1562,1442 1624,1440 1686,1438 1749,1436 1811,1434 1873,1432 1935,1430 1997,1428 2060,1426 2122,1424 2184,1422 2246,1421 2308,1419 2371,1417"/>
                <TextEquiv>
                    <Unicode>bleiben, sondern wird zur gesetzlichen Ordnung der Welr und, da</Unicode>
                </TextEquiv>
            </TextLine>
            <TextLine id="r1l9" custom="readingOrder {index:8;}">
                <Coords points="1123,1523 2387,1474 2237,1429 1122,1470"/>
                <Baseline points="1131,1509 1193,1508 1255,1507 1318,1506 1380,1505 1443,1503 1505,1501 1567,1500 1630,1497 1692,1495 1755,1493 1817,1491 1879,1489 1942,1487 2004,1484 2067,1482 2129,1480 2191,1478 2254,1477 2316,1475 2379,1474"/>
                <TextEquiv>
                    <Unicode>es sich im Drama um die seelische Welt handelt, zur Ordnung</Unicode>
                </TextEquiv>
            </TextLine>
            <TextLine id="r1l10" custom="readingOrder {index:9;}">
                <Coords points="1133,1578 2185,1557 2352,1543 2381,1490 1131,1526"/>
                <Baseline points="1140,1569 1201,1566 1263,1564 1325,1562 1387,1560 1448,1558 1510,1556 1572,1554 1634,1552 1695,1550 1757,1548 1819,1546 1881,1544 1942,1542 2004,1540 2066,1538 2128,1536 2189,1534 2251,1532 2313,1529 2375,1527"/>
                <TextEquiv>
                    <Unicode>des seelischen Kosmos: dem der Summe der sozialpsychischen Kräfte</Unicode>
                </TextEquiv>
            </TextLine>
            <TextLine id="r1l11" custom="readingOrder {index:10;}">
                <Coords points="1128,1630 2389,1598 2387,1552 2238,1540 1126,1592"/>
                <Baseline points="1135,1627 1197,1624 1259,1621 1321,1619 1384,1616 1446,1613 1508,1610 1570,1608 1633,1606 1695,1604 1757,1602 1819,1600 1882,1598 1944,1596 2006,1595 2068,1593 2131,1592 2193,1591 2255,1590 2317,1589 2380,1588"/>
                <TextEquiv>
                    <Unicode>zu Grunde liegenden Entwicklungsgang. Darnach ist das Drama</Unicode>
                </TextEquiv>
            </TextLine>
            <TextLine id="r1l12" custom="readingOrder {index:11;}">
                <Coords points="1125,1684 2384,1629 2171,1602 1124,1650"/>
                <Baseline points="1132,1682 1194,1679 1256,1677 1318,1674 1380,1672 1443,1670 1505,1668 1567,1666 1629,1664 1691,1662 1754,1660 1816,1658 1878,1657 1940,1655 2002,1653 2065,1652 2127,1650 2189,1649 2251,1648 2313,1647 2376,1646"/>
                <TextEquiv>
                    <Unicode>des vollendeten Klassizismus dasjenige, in dem der Kampf des</Unicode>
                </TextEquiv>
            </TextLine>
            <TextLine id="r1l13" custom="readingOrder {index:12;}">
                <Coords points="1132,1734 2230,1721 2390,1707 2392,1667 1131,1711"/>
                <Baseline points="1140,1736 1202,1735 1264,1734 1326,1732 1389,1730 1451,1728 1513,1726 1575,1723 1638,1721 1700,1718 1762,1716 1824,1714 1887,1712 1949,1710 2011,1707 2073,1706 2136,1704 2198,1702 2260,1701 2322,1700 2385,1699"/>
                <TextEquiv>
                    <Unicode>Einzelnen, des Helden, der Hauptgestalt des Dramas gegenüber</Unicode>
                </TextEquiv>
            </TextLine>
            <TextLine id="r1l14" custom="readingOrder {index:13;}">
                <Coords points="1126,1790 2248,1773 2359,1762 2381,1722 1125,1770"/>
                <Baseline points="1133,1791 1195,1789 1257,1787 1319,1785 1381,1784 1443,1782 1505,1779 1567,1777 1629,1776 1691,1774 1754,1772 1816,1769 1878,1767 1940,1766 2002,1764 2064,1762 2126,1760 2188,1759 2250,1757 2312,1756 2375,1754"/>
                <TextEquiv>
                    <Unicode>der Wucht der umgebenden Kulturwelt und der Ideen, die sie be¬</Unicode>
                </TextEquiv>
            </TextLine>
            <TextLine id="r1l15" custom="readingOrder {index:14;}">
                <Coords points="1135,1854 2393,1820 2391,1760 1134,1804"/>
                <Baseline points="1143,1850 1205,1848 1267,1845 1329,1843 1391,1840 1453,1838 1515,1835 1577,1833 1639,1830 1701,1828 1764,1826 1826,1824 1888,1821 1950,1819 2012,1818 2074,1816 2136,1814 2198,1813 2260,1812 2322,1812 2385,1811"/>
                <TextEquiv>
                    <Unicode>herrschen, zum Ausdruck gelangt. Und dabei brauchen die Mächte</Unicode>
                </TextEquiv>
            </TextLine>
            <TextLine id="r1l16" custom="readingOrder {index:15;}">
                <Coords points="1136,1908 2387,1871 2386,1836 2230,1823 1135,1871"/>
                <Baseline points="1144,1909 1205,1906 1267,1902 1329,1899 1391,1897 1452,1894 1514,1891 1576,1890 1638,1887 1699,1885 1761,1884 1823,1882 1885,1880 1946,1878 2008,1876 2070,1874 2132,1872 2193,1871 2255,1869 2317,1867 2379,1865"/>
                <TextEquiv>
                    <Unicode>der Umwelt keineswegs immer objektiv zu erscheinen, sondern</Unicode>
                </TextEquiv>
            </TextLine>
            <TextLine id="r1l17" custom="readingOrder {index:16;}">
                <Coords points="1143,1966 2346,1937 2398,1890 1141,1918"/>
                <Baseline points="1150,1964 1212,1960 1274,1957 1336,1954 1398,1951 1460,1948 1522,1946 1584,1945 1646,1943 1708,1941 1770,1939 1832,1938 1894,1937 1956,1935 2018,1933 2080,1932 2142,1930 2204,1928 2266,1926 2328,1924 2391,1921"/>
                <TextEquiv>
                    <Unicode>können auch subjektiv auftreten, eingebettet in bestimmte</Unicode>
                </TextEquiv>
            </TextLine>
            <TextLine id="r1l18" custom="readingOrder {index:17;}">
                <Coords points="1134,2015 2316,2000 2388,1951 1133,1990"/>
                <Baseline points="1142,2016 1203,2013 1265,2010 1327,2007 1389,2005 1451,2003 1513,2002 1575,2000 1637,1998 1699,1997 1761,1995 1822,1994 1884,1992 1946,1991 2008,1989 2070,1988 2132,1985 2194,1984 2256,1981 2318,1979 2380,1976"/>
                <TextEquiv>
                    <Unicode>Charaktere, als deren Auffassungen, Neigungen, Strebungen.</Unicode>
                </TextEquiv>
            </TextLine>
            <TextLine id="r1l19" custom="readingOrder {index:18;}">
                <Coords points="1144,2080 2394,2043 2367,1991 1142,2031"/>
                <Baseline points="1151,2074 1212,2071 1274,2067 1336,2064 1397,2062 1459,2060 1521,2058 1582,2057 1644,2055 1706,2054 1768,2053 1829,2052 1891,2050 1953,2049 2014,2048 2076,2046 2138,2044 2199,2042 2261,2039 2323,2036 2385,2032"/>
                <TextEquiv>
                    <Unicode>In diesem Falle verschwindet die abgesonderte, sinnliche, konkrete</Unicode>
                </TextEquiv>
            </TextLine>
            <TextLine id="r1l20" custom="readingOrder {index:19;}">
                <Coords points="1139,2132 2394,2104 2392,2057 2339,2042 1138,2101"/>
                <Baseline points="1147,2130 1208,2128 1270,2126 1332,2124 1394,2122 1456,2120 1518,2118 1580,2116 1642,2115 1704,2113 1766,2111 1827,2109 1889,2107 1951,2105 2013,2104 2075,2102 2137,2100 2199,2098 2261,2096 2323,2094 2385,2093"/>
                <TextEquiv>
                    <Unicode>Darstellung der Umwelt, und es entsteht das klassische individual¬</Unicode>
                </TextEquiv>
            </TextLine>
            <TextLine id="r1l21" custom="readingOrder {index:20;}">
                <Coords points="1158,2213 1186,2199 1215,2215 1279,2187 1336,2200 1465,2180 1501,2196 1619,2176 1618,2145 1467,2125 1323,2149 1213,2134 1179,2156 1156,2150"/>
                <Baseline points="1165,2187 1191,2186 1217,2184 1243,2182 1269,2181 1296,2179 1322,2177 1348,2176 1374,2175 1401,2173 1427,2173 1453,2171 1479,2171 1506,2169 1532,2169 1558,2168 1584,2168 1611,2167"/>
                <TextEquiv>
                    <Unicode>psychologische Drama.</Unicode>
                </TextEquiv>
            </TextLine>
            <TextLine id="r1l22" custom="readingOrder {index:21;}">
                <Coords points="1249,2239 2359,2215 2399,2212 2398,2157 1248,2202"/>
                <Baseline points="1257,2234 1313,2234 1370,2234 1427,2233 1483,2232 1540,2232 1597,2230 1653,2229 1710,2227 1767,2225 1824,2224 1880,2222 1937,2219 1994,2217 2050,2215 2107,2212 2164,2210 2220,2207 2277,2204 2334,2200 2391,2197"/>
                <TextEquiv>
                    <Unicode>Es ist hier nicht durchweg zu verfolgen, in welchen ein¬</Unicode>
                </TextEquiv>
            </TextLine>
            <TextLine id="r1l23" custom="readingOrder {index:22;}">
                <Coords points="1150,2312 2255,2284 2407,2240 2211,2213 1148,2260"/>
                <Baseline points="1157,2296 1219,2294 1281,2292 1343,2290 1405,2288 1467,2286 1529,2284 1591,2283 1653,2280 1715,2278 1778,2276 1840,2275 1902,2273 1964,2271 2026,2268 2088,2266 2150,2264 2212,2262 2274,2260 2336,2257 2399,2254"/>
                <TextEquiv>
                    <Unicode>zelnen Vorgängen dem dramatischen Kunstwerk der klassischen</Unicode>
                </TextEquiv>
            </TextLine>
            <TextLine id="r1l24" custom="readingOrder {index:23;}">
                <Coords points="1146,2343 1275,2372 2202,2336 2401,2320 2400,2273 1145,2318"/>
                <Baseline points="1155,2351 1216,2350 1278,2348 1340,2347 1402,2345 1464,2343 1526,2342 1588,2340 1650,2338 1712,2336 1774,2334 1835,2332 1897,2330 1959,2327 2021,2325 2083,2323 2145,2321 2207,2318 2269,2316 2331,2314 2393,2312"/>
                <TextEquiv>
                    <Unicode>Periode die in ihm erreichte Ausgeglichenheit von äußerer und</Unicode>
                </TextEquiv>
            </TextLine>
            <TextLine id="r1l25" custom="readingOrder {index:24;}">
                <Coords points="1155,2408 2415,2380 2413,2336 2116,2329 1154,2373"/>
                <Baseline points="1163,2407 1225,2406 1287,2405 1349,2404 1411,2402 1474,2400 1536,2398 1598,2395 1660,2393 1722,2391 1785,2388 1847,2386 1909,2384 1971,2381 2033,2379 2096,2377 2158,2375 2220,2374 2282,2372 2344,2371 2407,2370"/>
                <TextEquiv>
                    <Unicode>innerer Form verloren gegangen ist; genug, daß die Sprengung</Unicode>
                </TextEquiv>
            </TextLine>
            <TextLine id="r1l26" custom="readingOrder {index:25;}">
                <Coords points="1163,2473 2346,2450 2411,2423 2409,2378 1161,2429"/>
                <Baseline points="1170,2464 1231,2463 1293,2461 1354,2460 1416,2458 1478,2456 1539,2454 1601,2452 1663,2450 1724,2448 1786,2445 1848,2443 1909,2441 1971,2439 2033,2436 2094,2435 2156,2432 2218,2430 2279,2429 2341,2426 2403,2425"/>
                <TextEquiv>
                    <Unicode>durch die intensivere Fortbildung der äußeren Form erfolgte,</Unicode>
                </TextEquiv>
            </TextLine>
            <TextLine id="r1l27" custom="readingOrder {index:26;}">
                <Coords points="1166,2521 2275,2509 2427,2473 2367,2436 1165,2474"/>
                <Baseline points="1174,2522 1236,2520 1298,2519 1360,2516 1423,2514 1485,2512 1547,2509 1609,2507 1672,2505 1734,2502 1796,2499 1858,2497 1921,2495 1983,2493 2045,2491 2107,2489 2170,2488 2232,2487 2294,2486 2356,2486 2419,2486"/>
                <TextEquiv>
                    <Unicode>während sich zu den neuen Ausgestaltungen dieser Form noch</Unicode>
                </TextEquiv>
            </TextLine>
            <TextLine id="r1l28" custom="readingOrder {index:27;}">
                <Coords points="1167,2598 2102,2559 2100,2514 2029,2496 1907,2528 1165,2534"/>
                <Baseline points="1174,2576 1222,2574 1270,2572 1319,2570 1367,2568 1415,2567 1464,2565 1512,2564 1560,2562 1609,2561 1657,2559 1706,2558 1754,2556 1802,2554 1851,2553 1899,2551 1947,2550 1996,2548 2044,2546 2093,2544"/>
                <TextEquiv>
                    <Unicode>nicht eine entsprechende innere Form einstellte.</Unicode>
                </TextEquiv>
            </TextLine>
            <TextLine id="r1l29" custom="readingOrder {index:28;}">
                <Coords points="1262,2634 2415,2606 2413,2545 2363,2540 1261,2591"/>
                <Baseline points="1269,2627 1325,2625 1382,2624 1439,2623 1496,2621 1553,2620 1610,2618 1667,2617 1724,2616 1781,2614 1838,2612 1894,2611 1951,2609 2008,2607 2065,2606 2122,2604 2179,2602 2236,2599 2293,2597 2350,2594 2407,2592"/>
                <TextEquiv>
                    <Unicode>Die äußere Form wurde fortgebildet schon in der Zeit</Unicode>
                </TextEquiv>
            </TextLine>
            <TextLine id="r1l30" custom="readingOrder {index:29;}">
                <Coords points="1163,2688 2139,2681 2419,2651 2418,2611 1162,2657"/>
                <Baseline points="1170,2689 1232,2687 1294,2684 1356,2682 1418,2680 1480,2678 1542,2676 1604,2674 1666,2673 1728,2671 1790,2669 1852,2667 1914,2665 1976,2663 2038,2661 2100,2659 2162,2657 2224,2655 2286,2652 2348,2650 2411,2647"/>
                <TextEquiv>
                    <Unicode>des sogenannten Realismus, in den Jahrzehnten siegender</Unicode>
                </TextEquiv>
            </TextLine>
            <TextLine id="r1l31" custom="readingOrder {index:30;}">
                <Coords points="1163,2749 2351,2721 2423,2698 2422,2659 1162,2710"/>
                <Baseline points="1171,2745 1233,2742 1295,2739 1357,2737 1419,2734 1482,2732 1544,2730 1606,2729 1668,2727 1730,2725 1793,2724 1855,2722 1917,2720 1979,2718 2041,2717 2104,2714 2166,2712 2228,2710 2290,2707 2352,2704 2415,2700"/>
                <TextEquiv>
                    <Unicode>Naturwissenschaft seit 1830 und die Führung hatte dabei</Unicode>
                </TextEquiv>
            </TextLine>
            <TextLine id="r1l32" custom="readingOrder {index:31;}">
                <Coords points="1177,2821 2428,2765 2391,2712 1175,2765"/>
                <Baseline points="1184,2802 1245,2800 1307,2798 1369,2796 1431,2794 1493,2792 1554,2789 1616,2787 1678,2785 1740,2783 1802,2781 1863,2779 1925,2776 1987,2774 2049,2771 2111,2769 2172,2767 2234,2765 2296,2762 2358,2760 2420,2758"/>
                <TextEquiv>
                    <Unicode>Frankreich; die deutschen Dramatiker wurden Schüler Seribes</Unicode>
                </TextEquiv>
            </TextLine>
            <TextLine id="r1l33" custom="readingOrder {index:32;}">
                <Coords points="1179,2864 2359,2842 2421,2827 2420,2786 1177,2819"/>
                <Baseline points="1186,2860 1247,2858 1308,2855 1369,2853 1431,2851 1492,2849 1553,2847 1615,2844 1676,2842 1737,2840 1799,2837 1860,2835 1921,2833 1982,2830 2044,2828 2105,2825 2166,2823 2228,2821 2289,2818 2350,2816 2412,2814"/>
                <TextEquiv>
                    <Unicode>und der von ihm ausgehenden Bewegung, — und sie unter¬</Unicode>
                </TextEquiv>
            </TextLine>
            <TextLine id="r1l34" custom="readingOrder {index:33;}">
                <Coords points="1180,2915 2432,2877 2293,2828 1179,2882"/>
                <Baseline points="1188,2916 1249,2913 1311,2910 1373,2908 1435,2905 1496,2902 1558,2900 1620,2898 1682,2896 1743,2894 1805,2891 1867,2889 1929,2888 1990,2886 2052,2884 2114,2883 2176,2881 2237,2879 2299,2878 2361,2876 2423,2874"/>
                <TextEquiv>
                    <Unicode>warfen sich dieser Führung um so eher, als der Einfluß schon</Unicode>
                </TextEquiv>
            </TextLine>
            <TextLine id="r1l35" custom="readingOrder {index:34;}">
                <Coords points="1177,2979 2433,2933 2233,2883 1176,2934"/>
                <Baseline points="1184,2972 1246,2969 1308,2966 1370,2963 1432,2960 1494,2957 1556,2955 1618,2952 1680,2950 1742,2947 1804,2945 1866,2943 1928,2942 1990,2940 2052,2939 2114,2938 2176,2937 2238,2936 2300,2936 2362,2936 2425,2937"/>
                <TextEquiv>
                    <Unicode>der französischen Tragédie classique aus das deutsche Drama</Unicode>
                </TextEquiv>
            </TextLine>
            <TextLine id="r1l36" custom="readingOrder {index:35;}">
                <Coords points="1182,3036 2432,2990 2431,2949 2165,2941 1181,2991"/>
                <Baseline points="1190,3028 1251,3025 1313,3023 1375,3020 1436,3018 1498,3015 1560,3013 1621,3010 1683,3008 1745,3005 1807,3003 1868,3001 1930,2999 1992,2997 2053,2995 2115,2994 2177,2992 2238,2991 2300,2990 2362,2989 2424,2989"/>
                <TextEquiv>
                    <Unicode>trotz Lessing niemals ganz beseitigt worden war. Die Franzosen</Unicode>
                </TextEquiv>
            </TextLine>
            <TextLine id="r1l37" custom="readingOrder {index:36;}">
                <Coords points="1178,3083 2439,3060 2437,2996 1177,3045"/>
                <Baseline points="1186,3084 1248,3082 1310,3080 1372,3078 1435,3076 1497,3074 1559,3072 1621,3070 1684,3067 1746,3065 1808,3063 1870,3060 1933,3058 1995,3056 2057,3054 2119,3052 2182,3050 2244,3047 2306,3045 2368,3042 2431,3040"/>
                <TextEquiv>
                    <Unicode>aber in ihrem Bestreben, über die Phantasien ihrer Romantik</Unicode>
                </TextEquiv>
            </TextLine>
            <TextLine id="r1l38" custom="readingOrder {index:37;}">
                <Coords points="1189,3155 2439,3109 2437,3066 2346,3050 1187,3101"/>
                <Baseline points="1196,3142 1257,3138 1319,3136 1381,3133 1442,3130 1504,3128 1566,3125 1627,3123 1689,3121 1751,3119 1813,3117 1874,3116 1936,3114 1998,3112 2059,3110 2121,3108 2183,3106 2244,3104 2306,3101 2368,3099 2430,3096"/>
                <TextEquiv>
                    <Unicode>hinauszugelangen, gingen damals vor allem auf die realistische</Unicode>
                </TextEquiv>
            </TextLine>
            <TextLine id="r1l39" custom="readingOrder {index:38;}">
                <Coords points="1182,3200 2438,3151 2365,3108 1181,3160"/>
                <Baseline points="1190,3194 1252,3191 1314,3188 1376,3185 1438,3183 1500,3181 1562,3179 1624,3177 1686,3175 1748,3174 1810,3172 1872,3170 1934,3168 1996,3167 2058,3165 2120,3163 2182,3161 2244,3160 2306,3158 2368,3155 2431,3152"/>
                <TextEquiv>
                    <Unicode>Ausgestaltung der äußeren Form der Handlung aus: diese,</Unicode>
                </TextEquiv>
            </TextLine>
            <TextLine id="r1l40" custom="readingOrder {index:39;}">
                <Coords points="1185,3251 2326,3232 2438,3189 1184,3218"/>
                <Baseline points="1193,3249 1254,3247 1316,3245 1378,3244 1440,3242 1502,3241 1564,3239 1626,3238 1688,3237 1750,3235 1812,3233 1873,3232 1935,3230 1997,3228 2059,3226 2121,3224 2183,3221 2245,3218 2307,3215 2369,3212 2431,3208"/>
                <TextEquiv>
                    <Unicode>nicht mehr die Charaktere, deren Zugabe doch eigentlich die</Unicode>
                </TextEquiv>
            </TextLine>
            <TextLine id="r1l41" custom="readingOrder {index:40;}">
                <Coords points="1188,3332 2451,3268 2449,3229 2283,3221 1186,3276"/>
                <Baseline points="1195,3313 1257,3310 1319,3307 1382,3305 1444,3303 1506,3300 1569,3298 1631,3297 1693,3295 1756,3293 1818,3290 1880,3288 1943,3286 2005,3284 2067,3281 2130,3279 2192,3276 2254,3272 2317,3268 2379,3265 2442,3260"/>
                <TextEquiv>
                    <Unicode>Handlung ist, trat in den Vordergrund des künstlerischen Inter¬</Unicode>
                </TextEquiv>
            </TextLine>
            <TextEquiv>
                <Unicode>.—
box 36/1
1. Pamphlets offorints
Dichtung.
366
geist und Umwelt. Da kann denn dieses Schicksal nicht mehr
gleichsam persönliche Beliebung eines transcendenten Gottes
bleiben, sondern wird zur gesetzlichen Ordnung der Welr und, da
es sich im Drama um die seelische Welt handelt, zur Ordnung
des seelischen Kosmos: dem der Summe der sozialpsychischen Kräfte
zu Grunde liegenden Entwicklungsgang. Darnach ist das Drama
des vollendeten Klassizismus dasjenige, in dem der Kampf des
Einzelnen, des Helden, der Hauptgestalt des Dramas gegenüber
der Wucht der umgebenden Kulturwelt und der Ideen, die sie be¬
herrschen, zum Ausdruck gelangt. Und dabei brauchen die Mächte
der Umwelt keineswegs immer objektiv zu erscheinen, sondern
können auch subjektiv auftreten, eingebettet in bestimmte
Charaktere, als deren Auffassungen, Neigungen, Strebungen.
In diesem Falle verschwindet die abgesonderte, sinnliche, konkrete
Darstellung der Umwelt, und es entsteht das klassische individual¬
psychologische Drama.
Es ist hier nicht durchweg zu verfolgen, in welchen ein¬
zelnen Vorgängen dem dramatischen Kunstwerk der klassischen
Periode die in ihm erreichte Ausgeglichenheit von äußerer und
innerer Form verloren gegangen ist; genug, daß die Sprengung
durch die intensivere Fortbildung der äußeren Form erfolgte,
während sich zu den neuen Ausgestaltungen dieser Form noch
nicht eine entsprechende innere Form einstellte.
Die äußere Form wurde fortgebildet schon in der Zeit
des sogenannten Realismus, in den Jahrzehnten siegender
Naturwissenschaft seit 1830 und die Führung hatte dabei
Frankreich; die deutschen Dramatiker wurden Schüler Seribes
und der von ihm ausgehenden Bewegung, — und sie unter¬
warfen sich dieser Führung um so eher, als der Einfluß schon
der französischen Tragédie classique aus das deutsche Drama
trotz Lessing niemals ganz beseitigt worden war. Die Franzosen
aber in ihrem Bestreben, über die Phantasien ihrer Romantik
hinauszugelangen, gingen damals vor allem auf die realistische
Ausgestaltung der äußeren Form der Handlung aus: diese,
nicht mehr die Charaktere, deren Zugabe doch eigentlich die
Handlung ist, trat in den Vordergrund des künstlerischen Inter¬</Unicode>
            </TextEquiv>
        </TextRegion>
        <TextRegion orientation="0.0" id="r2" custom="readingOrder {index:1;}">
            <Coords points="2912,3147 2912,3299 2970,3299 2970,3147"/>
            <TextLine id="r2l1" custom="readingOrder {index:0;}">
                <Coords points="2904,3253 2918,3255 2924,3252 2932,3259 2941,3259 2947,3266 2977,3268 2979,3203 2963,3199 2957,3204 2941,3201 2937,3197 2922,3209 2905,3211"/>
                <Baseline points="2912,3247 2941,3249 2970,3249"/>
                <TextEquiv>
                    <Unicode>nehr</Unicode>
                </TextEquiv>
            </TextLine>
            <TextEquiv>
                <Unicode>nehr</Unicode>
            </TextEquiv>
        </TextRegion>
        <TextRegion orientation="0.0" id="r3" custom="readingOrder {index:2;}">
            <Coords points="3174,3090 3174,3264 3387,3264 3387,3090"/>
            <TextLine id="r3l1" custom="readingOrder {index:0;}">
                <Coords points="3226,3134 3277,3145 3309,3134 3336,3144 3359,3135 3377,3148 3398,3146 3389,3031 3374,3032 3323,3086 3305,3082 3289,3090 3279,3083 3264,3093 3249,3080 3222,3077"/>
                <Baseline points="3233,3127 3258,3128 3284,3127 3310,3125 3335,3123 3361,3120 3387,3117"/>
                <TextEquiv>
                    <Unicode>dualpip</Unicode>
                </TextEquiv>
            </TextLine>
            <TextLine id="r3l2" custom="readingOrder {index:1;}">
                <Coords points="3229,3194 3257,3198 3298,3182 3315,3194 3336,3189 3348,3193 3366,3182 3380,3181 3376,3133 3360,3132 3338,3145 3323,3134 3312,3136 3300,3148 3289,3142 3271,3153 3256,3145 3246,3152 3226,3153"/>
                <Baseline points="3235,3183 3262,3184 3289,3183 3316,3179 3343,3177 3371,3175"/>
                <TextEquiv>
                    <Unicode>nan sich</Unicode>
                </TextEquiv>
            </TextLine>
            <TextLine id="r3l3" custom="readingOrder {index:2;}">
                <Coords points="3166,3252 3180,3246 3193,3255 3209,3243 3244,3257 3274,3247 3312,3267 3360,3253 3389,3264 3384,3175 3351,3197 3336,3189 3204,3201 3182,3194 3163,3203"/>
                <Baseline points="3174,3248 3199,3249 3225,3250 3251,3250 3277,3248 3302,3246 3328,3244 3354,3240 3380,3238"/>
                <TextEquiv>
                    <Unicode>n Herrschaf</Unicode>
                </TextEquiv>
            </TextLine>
            <TextEquiv>
                <Unicode>dualpip
nan sich
n Herrschaf</Unicode>
            </TextEquiv>
        </TextRegion>
        <TextRegion orientation="0.0" id="r4" custom="readingOrder {index:3;}">
            <Coords points="2849,1252 2849,1794 3368,1794 3368,1252"/>
            <TextLine id="r4l1" custom="readingOrder {index:0;}">
                <Coords points="2843,1301 2872,1308 2956,1276 2991,1296 3039,1279 3092,1299 3184,1285 3355,1295 3354,1238 3339,1234 3301,1251 3278,1236 3161,1248 3062,1232 2936,1258 2905,1238 2842,1238"/>
                <Baseline points="2850,1287 2876,1286 2902,1285 2928,1283 2954,1283 2980,1282 3006,1282 3032,1281 3058,1281 3084,1281 3111,1281 3137,1281 3163,1281 3189,1281 3215,1281 3241,1281 3267,1281 3293,1281 3319,1281 3346,1280"/>
                <TextEquiv>
                    <Unicode>esses. Es ist die Gegenerse</Unicode>
                </TextEquiv>
            </TextLine>
            <TextLine id="r4l2" custom="readingOrder {index:1;}">
                <Coords points="3169,1335 3189,1330 3204,1342 3240,1348 3315,1348 3326,1336 3371,1346 3369,1285 3339,1301 3324,1289 3304,1289 3275,1304 3248,1293 3168,1309"/>
                <Baseline points="3177,1339 3203,1340 3230,1340 3256,1340 3283,1339 3309,1337 3336,1336 3363,1333"/>
                <TextEquiv>
                    <Unicode>= und Gen</Unicode>
                </TextEquiv>
            </TextLine>
            <TextLine id="r4l3" custom="readingOrder {index:2;}">
                <Coords points="2841,1358 2857,1359 2869,1349 2887,1358 2914,1348 2932,1359 2955,1345 2995,1340 3021,1356 3038,1346 3060,1354 3060,1291 3035,1303 3017,1294 2999,1310 2983,1299 2971,1309 2940,1312 2897,1292 2871,1307 2858,1297 2840,1300"/>
                <Baseline points="2849,1345 2874,1344 2900,1344 2925,1343 2951,1343 2976,1342 3002,1341 3027,1340 3053,1339"/>
                <TextEquiv>
                    <Unicode>zeitigen Hif</Unicode>
                </TextEquiv>
            </TextLine>
            <TextLine id="r4l4" custom="readingOrder {index:3;}">
                <Coords points="3237,1408 3277,1399 3316,1409 3341,1395 3358,1396 3375,1389 3374,1346 3361,1342 3355,1348 3312,1345 3305,1351 3276,1343 3233,1355"/>
                <Baseline points="3243,1393 3268,1392 3293,1391 3318,1389 3343,1387 3368,1386"/>
                <TextEquiv>
                    <Unicode>Farbei</Unicode>
                </TextEquiv>
            </TextLine>
            <TextLine id="r4l5" custom="readingOrder {index:4;}">
                <Coords points="2921,1418 2945,1403 2995,1412 3007,1404 3024,1408 3043,1400 3059,1411 3069,1400 3113,1400 3113,1356 3049,1360 3033,1349 3014,1360 2969,1352 2950,1354 2935,1367 2921,1362"/>
                <Baseline points="2929,1395 2954,1395 2979,1395 3004,1395 3030,1395 3055,1394 3080,1394 3106,1394"/>
                <TextEquiv>
                    <Unicode>enstand vo</Unicode>
                </TextEquiv>
            </TextLine>
            <TextLine id="r4l6" custom="readingOrder {index:5;}">
                <Coords points="3250,1453 3274,1460 3294,1453 3316,1462 3327,1452 3347,1463 3369,1454 3367,1400 3350,1394 3334,1397 3318,1409 3307,1409 3291,1400 3275,1407 3267,1402 3249,1406"/>
                <Baseline points="3257,1445 3283,1446 3309,1445 3335,1444 3361,1443"/>
                <TextEquiv>
                    <Unicode>die F</Unicode>
                </TextEquiv>
            </TextLine>
            <TextLine id="r4l7" custom="readingOrder {index:6;}">
                <Coords points="3282,1507 3297,1508 3307,1514 3325,1505 3336,1508 3349,1505 3354,1510 3364,1508 3364,1457 3354,1460 3343,1458 3332,1466 3321,1458 3313,1461 3296,1454 3282,1455"/>
                <Baseline points="3289,1500 3323,1499 3357,1500"/>
                <TextEquiv>
                    <Unicode>nun</Unicode>
                </TextEquiv>
            </TextLine>
            <TextLine id="r4l8" custom="readingOrder {index:7;}">
                <Coords points="3283,1571 3292,1569 3297,1572 3304,1565 3312,1566 3318,1560 3335,1565 3342,1571 3348,1569 3358,1557 3368,1555 3366,1518 3351,1516 3347,1521 3333,1523 3301,1511 3297,1516 3293,1514 3289,1519 3280,1520"/>
                <Baseline points="3290,1558 3325,1554 3360,1554"/>
                <TextEquiv>
                    <Unicode>ßen</Unicode>
                </TextEquiv>
            </TextLine>
            <TextLine id="r4l9" custom="readingOrder {index:8;}">
                <Coords points="3263,1618 3292,1621 3301,1613 3318,1626 3350,1626 3359,1616 3369,1614 3367,1563 3341,1570 3318,1560 3289,1573 3275,1575 3261,1571"/>
                <Baseline points="3271,1613 3301,1613 3331,1611 3361,1609"/>
                <TextEquiv>
                    <Unicode>is zu</Unicode>
                </TextEquiv>
            </TextLine>
            <TextLine id="r4l10" custom="readingOrder {index:9;}">
                <Coords points="3265,1675 3294,1685 3305,1684 3314,1674 3331,1670 3339,1676 3349,1672 3356,1678 3370,1677 3367,1623 3356,1622 3352,1627 3336,1624 3333,1628 3319,1625 3304,1637 3291,1630 3280,1638 3263,1635"/>
                <Baseline points="3273,1669 3302,1667 3331,1667 3361,1663"/>
                <TextEquiv>
                    <Unicode>ereien</Unicode>
                </TextEquiv>
            </TextLine>
            <TextLine id="r4l11" custom="readingOrder {index:10;}">
                <Coords points="3291,1794 3307,1790 3325,1803 3329,1799 3350,1803 3357,1795 3365,1794 3362,1735 3354,1735 3351,1739 3341,1735 3329,1742 3315,1738 3312,1741 3299,1740 3289,1744"/>
                <Baseline points="3299,1780 3327,1778 3356,1777"/>
                <TextEquiv>
                    <Unicode>al</Unicode>
                </TextEquiv>
            </TextLine>
            <TextEquiv>
                <Unicode>esses. Es ist die Gegenerse
= und Gen
zeitigen Hif
Farbei
enstand vo
die F
nun
ßen
is zu
ereien
al</Unicode>
            </TextEquiv>
        </TextRegion>
    </Page>
</PcGts>
