3344 4352
1919 119 2347 202 ——
1493 195 1947 284 box 36/1
166 207 1331 314 1. Panphlets offprints
1296 1175 1489 1239 Dichtung.
755 1167 866 1263 356
767 1296 2024 1349 früh hat es sich auch die Sympathie des Auslandes und be¬
768 1343 1941 1395 greiflicherweise zunächst der romanischen Nationen erobert.
856 1395 2014 1454 Die „Heimat“ hat noch mancherlei Ahnlichkeit mit der
764 1453 2019 1522 „Ehre". Vor allem der Umstand, daß ein Heimkehrender nicht
770 1520 2028 1581 mehr in die einstige alte Umwelt paßt und daraus der Konflikt
769 1569 2024 1623 erwächst, nähert beide Dramen außerordentlich. Und auch darin
769 1629 2019 1693 gehören sie, vom Standpunkte der Entwicklung aus betrachtet,
762 1696 2020 1752 zusammen, daß die „Heimat“ wie die „Ehre“ noch kein eigent¬
759 1741 2022 1800 lich impressionistisches Drama ist. Gewiß: bei ihrer ersten
756 1795 2020 1863 Aufführung wurden beide Dramen als unerhört naturalistisch
763 1860 2018 1922 empfunden; heute aber erkennen wir sie doch der äußeren Form
770 1904 2030 1980 nach noch als Übergangsstücke; und vor allem leiden sie noch
770 1961 1567 2029 viel an Schaumschlägerei und Rhetorik.
849 2017 2017 2076 Am meisten nähert sich Sudermann dann dem rein natura¬
765 2084 2020 2139 listischen Drama des Milieus in „Sodoms Ende“ und in der
767 2130 2003 2196 „Schmetterlingsschlacht". In beiden ist die Umwelt des ge¬
768 2184 2023 2253 wöhnlichen früh=impressionistischen Dramas aufgesucht: die
767 2254 2013 2311 Großstadt in ihren sittlich zersetzten, vielfach auch physisch ver¬
767 2312 2020 2361 wüsteten Kreisen. In beiden, vornehmlich freilich in „Sodoms
765 2352 2002 2407 Ende", besteht die Handlung eigentlich nur aus einer Zu¬
765 2419 2010 2474 sammenreihung von Skizzen, die weit mehr als sonst bei
767 2479 2022 2533 Sudermann ins Kleine ausgeführt sind. So könnte man fast
753 2522 2019 2577 davon reden, daß der Dichter hier völlig im Impressionismus
766 2577 2009 2632 untergegangen sei; es war zu der Zeit, da sich auch Wilden¬
757 2635 2015 2699 bruch, Wilbrandt, Fulda u. a. impressionistischer Kunst be¬
763 2687 1139 2761 sonders hingaben.
856 2746 2006 2807 Da brachte das Jahr 1896 einen Umschwung. Suder¬
768 2807 2006 2874 mann ging von jetzt ab, unter allem Festhalten an dem Im¬
767 2861 2009 2920 pressionismus der äußeren Form, der z. B. gerade in seinem
763 2915 2012 2981 jüngsten Werke, dem „Johannisfeuer“ stark hervortritt, doch
754 2982 2017 3041 vor allem den Weg der Seelenmalerei, hob damit einzelne Ge¬
760 3026 2001 3089 stalten hervor, versuchte, wenn auch mit psychologisch=impressio¬
752 3087 1999 3134 nistischer Technik, immer mehr große und leidenschaftliche Per¬
767 3150 2019 3209 sönlichkeiten zu schaffen und näherte sich auf diese Weise dem
753 3194 2012 3253 Drama des starken, von irgend einer Schicksalsidee beherrschten
755 3265 2025 3321 Konfliktes. Ja es schien gerade im Jahre 1896 einen Augen¬
3016 1177 3212 1241 Dichtung.
2489 1289 3324 1350 blick, als wollte er das fernste Ziel, die K
2493 1354 3348 1433 listischen, von einer bestimmten Weltanschaut
2495 1399 3326 1473 auf einmal erreichen. Damals erschienen
2489 1431 3351 1536 gemeinsan  Titel „Morituri“ drei Einakte
2487 1516 3341 1577 Stück, „Teja“, in der gehaltvollen Prosa d
2498 1562 3350 1647 stils, ein Stück aus der Gegenwart, „Fritzch
2497 1614 3340 1691 Anwendung des Impressionismus, und ein
2493 1682 3350 1753 Ewig=Männliche“, in prächtig bunten, oft
2498 1733 3348 1809 Arbeiten also recht verschiedener äußerer Fo
2498 1791 3341 1856 trafen sich in derselben Idee. In allen dr
2497 1856 3323 1915 sich ums Sterbenmüssen, um das Fatum
2493 1904 3342 1979 gleichmäßig antritt und doch so ungleicha
2489 1967 3349 2027 besonderen Umständen der Lebensführung al
2492 2015 3339 2091 Charakter entnimmt. Aber hat nun der
2498 2069 3343 2140 irgendwie vertieft? Hat er einen augen
2494 2117 3348 2198 Zusammenhang zwischen den drei abwei
2497 2202 3340 2251 tödlichen Geschickes in den drei Stücken he
2497 2256 3349 2311 dem dreigeteilten Ganzen etwa gar eine v#
2497 2293 3349 2352 bindende höhere Auffassung, der Kern ei
2486 2352 3337 2425 entnehmen? Schwerlich. Es scheint ein
2493 2415 3342 2480 zu sein; es ist eine nur äußerliche Zusamn
2591 2464 3349 2538 Dagegen ist vom „Glück im Winkel
2488 2523 3349 2592 Jahre 1896 erschien, kein Zweifel meh
2487 2582 3350 2639 Sudermann wenigstens immer mehr der
2492 2628 3349 2699 zuwendet, und zwar in zunehmend stärk
2490 2684 3347 2754 gegenüber dem, was unsere dramatische
2498 2745 3349 2813 des Impressionismus leistete. Schon die
2498 2801 3344 2860 „Glücks im Winkel“ erbringen den Bew
2502 2853 3349 2928 Titelheld und die drei Personen der
2507 2910 3337 2987 „Johannes“. Freilich ist dabei die Spi
2505 2965 3349 3041 „Johannes“ noch unbeholfen; und oft si
2503 3024 3349 3085 seitiger Beziehungen der Handelnden in
2507 3091 3350 3160 hineingeklügelt, daß es überaus schwer, we
2493 3133 3333 3194 wird, allen Absichten des Dichters in d
2502 3192 3349 3263 folgen, die während des Verlaufes der
2509 3250 3349 3327 Bühne gegeben ist. Das Zusammendräng
2873 4051 3144 4131 e nneg
