3344 4352
150 324 1312 408 1. Panphlets, Offprints
250 1888 804 1961 Dramas ist in Deutschland
265 1953 804 2016 ind Anzengruber vorbereitet
333 2005 803 2074 wo sie im Sinne des
332 2065 788 2137 ichen wie den psycho¬
473 2117 808 2188 stände behandelt
548 2178 806 2241 " Ludwigs
623 2231 806 2298 stoffliche
618 2292 809 2356 ber, den
643 2348 808 2407 wir in
639 2401 812 2470 ihr die
656 2456 803 2530 erlicher
608 2568 808 2636 matischen
622 2630 780 2691 un nicht
625 2683 730 2747 Beistat
745 2695 782 2745 d,
716 2746 768 2799 en
725 2848 792 2911 Es
526 2905 803 2975 eichendes, so
507 2965 808 3029 e wir es schon
605 3021 798 3087 nt haben:
606 3073 809 3143 daß sich
562 3135 807 3202 ten an dem
498 3193 808 3253 m nervös war
540 3243 807 3324 ens stark be¬
1476 312 1947 419 box 36/1
1744 1237 1942 1303 Dichtung.
2339 1244 2469 1306 315
1301 1343 2475 1417 Die Aufführung der „Karolinger“ Wildenbruchs in Berlin
1222 1403 2480 1466 im Jahre 1882 war zweifelsohne ein wirkliches Ereignis, wenn¬
1222 1460 2474 1513 gleich der Dichter schon vorher, übrigens nach endlosem Harren,
1225 1518 2480 1565 auf der deutschen Bühne außerhalb der Reichshauptstadt Fuß zu
1222 1577 2479 1642 fassen begonnen hatte. Zwar erkannte die hauptstädtische Kritik
1225 1629 2481 1682 schon früh die psychologische Leere des Dichters: es schien, als
1210 1689 2479 1734 handelten Schatten, wenn auch von Riesengröße: aber das eben
1208 1740 2472 1807 war bezeichnend, daß Wildenbruch trotzdem durchdrang. Denn
1216 1793 2470 1844 was man vor allem zu genießen gekommen war das war der
1217 1850 2471 1920 bunte Verlauf des Lebens, der dramatische Pomp, die wuchtigen
1207 1920 2469 1978 Scenen. Und mehr: dies Physiologische erschien nervös ge¬
1217 1961 2469 2031 faßt: in jagender Hast folgte Handlung auf Handlung; die
1210 2039 2460 2083 große dramatische Anlage im äußeren Aufbau und das be¬
1208 2081 2476 2127 sondere Geschick, die moderne Reizsamkeit aufzustacheln, waren
1213 2134 2449 2191 unverkennbar. Und so ward Wildenbruch auf einige Zeit —
1205 2196 2465 2239 etwa ein Jahrfünft — der Held des Tages; erst dann begann
1206 2249 2463 2316 er von neueren, jüngeren Dichtern überholt zu werden, die nun
1211 2299 2470 2357 dem schweren Problem des modernen Dramas mit ganz anderem
1213 2357 2079 2415 Ernst und Rüstzeug auf den Leib rückten.
1311 2413 2459 2482 Freilich: zu einem großen deutschen Drama führten auch
1205 2470 2464 2515 diese späteren Versuche lange Zeit nicht. Es wird einmal be¬
1214 2528 2472 2575 sonders lehrreich sein kann aber hier nicht unternommen
1205 2585 2472 2628 werden, die sehr verschiedenartigen Anläufe zu einem neuen
1212 2639 2461 2686 Drama in spezifisch litterargeschichtlicher Forschung genauer zu
1212 2693 2466 2748 untersuchen, wie sie etwa in den Hohenstaufendramen Martin
1206 2748 2458 2794 Greifs (1886 f.) und im „Trifels und Palermo“ von Lilien¬
1200 2816 2467 2869 crons, auch einem Hohenstaufendrama aus dem Jahre 1886,
1213 2860 2465 2921 ferner im „Königssohn und Rebell“ von Felix Schulz (1887),
1208 2924 2457 2991 in dem „Naphthali“ von Fritz Lienhard (1888), in dem „Fest
1205 2976 2454 3043 auf der Bastille“ von Franz Herzfeld (1889) u. a. m. vorliegen:
1196 3042 2453 3093 bis im „Nero“ von Julius Brand (Hillebrand) 1890 der deut¬
1210 3084 2460 3149 liche Versuch auftritt, das Drama, nach Analogie der Ent¬
1196 3140 2458 3193 wicklung der Kunsterzählung, einstweilen einmal nur aus einer
1201 3205 2457 3262 Sammlung von Scenenskizzen modernen Charakters aufzubauen.
1207 3250 2464 3298 Dabei mischen sich freilich bei Brand in dies absolut impressio¬
1209 3301 2468 3389 nistische Verfahren schon romantische und symbolistische Elemente.
