3436 4320
1999 186 2446 258 —
1529 244 2001 347 box 36/4
181 245 1377 360 1. Panphlets offorints
1757 994 1892 1084 15
1088 1097 2549 1166 ihrem Grund aufgewühlten Menschenseele in seltener Meisterschaft zu
181 1108 805 1195 zum letzten Augenblick am
1093 1164 2553 1228 analysieren verstanden. Es sind die letzten Stunden, die ein Offizier
158 1178 677 1251 änden des Sterbenden.
1086 1220 2556 1295 erlebt, der sich töten muß, weil ihn ein simpler Bäckermeister be¬
169 1237 793 1303 Naturalist geschrieben, aber
1099 1278 2553 1357 schimpft und dabei mit roher Kraft seinen Säbel festgehalten hat, so
165 1295 793 1367 Stoffes gemildert hat. Auch
1091 1344 2553 1404 daß er sich nicht wehren konnte. Die Ehre des jungen Leutnants ist
164 1356 792 1435 des ästhetisch Schönen verläßt,
1083 1397 2550 1451 vernichtet, ihm bleibt kein anderer Ausweg als der Revolver. Zwar
166 1416 792 1491 geht die künstlerische Feinheit
1084 1457 2554 1514 weiß niemand um die Beschimpfung als er und sein Beleidiger, aber er
153 1478 784 1550 ch nicht darauf, die packende
1095 1533 2566 1594 muß fürchten, eines Tages als ein Ehrloser entlarvt zu werden, als
164 1534 786 1596 szunützen, er zeigt, wie die
1087 1575 2550 1651 einer, der nicht würdig ist, dem Offizierskorps anzugehören. Eine
164 1600 797 1663 ehmste Weitanschauung nichtig
1086 1653 2544 1706 qualvolle Nacht verbringt er im Prater, fortwährend von seiner er¬
162 1653 797 1733 uns die Angst vor dem Tode
1097 1701 2547 1766 hitzten Phantasie gepeinigt, bis ihn die Müdigkeit in tiefen Schlaf ver¬
173 1707 799 1791 rWunsch zu leben der stärkste
1100 1753 2564 1820 senkt, den er auf einer Bank hält. Beim Morgengrauen erwacht
168 1773 790 1837 in seiner Novelle in knapper
1091 1809 2560 1894 wandert er heim, seinen Entschluß auszuführen. Vorher aber geht er
169 1832 791 1904 ik und unerschütterlicher Ruhe,
1095 1886 2564 1942 noch in sein Café, wo auch jener Bäckermeister verkehrt und hier
177 1891 717 1964 gleiten läßt, ausgeführt.
1097 1931 2558 1999 hört der Todgeweihte eine befreiende Nachricht: seinen Gegner hat in
173 1960 786 2012 rauch in einer Reihe anderer
1091 2001 2563 2061 der Nacht der Schlag getroffen und zwar auf der Stiege zu seiner
151 2003 786 2087 nd ins Auge gefaßt. „Ein
1103 2066 2559 2116 Wohnung, als er abends vom Konzert, das für Leutnant Gustl so
185 2065 780 2143 dem die Geliebte, eine ver¬
1091 2123 2559 2180 verhängnisvoll wurde, nach Hause kam. Leutnant Gustl sieht sich
186 2128 793 2203 vor ihrem Tode wiedersah,
1105 2167 2558 2241 dem Leben wiedergegeben, denn nun lebt niemand, der von dem Vor¬
151 2186 790 2248 alen, die der Liebhaber hier in
1102 2235 1467 2309 gefallenen weiß.
173 2241 788 2325 s zum Wiedersehn am Toten¬
1209 2285 2565 2353 Dieser Schluß läuft aber der Voraussetzung zuwider, da ja die
152 2304 795 2378 Pwahrer Treue geschildert und
1103 2347 2562 2426 subjektive Ehre des Offiziers dennoch verletzt bleibt. Er selbst hat
158 2362 788 2436 abe. Diese Art der Seelen¬
1104 2403 2552 2478 gleich nach dem Vorfall, als er seine Lage gründlich überdachte, ge¬
161 2430 792 2499 so hoch über viele Produkte
1106 2480 2562 2545 sagt: Selbst wenn den Bäcker heute Nacht der Schlag trifft, bin ich
161 2489 802 2555 ter den modernen Novellisten
1099 2524 2560 2593 dennoch entehrt. Der Schluß ist nur so zu erklären, daß Schnitzler,
144 2536 793 2614 n Abschied“ behandelt ebenso
1095 2580 2573 2667 wie an Marie in „Sterben“ auch hier gezeigt hat, wie stark der
147 2599 797 2667 himene Skizze „Die Toten
1094 2655 2574 2715 Lebenstrieb im Menschen, und besonders in dem, der in der Blüte
155 2659 781 2737 keit oder Unheiligkeit der Ehe.
1107 2705 1728 2778 seiner Jugend steht, wurzelt.
155 2714 790 2795 rmeller Hinsicht der innerhalb
1226 2765 2572 2832 Auch die Novelle „Frau Berta Garlan“ konzentriert sich
149 2776 780 2846 nolog „Leutnant Gustl“
1110 2835 2566 2891 nur auf eine Person. Berta Garlan zehrt noch an ihrer Jugend¬
157 2840 791 2917 Schnitzlers begegnen uns hier:
1108 2895 2568 2961 sehnsucht, dieweil der Mann, den sie liebt, längst über seine Jugend¬
157 2896 781 2971 ung und eine mit rein künst¬
1116 2933 2572 2996 liebe hinweggekommen ist. Auch hier hat sich der Dichter an die
153 2956 788 3021 dazu liegt über dem Ganzen
1106 3005 2571 3067 Schilderung eines Seelenzustandes gemacht, der allerdings in eine
149 3011 786 3092 er militärische Ehrbegriff, der
1104 3056 2569 3120 unerträgliche Länge ausgesponnen ist. Es ist das Liebessehnen einer
153 3074 781 3148 wie eine Ruine in unsere Zeit
1114 3112 2569 3189 jungen Witwe, in der nach dem Tode ihres Gatten die Sehnsucht
143 3133 780 3211 t. In „Leutnant Gustl“ zeigt
1104 3180 2576 3243 nach dem Geliebten ihrer Mädchenjahre erwacht. In den Jahren
146 3192 783 3266 en Situationen die befreiende
1104 3232 2575 3294 ihrer Ehe, die sie in einer Kleinstadt verbrachte, ist er ein berühmter
169 3252 790 3331 in dieser Erzählung steht der
1106 3281 2585 3371 Künstler geworden. Sie selbst greift die alten Beziehungen wieder auf
168 3315 794 3390 Auch hier hat Schnitzler die
1115 3366 2579 3433 und erreicht es, daß sie mit ihm eine Nacht in höchster Wonne ver¬
168 3372 805 3458 Sturm der Empfindungen in
