3436 4256
1229 150 1269 196 —
1864 142 2360 221 —
1509 208 1962 292 box 36/4
160 207 1359 322 1. Panphlets offorints
1484 1022 1602 1090 20
806 1103 2258 1179 fehlt, stören, wollte man eine Charakteranalyse dieser so trefflich ge¬
806 1182 2263 1231 schauten Menschen geben. Sie ziehen uns vielleicht gerade deshalb
808 1232 2258 1296 so stark an, weil sie uns in buntem Reigen entgegentreten, weil die
799 1306 2271 1372 entgegengesetztesten Charaktere aufeinanderstoßen. Trotzdem kommt es
803 1356 2273 1412 im Roman nie zu einer Erregung, wir hören höchstens von Vorgängen
801 1417 2260 1483 hinter den Kulissen. Die Episoden der zweiten Romanhandlung lernen
801 1475 2262 1538 wir nur ganz flüchtig kennen. Heinrich Bermann treibt die ungetreue
800 1534 2266 1592 Geliebte in den Tod und fühlt sich selbst schuldlos. Leo Golowski
796 1592 2260 1663 erschießt im Duell den antisemitischen Leutnant, der ihn die ganze
791 1647 2263 1717 Dienstzeit hindurch quälte. Oskar Ehrenberg strebt nach Assimilation,
792 1715 2250 1779 wird aber von seinem zionistischen Vater geohrfeigt, als er vor einer
801 1770 2255 1843 Kirche den Hut abnimmt. Therese Golowski flieht vor ihrer inneren
791 1842 2249 1900 Zerfahrenheit und ist bald Dirne, bald Volksführerin. Der alte Doktor
795 1892 2252 1941 trägt die Gegensätze, an denen sein Sohn noch leidet, abgestimmt in sich.
919 1946 2261 2004 Auch Georg von Wergenthin will sich das Recht der Künstler¬
793 2009 2247 2076 freiheit wahren, daher verläßt er Anna nach dem Tode des Kindes.
800 2073 2243 2137 Ihre Liebe ist selbstlos und edel, so daß sie den Geliebten seiner Ver¬
787 2127 2250 2183 pflichtung enthebt. Doch kann man diesem Schluß nicht recht beistimmen.
800 2183 2256 2249 Die letzten Szenen zwischen Georg und Anna scheinen mir nicht mit
791 2247 2255 2291 der nötigen Schärfe herausgearbeitet, um das Auseinandergehen der
792 2315 2248 2375 beiden ganz verstehen zu können. Deshalb bricht der Roman mit
796 2360 2248 2421 einem Mißklang ab. Das überaus zarte Ende des Verhältnisses, wie
796 2420 2257 2494 es Schnitzler schildert, vermag die Bedeutung der positiven Tatsache
790 2490 2249 2550 nicht abzuschwächen. Das Buch schließt folgendermaßen: „In Georgs
793 2540 2258 2611 Seele war ein mildes Abschiednehmen von mancherlei Glück und Leid,
794 2602 2248 2672 die er in dem Tal, das er nun für lange verließ, gleichsam verhallen
788 2653 2263 2710 hörte; und zugleich ein Grüßen unbekannter Tage, die aus der Weite
795 2712 1694 2788 der Welt seiner Jugend entgegenklangen.
902 2762 2256 2822 Ob der Weg, den Georg einschlägt, für ihn der Weg ins Freie
786 2837 2260 2907 ist, können wir nicht entscheiden. Aber wie für alle, so gilt auch für
801 2890 2245 2957 ihn das Wort Heinrich Bermanns: „Es kommt nur für jeden darauf an.
798 2955 2228 3033 seinen innern Weg zu finden ... den Mut seiner eigenen Natur haben.“
1447 3206 1589 3295 IV.
907 3314 2241 3384 Anatol ist der Typus des Wiener Lebejünglings. Dabei keines¬
779 3362 2251 3451 wegs einer, dem es nur darauf ankommt, als siegender junger Herr
2567 1133 3314 1224 möglichst vielen Mädchen entgegen
2555 1203 3305 1279 frage das „Wie“. Er ist vor allem
2553 1261 3294 1330 Sentimentalität nicht ganz frei ist.
2559 1327 3319 1398 rote Ampel und ein Flügel, auf de
2560 1378 3286 1458 kann, dazu ein Mädel, das ihn —
2555 1438 3325 1513 liebt, und er ist zufrieden. Er fragt
2564 1497 3290 1564 Mädchens. Sie existiert in dieser
2563 1553 3307 1632 hebt sie gleichsam zu sich herauf,
2553 1612 3318 1692 weichen, süßen Sphäre, in der er t##
2550 1676 3321 1747 Liebeleien oft ganz vernünftig vor.
2556 1732 3304 1805 Mädchen das Abkommen, dann si
2561 1801 3327 1881 den andern keine Liebe mehr empff
2550 1850 3299 1925 Freilich wird ihm so ein Abschied
2551 1907 3321 1977 gut, daß er einen praktischen Freu
2557 1967 3317 2040 ein Mephisto im Kleinen. Er verste
2553 2023 3323 2090 Handlung einzugreifen und zerhaut
2567 2082 3320 2161 Knoten. Die Kreise, aus denen And
2563 2146 3324 2221 verschieden. Bald ist es eine unv#
2565 2198 3315 2278 vom Zirkus, dann wieder ein lust
2554 2320 3320 2398 aber ist das Wienertum sofort anzu
2670 2377 3316 2455 Die sieben Einakter, die de
2565 2444 3293 2501 sammenfaßt, sind nichts anderes
2555 2498 3292 2576 Anatol und der jeweiligen Heldin,
2559 2559 3297 2630 und mit manchem Aphorisma das
2568 2620 3318 2686 lingt es, interessante Situationen un
2673 2674 3317 2749 „Die Frage an das Sch
2570 2729 3320 2805 auf Anraten Maxens an die hypnol
2563 2787 3289 2865 schließt sich zu diesem Schritt, da
2560 2850 3308 2930 Mädchens zweifelt. Als aber der
2562 2906 3318 2981 von der Ahnungslosen die Wahrhei
2560 2973 3312 3039 Frage. „Weihnachtseinkäu
2555 3024 3307 3106 Weihnachtsabend. Anatol trifft F
2567 3078 3322 3155 durchaus behilflich sein, für sein
2552 3141 3284 3211 Weihnachtsgeschenk auszuwählen.
2550 3204 3276 3282 Zeit nichts Passendes inden, so
2561 3263 3318 3336 er mit ihnen des Mädchens 3
2562 3322 3315 3398 sich in dieser Szene selbst ein
2552 3375 3312 3479 Das Melancholische drückt sich is
