3436 4256
1899 178 2392 255 —
1515 240 1974 343 box 36/4
164 242 1366 365 1. Panphlets, offorints
1726 1048 1878 1139 — 13
142 1131 805 1214 gen und eilt in das Haus ihres
138 1196 807 1278 uf des Lebens“, wo schon
144 1260 814 1339 ißt Marie den sterbenden Vater,
151 1318 807 1381 in den Krieg die letzte Nacht
1216 1330 2566 1419 Zum erstenmal hat Schnitzler in der Novelle „Sterben“ mit
144 1374 816 1462 er tapfere Cassian“ ver¬
1086 1418 2560 1475 geradezu unheimlicher Tragik und erschütternder Realistik ein Seelen¬
126 1439 214 1522 iv.
1095 1473 2553 1529 gemälde entworfen, das man unter die wenigen Dauerwerte rechnen
141 1488 795 1564 et in Schnitzlers Dichtungen un¬
1093 1528 2565 1587 muß, die der Naturalismus gezeitigt hat. In die tiefsten Abgründe
142 1556 802 1631 sich fast aus jedem Werke an¬
1090 1585 2553 1641 des menschlichen Gemütes leuchtet diese Seelenstudie hinein, die mit
139 1617 806 1695 ns für die Weltanschauung der
1091 1632 2553 1708 peinlichster Schärfe die Gefühle aufdeckt, welche das Sträuben des
145 1675 545 1752 h aus folgendem E
650 1678 808 1751 „Gibt
1100 1689 2558 1760 Lebenstriebes gegen sein Aufhören auslöst. Arzt und Dichter haben
133 1733 584 1815 irgend einer guten
1096 1752 2560 1820 sich hier in bewunderungswürdiger Weise zu gemeinsamer Arbeit ver¬
1097 1810 2566 1873 einigt, um den psychischen Zustand eines Menschen darzustellen, der
145 1836 803 1925 Romantik gepflegte Künstler¬
1091 1884 2573 1938 weiß, daß er in einem Jahre sterben muß. Die Erzählung ist um so
140 1907 806 1988 Ansehen gebracht, nur daß jetzt
1096 1925 2564 1990 höher zu bewerten, da das Sujet sehr wenig Handlung aufweist. Der
154 1973 814 2047 entnommen wird. So haben
1094 1999 2556 2061 Held, seine Geliebte und der Arzt sind die Personen, auf die sich die
163 2029 810 2106 „Tollege Crampton“ und in
1106 2044 2564 2117 Novelle beschränkt. Im Vordergrunde steht das Seelenleben des
141 2085 809 2162 Sodoms Ende“ einen Maler in
1090 2106 2557 2173 Helden, der das letzte Jahr seines Lebens mit der Geliebten verbringt
122 2145 806 2225 At. Zahlreiche andere Dichter
1092 2165 2559 2220 und dem das Gespenst des Todes mit jedem Tage näher kommt. Als
133 2204 798 2287 kler ist in Hauptmanns Glocken¬
1097 2220 2564 2296 das durch seine Treue große, von idealer Liebe erfüllte Weib erscheint
150 2267 810 2341 zu suchen. Schnitzler gab im
1101 2288 2568 2348 Marie, die den Geliebten mit rastloser Aufopferung pflegt und von
151 2324 802 2398 das sich mit dem Problem der
1107 2365 2554 2412 Anfang an bereit ist, mit ihm zu sterben. Wie allmählich die Sehn¬
129 2378 800 2461 st läßt der Dichter unter seinen
1098 2396 2560 2482 sucht nach dem Leben in ihr wach wird, zumal sie unter den Quälereien
136 2443 805 2522 reten. In der Mittwochsgesell¬
1100 2459 2569 2523 des Kranken entsetzlich zu leiden hat, wie sie in der letzten Stunde
144 2502 804 2572 der Maler Well, die Novelle
1109 2521 2569 2579 den kraftlosen Mann, der sie erwürgen will, mit Aufbietung aller
122 2552 809 2635 die eines Schauspielers, im
1101 2585 2560 2655 Kräfte zurückstößt und ins Freie stürmt, hat der Dichter mit ein¬
103 2606 794 2694 der Dichter Filippo Loschi eine
1103 2652 2561 2708 dringlicher Virtuosität zum Ausdruck gebracht. Man hält den Atem
122 2683 808 2759 schon in Christinens Vater in
1112 2703 2562 2767 an und muß das Buch in einem Zuge zu Ende lesen. Man muß die
132 2742 801 2816 Garlans Jugendgeliebter ist
1105 2752 2556 2847 ungeheuren Seelenqualen, die der vor dem Tod fliehende Felix er¬
115 2803 811 2882 n „Zwischenspiel“ ist, wie
1101 2814 2559 2882 leidet, miterleben, man muß die bangen, qualvollen Tage im Ge¬
118 2855 796 2932 m Roman „Der Weg ins
1109 2894 2572 2955 birge, in Salzburg und Wien, die nur mitunter ein flüchtiger Licht¬
129 2914 806 2993 erdrama ist auch der Einakter
1109 2951 2573 3010 schimmer erhellt, mit ihm durchmachen und ihn endlich in Meran
130 2976 792 3057 hnen. In dem Schauspiel „Der
1103 2991 2569 3067 sterben sehen, um dann aufs tiefste ergriffen vor der Stärke des
127 3040 797 3114 gs ein Maler entgegen und im
1102 3059 2580 3132 Lebens zu erzittern und die Meisterleistung des Dichters bewundern
118 3093 806 3176 ntschaft eines Dichters. Mit
1101 3126 1373 3198 zu können.
132 3159 792 3236 chnitzler auch dem Bohemestück.
1229 3158 2572 3255 Pathologisch ist das Werk von höchster Bedeutung. Die Liebe
165 3209 797 3297 unter den Personen seiner
1107 3253 2569 3306 Felix' verwandelt sich mit der Zeit in eine Art Haß, das Mädchen
125 3268 803 3352 grath („Der einsame Weg“),
1106 3306 2571 3355 mit sich zu töten. Zu dieser Tat fehlt ihm zuletzt nur die körperliche
154 3326 811 3405 und in dem Helden des Ein¬
1113 3345 2582 3425 Kraft. Marie kann trotz Aufgebot aller Kräfte an ihrem Vorsatz,
1108 3404 2577 3502 mit dem Leben des Geliebten auch ihres zu enden, nicht festhalten.
