3436 4256
2073 162 2344 240 —
1543 215 2013 316 box 36/4
202 224 1390 342 1. Panphlets, offorints
1536 1010 1592 1076 17
216 1139 570 1218 uch ihre weiteren
416 1201 569 1273 sechs
1510 1204 1615 1278 II.
414 1259 565 1328 mmen.
946 1261 2285 1355 Wie in dem Buche „Dämmerseelen“, so kommt auch in einigen
455 1319 572 1393 flung
830 1338 2280 1408 Novelletten, die unter dem Titel „Die Frau des Weisen“ ge¬
458 1381 564 1452 ihrer
827 1393 2292 1468 sammelt sind, das Dunkle, Ungeklärte, das wie ein dichtgewebter
821 1464 2280 1525 Schleier über den einzelnen Erzählungen liegt, zu vollendetem Aus¬
828 1510 2294 1571 druck. Menschen begegnen uns hier, die man hinnehmen muß, wie
463 1555 573 1627 Stoff
829 1568 2296 1651 sie sind, deren Seelenleben mit überzeugender Wahrheit geschildert ist,
829 1627 2287 1699 wie das der unverstandenen Frau in der Titelnovelle. Die Originalität
831 1688 2301 1765 gerade dieser Erzählung ist besonders hervorzuheben. Eine Szene
825 1745 2303 1818 aus der Theaterwelt, die aber keine Pikanterien hinter den Kulissen
832 1827 2296 1884 enthüllt, sondern uns einen tiefen Blick in die Seele eines Schau¬
839 1867 2305 1947 spielers tun läßt, gibt der „Ehrentag“. In Witte erkennen wir den
839 1928 2296 2005 Typus Anatols. Die Novelle „Die Toten schweigen“, ein Gegenstück
835 2013 2300 2059 zu „Abschied“, zeigt am deutlichsten die markante Art Schnitzlers,
829 2057 2308 2117 moderne Probleme der Gesellschaft zum dichterischen Vorwurf zu
837 2105 2310 2181 nehmen. In diesem Kabinettstück liegt eine Kraft, die uns nur
846 2171 2307 2230 den versöhnenden Schluß fast etwas zu wenig herausgearbeitet er¬
847 2224 2299 2302 scheinen läßt. Die erwähnten Novelletten beschäftigen sich durchwegs
839 2278 2297 2344 mit dem Ehebruch. Keine große geistige Veranlagung, wohl aber
846 2337 2311 2425 geschickte Rücksichtslosigkeit ist den Betrügern eigen. Sowohl in „Die
847 2395 2292 2478 Frau des Weisen“, wie in dem letzten Stück „Die Toten schweigen“
839 2453 2306 2534 steht die Frau beschämt vor dem Gatten. Überhaupt wendet der
841 2522 2302 2595 Dichter in seinen Geschichten dem seine Sympathie zu, dem übel mit¬
857 2585 1548 2679 gespielt wird („Der Ehrentag").
979 2628 2305 2715 „Die griechische Tänzerin“ ist eine kleine, an Saar
851 2690 2307 2774 gemahnende Skizze. Schnitzler behandelt hier das Sonderrecht des
848 2761 2301 2824 Künstlers, scheint dasselbe aber zu bestreiten, denn seine Sympathie
857 2824 2311 2883 befindet sich ganz auf Seiten der Frau. Diese wollte ihren Gatten
847 2893 2308 2944 ständig glauben machen, sie halte ihn für treu und auch den Freunden
858 2928 2309 3008 des Hauses gegenüber stets in glücklicher Ehe lebend erscheinen. Sie
849 2988 2312 3054 soll an Herzschlag gestorben sein, erzählt der Dichter, fügt aber diesem
856 3054 2311 3131 Bericht bei: „Sowie sie vor ihrem Gatten die glückliche Frau gespielt
859 3111 2310 3184 hat, vom ersten Augenblick bis zum letzten, während er sie belogen
461 3162 600 3224 n Ge¬
852 3177 2313 3249 und zum Wahnsinn getrieben hat, so hat sie ihm auch schließlich einen
330 3219 614 3292 die strenge
851 3223 2312 3300 natürlichen Tod vorgespielt, als sie das Leben hinwarf, weil sie es
383 3279 629 3355 ntwicklung
864 3293 2319 3367 nicht mehr ertragen konnte. Und er hatte auch dieses letzte Opfer
858 3349 2332 3430 hingenommen, als käme es ihm zu. In dieser Novelle wird zum
