3436 4352
1515 234 1982 331 box 36/4
181 232 1390 324 1. Panphlets offorints
1439 296 1480 357 □00
667 1169 2153 1238 Gnaden haben wir ihr erwiesen, Gnaden — wir! — Und hätten ein¬
675 1240 1371 1310 fach gut sein müssen, Mama!“
794 1308 2144 1367 Auch in diesem Drama hat Schnitzler seinen mächtigsten Helfer
672 1351 2147 1442 neben sich: den Tod. Der erste Akt gelingt ihm meisterlich, die beiden
675 1438 2144 1484 andern sind mehr quälend. Dadurch, daß der Dichter das Kind bald
666 1486 2144 1540 dem Vater nachsterben jäßt, will er die Frage herausarbeiten, ob
666 1542 2144 1608 Toni im Hause bleiben kann. Daß sie sich an die Familie des Toten
667 1589 2142 1642 klammert, ist eigentlich unverständlich und nur einer kaum glaubhaften
673 1648 2144 1717 Charakterschwäche zuzuschreiben. Desgleichen ist auch ihr freiwilliger
675 1734 2152 1776 Tod keine notwendige Folge des Geschehenen. Auch in Hugos Vater
673 1788 2153 1840 tritt uns ein Mann entgegen, der nicht die Kraft hat, Theorie in
674 1829 2158 1888 Praxis umzusetzen. Er wagt es schließlich doch nicht, die Gesetze der
684 1894 1213 1971 Gesellschaft umzustoßen.
801 1943 2151 2026 Der Einakter „Die Befährtin“ ist ebenfalls im gewissen
674 2004 2153 2082 Sinne ein Anklagestück gegen die Gesellschaft. Der Akt ist vollständig
671 2067 2153 2124 in sich abgeschlossen und trefflich komponiert. Schnitzler beweist hier,
676 2137 2146 2196 daß er auch das, was nur ein undramatisches, festes Sein ist, in
683 2193 2146 2261 einer geschickten Szene in ein dramatisches Geschehen umwandeln
686 2238 2152 2314 kann. Die hohle Ehe eines Gelehrten ist das Problem dieses äußerst
684 2325 2152 2379 geistreich geschriebenen Einakters. Es ist interessant zu beobachten,
683 2369 1946 2439 wie Schnitzler hier viel durch die bloße Stimmung erreicht.
790 2414 2129 2483 In der ergreifenden Krankenhausstudie „Die letzten Masken“
685 2489 2159 2548 werden wir Zeugen der Unterredung eines verbummelten, totkranken
689 2541 2151 2611 Schriftstellers mit seinem berühmten Kollegen. Die Grundstimmung
684 2595 2156 2670 der Szene ist die: vor dem Tod werden so viele Probleme des Lebens
684 2660 2160 2728 lächerlich und nichtig. Was uns in gesunden Tagen als sehr wichtig
686 2715 2159 2793 erscheint, dafür haben wir im Angesichte des Todes nur ein resignieren¬
679 2781 2159 2847 des Lächeln. Der armselige Journalist will seinen glücklicheren Neben¬
693 2832 2149 2904 buhler am Totenbett die Wahrheit entgegenschleudern, daß eigentlich
687 2892 2153 2955 er der Größere sei, denn ihn habe die Gattin des berühmten Autors
695 2953 2151 3030 geliebt. Aber er schweigt, als er die Bekenntnisse des beneideten
697 3024 2159 3090 Kollegen hört, der in tausend Mühen und Angsten seinen Ruhm be¬
696 3066 2151 3145 haupten muß. So stirbt Rademacher mit dem freudigen Bewußtsein:
691 3136 2136 3202 „Wie armselig sind doch die Leute, die auch noch morgen leben müssen.“
701 3207 2165 3264 Von den übrigen Figuren dieses Einakters verdient der Schauspieler
696 3253 1208 3330 besondere Erwähnung.
815 3291 2160 3372 Wie gründlich Schnitzler zwischen echtem und falschem Künstlertum
694 3366 2167 3445 zu unterscheiden weiß, zeigt das geistsprühende Lustspiel: „Literatur“.
702 3423 2179 3503 Die Verlogenheit des Scheinkünstlertums wird hier in Margarete ge¬
2056 178 2505 261 ——
3031 1061 3139 1130 31
3158 1118 3347 1234 geistreich
2361 1153 3150 1226 geißelt und in dem um jeden Preis
2356 1219 3347 1278 keiner echten unmittelbaren Gefühle fähig. De
2355 1277 3345 1349 ist folgender: Ein Mann heiratet eine junge S
2357 1327 3349 1418 einer ziemlich lockeren Gesellschaft von Bohemien
2350 1404 3342 1464 hat. Sie gab ihm das Versprechen, nichts mehr
2357 1463 3334 1522 aber dennoch heimlich einen Roman, in dem
2356 1513 3335 1591 niederlegte und Briefe an einen früheren G
2364 1574 3339 1650 erwähnten Kreise aufnahm. Aber auch dieser h
2365 1637 3340 1714 in das wieder Briefe Margaretens ausgenomm
2360 1685 3337 1756 läßt den Roman seiner Frau einstampfen, un
2353 1753 3341 1843 während der Dichter, der Margarete aufsuch
2372 1807 3149 1900 wieder zu gewinnen, abziehen muß.
3038 1985 3157 2065 VI.
2478 2060 3348 2130 Drei Einakter hat Schnitzler in einem Bu
2363 2129 3345 2204 trägt das Motto: „Wir spielen immer; wer e
2364 2192 3332 2254 spricht der Dichter zum erstenmal deutlich au
2367 2254 3333 2323 hältnis zwischen Wahrheit und Dichtung, zwi
2354 2311 3330 2379 besteht. Es ist ein Spiel. Das Schicksal sp
2356 2373 3339 2448 oft spielen auch wir mit unserem Schicksal, d#
2363 2428 3337 2509 Personen, die er uns vorführt. Schnitzler ha
2385 2487 3340 2579 So sagt er im „Paracelsus,“ dem die obige
2373 2544 2584 2636 führlich:
2665 2553 3336 2652 „Es fließen ineinander Traum und
2671 2637 3334 2705 Wahrheit und Lüge. Sicherheit ist
2669 2689 3339 2759 Wir wissen nichts von andern, nichte
2672 2745 3337 2822 Wir spielen immer, wer es weiß, ist
2378 2800 3333 2888 Und in „Der grüne Kakadu“ heißt es: „Wi
2369 2884 2514 2951 über
2564 2879 3342 2952 Spiel in Wirklichkeit.“ Noch öf
2370 2929 3309 3017 darauf zurück, bis er schließlich in den „
2378 2995 3335 3073 unsichtbaren Drähte, an denen er seine Mensch
2492 3057 3340 3132 Schnitzlers „Paracelsus“ ist mit M
2369 3110 3330 3185 des Erasmus“ das beste Renaissancedrama d
2377 3183 3330 3242 spiel führt uns in den Beginn des 16. J
2382 3236 3333 3305 Es ist das erstemal, daß Schnitzler historische
2378 3291 3333 3361 eines Dramas bringt. Der Held des St
2370 3349 3341 3420 Wunderdoktor Theophrastus Bombastus Ho
2388 3412 3324 3503 seine Künste Justina, die Gattin des Waff
