3436 4320
1916 179 2371 247 —.—
905 241 970 319 0
1548 245 2009 335 box 36/4
209 248 1398 366 1. Panphlets iforints
1415 1039 1548 1111 22
745 1122 2205 1208 gänglichkeit all der süßen Freuden der Liebe aus. Dieser Zwiespalt
752 1198 2209 1251 im Charakter Anatols kehrt auch im „Reigen“ wieder. In „Weih¬
752 1260 2209 1323 nachtseinkäufe“ wird der mondänen Dame der Typus des süßen
743 1312 2220 1395 Mädels beschreibend vorgeführt. Von ihm heißt es: „Sie ist nicht
740 1373 1163 1453 faszinierend schön
1220 1383 2215 1446 sie ist nicht besonders elegant — und sie ist
741 1425 2209 1496 durchaus nicht geistreich . . . aber sie hat die weiche Anmut eines
740 1490 2210 1552 Frühlingsabends . .. und die Grazie einer verzauberten Prin¬
737 1553 2131 1625 zessin ... und den Geist eines Mädchens, das zu lieben weiß.“
855 1618 2204 1685 In „Episode“ erfahren wir von Anatols bisherigen Liebes¬
740 1668 2220 1719 abenteuern. Er hatte alle Briefe, Locken und Blumen sauber in
750 1727 2216 1784 Päckchen geordnet, auf denen irgend ein bezeichnendes Wort oder ein
753 1784 2215 1853 Satz steht, der ihm die ganze Episode ins Gedächtnis zurückruft.
749 1865 2215 1920 Seinem Freunde Max übergibt er diese Sammlung zur Aufbewahrung
740 1920 2210 1976 und bei dieser Gelegenheit betrachten sie miteinander die einzelnen
744 1972 2217 2040 Päckchen. Eines trägt die Aufschrift: „Episode“. Es waren zwei
744 2041 2219 2097 stimmungsvolle Stunden, die Anatol mit Bianka verlebt hat. Die
740 2081 2217 2163 beiden trennten sich bann sofort, weil sie mit ihrem Zirkus nach
750 2156 2220 2209 Petersburg ging. Eben jetzt ist sie wieder zurückgekehrt. Sie besucht
744 2215 2227 2274 Max und trifft bei ihm auch Anatol, hat aber das Erlebnis mit diesem
740 2263 1107 2336 längst vergessen.
867 2322 2202 2380 Am Vorabend von Anatols Hochzeit spielt „Denksteine“.
744 2393 2204 2452 Anatol kramt im Schreibtisch Emiliens, der er noch immer nicht ver¬
747 2454 2222 2504 traut, obzwar sie ihm längst ihre Jugendsünden gestanden und die
753 2494 2217 2559 Erinnerungen daran gemeinsam mit ihm vernichtet hat. Anatol kann
752 2563 2215 2624 eben die Vergangenheit seiner Geliebten nicht vergessen und darin
747 2616 2217 2686 liegt die Tragik. (Dasselbe Motiv wird später im „Märchen“ ange¬
745 2683 2222 2750 schlagen.) Wirklich findet er noch zwei Edelsteine, deren Herkunft
755 2744 2228 2802 wir nun erfahren. Er wirft sie ins Feuer, aber Emilie will sie
749 2810 2230 2865 retten, denn der eine ist ein schwarzer Diamant und besitzt den Wert
758 2853 2205 2920 einer Viertelmillion. Da verläßt sie Anatol mit dem Zuruf: „Dirne!“
861 2911 2224 2980 Das „Abschiedssouper“ will Anatol mit Annie halten, da
759 2984 2217 3039 er bereits eine andere liebt. Bei dieser Veranstaltung steht ihm Max
762 3026 2224 3094 hilfreich zur Seite. Anatol wird die Erklärung schwer, Annie kommt
755 3096 2219 3161 ihm aber zuvor, indem sie ihm mitteilt, daß auch sie bereits einen
751 3158 2230 3217 andern Liebhaber hat. Den Grundgedanken dieses Einakters, daß
754 3203 2220 3270 ein Verhältnis vom Anbeginn auf völlige Wahrheit und Aufrichtig¬
757 3272 2182 3333 keit begründet wird, verwendet Schnitzler auch im „Zwischenspiel“.
875 3323 2221 3383 Eine Szene aus dem Verhältnis mit einer verheirateten Frau
749 3378 2243 3441 bringt „Agonie“. Anatol liebt Else tief, sie aber hat nicht die Kraft
3233 1043 3334 1112 23
2564 1135 3358 1207 zu einer wahren Liebe, das Schreck
2569 1202 3351 1270 fortwährend vor Auge. Für sie ist
2564 1266 3321 1332 einem langweiligen Familienleben.
2562 1306 3315 1387 Anatols Hochzeitsmorgen.
2559 1378 3367 1445 betrügt Anatol schon seine junge Fra#z
2550 1432 3337 1498 mittag Max abholen kommt, findet
2562 1494 3360 1572 köstlichen Szene wird Ilona beigebre
2547 1546 3358 1629 nun wieder ganz gewonnen zu haben
2559 1612 3362 1682 Sie führt einen richtigen Skandal au
2557 1657 3351 1749 Max beruhigen, der sie damit tröstet,
2560 1724 3112 1795 mit ihr verkehren könne.
2671 1793 3353 1853 Im „Anatol“ tritt das Tragisch
2554 1839 3359 1915 vom Lichte des Humors oder der frivo
2552 1901 3365 1978 wird. Die Einakter geben ein treff
2557 1959 3360 2037 Bourgeoisie in den 80er Jahren. Zu
2561 2018 3362 2096 Schäffers („Gesellschaft“, Jahrgang 1
2555 2074 3364 2146 glühendes Gedicht, wie die andern da
2556 2135 3365 2213 aber ohne Pathos, lodernde Leide
2551 2190 3349 2276 Stammeln des verzückten Rausches,
2552 2254 3366 2330 das Buch mit dem Titel, der so graz
2546 2326 3351 2386 eines von jenen, die am Ende einer
2547 2374 3355 2439 Skepsis nicht mehr an die großen kon
2556 2429 3350 2505 Gefühle differenziert werden, und die
2543 2488 3360 2591 Sonne, dem Leben, in das zart=violett
2544 2547 2701 2626 rettet.“
2653 2602 3359 2689 Dem Anatolzyklus kann man im
2547 2665 3367 2732 dramatische Szene „Halb Zwei“ b
2547 2720 3362 2804 auch zu einem Werke hinüber, das in
2543 2783 3345 2861 „Anatol“ nennen kann. Es sind zehn
2548 2834 3355 2910 gehörigkeit schon durch den gemeinsamen
2659 2903 3339 2977 Die Liebe in ihrer konkretesten
2543 2963 3360 3038 variierte Thema dieses Buches. Es i
2541 3029 3356 3097 für den, der nicht tiefer zu lesen verste
2545 3085 3362 3151 meinheit bis zur feinsten Erotik auf
2536 3144 3347 3224 Vorgänge. Der Dichter steht über sei
2533 3197 3342 3262 gewagten Situationen, die er darstellt,
2540 3247 3358 3330 Menschlichen bis auf den Grund scha
2538 3319 3355 3397 und der Soldat eröffnen mit einer f
2534 3375 3367 3474 zeichneten Szene das Buch. Der S#
