3436 4352
1917 153 2377 226 —
1519 212 1960 298 box 36/4
291 211 1351 318 Panphlets offbrines
1379 1053 1483 1141 32
697 1134 2167 1255 zaubert, in dem er sie hypnotisiert, wie er den von der Treue seiner
697 1216 2162 1308 Frau überzeugten Gatten in Schrecken versetzt, hat der Dichter liebens¬
693 1279 2160 1361 würdig zum Ausdruck gebracht. Diese Episode, die einem andern
689 1335 2156 1429 für einen Lustspielstoff gerade genug gewesen wäre, hat er künstlerisch
692 1400 2168 1477 umgewertet und zur dramatischen Offenbarung einer tiefen Wahrheit
690 1458 2147 1536 geschaffen. In „Paracelsus“ ist noch kein stolzer Tatenmensch vor¬
686 1516 2175 1609 handen. Cyprian ist allzu selbstgewiß und prahlerisch. Gedemütigt,
1017 1583 1869 1674 „Es war ein Spiel, doch fand ich seinen Sinn
951 1653 1754 1733 Und weiß, daß ich auf rechtem Wege bin —
678 1720 2145 1833 erscheint er zuletzt doch wieder auf dem Wege zu seiner alten Selbst¬
689 1776 2159 1881 sicherheit. Das Versspiel lehrt uns die Unsicherheit des menschlichen
693 1841 2152 1948 Wissens vom eigenen und fremden Selbst. Diese Lehre können wir
674 1909 1495 1982 praktisch nachprüfen in der Groteske
807 1968 2150 2075 „Der grüne Kakadu“. Die edle Marquise von Lansac
673 2031 2143 2131 findet sich so in die Dirnenatmosphäre hinein, daß der unerfahrene
665 2093 2147 2180 Albin nicht weiß, ob die Marquise wirklich so ist oder nur spielt,
682 2142 2058 2245 worauf ihn der gequälte Liebhaber der Dame belehrt: „Sein
678 2204 2137 2285 spielen ... kennen Sie den Unterschied so genau?“ Aus der Groteske
666 2286 2142 2360 löst sich die Tragödie des Schauspielers Hen## heraus, der den Para¬
664 2330 2143 2413 celsussatz illustriert: „Es fließen ineinander Traum und Wachen, Wahr¬
662 2395 2141 2462 heit und Lüge. Sicherheit ist nirgends.“ „Der grüne Kakadu“ spielt
674 2441 2133 2539 am 14. Juli 1789 in einer Spelunke in Paris. Der dohterische
658 2507 2130 2592 Vorwurf ist ausgezeichnet, die ganze Stimmung der Revolution
662 2566 2132 2652 meisterhaft getroffen. Die Charaktere der Schauspieler und die der
658 2619 2121 2698 französischen Aristokraten, die sich in dem elenden Wirtshaus die un¬
667 2690 2133 2747 geschminkte Wahrheit sagen lassen, die sie draußen in ihren Palästen
656 2748 2132 2816 nicht vertragen würden, sind mit lebendiger Treue dargestellt. Man
652 2791 2148 2893 merkt, daß hier ein echter Dichter und ein großer Humorist die
660 2861 1887 2953 Launen des Schicksals für sich zu werten verstanden hat.
770 2936 2126 3009 Ebenfalls in den Beginn des 16. Jahrhunderts versetzt uns
653 2979 2118 3075 das fünfaktige Schauspiel „Der Schleier der Beatrice“. Es
654 3039 2119 3135 ist ein Renaissancedrama und spielt in Bologna. Hier war das
651 3122 2114 3187 melancholische Element im Dichter Schnitzler besonders stark wirksam.
641 3186 2113 3263 Drei Charaktere kommen in diesem Drama für uns in Betracht.
642 3237 2119 3312 In dem Herzog Lionardo Bentivoglio malt der Dichter den sicheren
643 3289 2126 3356 Tatmenschen, den lebenssehnsüchtigen Grübler in dem Dichter Filippo
648 3336 2126 3431 Loschi. Eine Spaltung des eigenen Wesens in zwei Extreme nimmt
648 3395 2129 3505 hier Schnitzler vor. In Beatrice wird ein Typus gezeichnet: das
3147 1121 3274 1217 33
2475 1213 3367 1324 Weib, dem wir alle begegnen müssen.
2480 1298 3351 1400 Dichter und dem Jüngling (Vittorino Y
2481 1353 3130 1433 folgendermaßen charakterisiert:
2701 1422 3353 1524 „Warst Du nicht, Beatrice, nur ein
2709 1491 3348 1561 Das mit der Krone spielte, weil sie
2702 1537 3341 1612 Mit eines Dichters Seel', weil sie
2697 1586 3351 1657 Mit eines Jünglings Herzen, weil'##
2702 1643 3356 1712 Geschenkt war? Aber wir sind allz
2702 1688 3354 1759 Und leiden's nicht, und jeder von #
2701 1728 3346 1817 Nicht nur das einz'ge Spielzeug sei
2701 1775 3350 1854 Die ganze Welt. So nannten wir
2695 1831 3344 1924 Betrug und Frevel — und du war
2467 1893 3332 1999 Dem Drama als solchem fehlt es an der
2468 1969 3344 2062 ist, uns die Personen näher zu bringen u
2465 2013 3328 2116 vorgeführten Geschehnisse angehören, zu
2459 2077 3353 2173 sind verschleiert, der Handlung mangelt de
2460 2148 3351 2232 sichtige Aufbau. Allem Lebensdurstigen di
2462 2198 3336 2297 der Dichter den Tod gegenüber und erzie
2457 2273 3349 2372 Der tragische Schluß wird durch des Her
2452 2317 2700 2399 gemildert:
2810 2356 3350 2467 „Das Leben ist die Fülle, ni
2807 2439 3351 2540 Und noch der nächste Augent
2570 2507 3341 2602 Aus dieser Dichtung erwuchs die P
2454 2583 3334 2655 Lierrette“, die Ernst von Dohnanyi in M
2444 2648 3325 2724 erste Fassung der „Beatrice“ (geschrieben
2438 2706 3340 2769 licht) war eine Pantomime. Sie spielte
2441 2756 3354 2836 der heiteren Pantomime entstand ein Wi
2436 2824 3345 2906 der Dichter in die Zeit der Renaissance
2443 2874 3341 2951 dem Stück eine Tragödie. Der Kern der
2434 2942 3344 3013 Beatrice läuft, bevor sie mit dem Herzog
2443 2997 3335 3070 Geliebten und verrät sich, als sie zurückkeh
2433 3061 3352 3148 sie ihren Schleier bei dem Geliebten vergess
2441 3119 3339 3190 hat Schnitzler nun wieder eine Pantomime
2428 3161 3343 3264 tragisch endet. Pierrette wird mit dem tote
2424 3238 3337 3331 und verfällt dem Wahnsinn. Das Wiene
2421 3282 2922 3374 aufgenommen worden.
2549 3347 3339 3440 Der Titel der Komödie „Zwischen
2432 3405 3337 3498 Symphonie, die Kapellmeister Amadeus A
2422 3484 3351 3566 griffe ist. Das Stück behandelt das P#
