3344 4320
1460 314 1925 400 box 36/4
247 321 720 420 Panphlets
594 323 1308 427 offprints
1517 1189 1638 1265 38
822 1291 2302 1354 handelt. Einen wichtigen Grundgedanken spricht Paola in der Traum¬
822 1358 2016 1427 szene aus: „Zusammen wach sein, das allein bedeutet.“
936 1407 2293 1480 Über dem fünfaktigen Schauspiel „Der einsame Weg“
824 1478 2301 1551 schwebt der Schatten Ibsens. Eine dunkle Traurigkeit liegt wie ein
826 1536 2306 1606 Schleier über der Dichtung, in die nur wenig Licht fällt. Die Menschen
832 1590 2305 1650 leben hier nur ihre eigenen Schicksale und gehen ihre eigenen Wege.
821 1652 2305 1706 Das Stück ist eines der an Handlung ärmsten Schauspiele, die
832 1713 2292 1764 Schnitzler geschrieben hat. Personen und Motive bleiben in der Ent¬
837 1772 2304 1824 wicklung stecken, dem Drama fehlt die innere Durchbildung. Der
824 1826 2311 1887 Pulsschlag des dramatischen Lebens ist nur hie und da ganz leise zu
828 1889 2314 1958 hören. Es wird viel zu viel gesprochen und über dem Dialog, den
831 1943 2295 2005 geistreichen Sentenzen und Aphorismen scheinen die Menschen dieses
833 2007 2293 2067 Stückes die Tat zu vergessen. Eine Unklarheit stammt auch daher,
826 2069 2297 2115 daß mehrere Handlungen ineinander gesponnen sind, aber die zu¬
826 2122 2298 2195 sammenhängenden Fäden fast ganz unsichtbar bleiben. Da haben wir
825 2190 2297 2257 zunächst Professor Wegrath, dem seine Gattin stirbt. Sie hat ihn in
829 2243 2302 2291 der Woche vor der Hochzeit mit einem Maler betrogen, er aber hält
831 2289 2300 2351 ihren Sohn Felix auch für den seinen. Die Tochter Johanna ist ein
834 2361 2294 2433 seltsames Geschöpf, die einen noch seltsameren Mann, eine echte
819 2423 2288 2469 Gestalt Schnitzlers, versonnen und verträumt, für einen Fremden un¬
828 2494 2292 2550 verständlich, liebt und sich im Teich seines Parkes ertränkt. Das
819 2539 2292 2588 Verhältnis Felix' zu seinem natürlichen Vater Fichtner bringt ein neues
830 2593 2288 2649 Motiv in die Handlung. Fichtner wieder steht in Beziehungen zu
819 2657 2295 2717 einer ehemaligen Schauspielerin, Irene Herms. Das ganze Schauspiel
824 2706 2291 2765 ist von einer schwülen, bedrückenden Luft erfüllt, die Personen wissen
821 2774 2285 2839 sich nicht recht zu geben, über die Charaktere und eigentlichen Motive
814 2825 2287 2883 gewinnt man keine klare Anschauung. Im Vordergrund des Interesses
826 2891 2290 2940 steht das Kind. Der Vater nimmt zu diesem Problem folgendermaßen
818 2951 2296 3003 Stellung: „Wir führen ja doch nur einen Kampf um unsere Kinder
822 3008 2295 3064 von dem Augenblik an, da sie überhaupt da sind — und einen aus¬
824 3064 2292 3131 sichtslosen obendrein. Das liegt im Laufe der Welt, sie können uns
825 3123 2293 3204 ja nicht gehören.“ Und Felix hat für seinen natürlichen Vater, als
823 3186 2301 3251 er seine eigentliche Abstammung erfährt, nur diese Worte: „Ihr
823 3244 2298 3303 Sohn . .. es ist nichts als ein Wort. Es klingt ins Leere. Sie
823 3301 1789 3373 sind mir fremder geworden, seit ich es weiß.“
941 3362 2285 3418 Drei Hauptpersonen sind es vor allen, deren Leben ein einsamer
816 3425 2298 3486 Weg war. Alle drei sind Künstler: Julian Fichtner, der Maler,
813 3485 2297 3533 Sala, der müde Genießer und Egoist, der Dichter und Lebenskünstler,
825 3537 2294 3599 und Irene Herms, die Schauspielerin und Freundin Fichtners. Alle
2624 1284 3272 1372 drei sind einsame Menschen.
2634 1358 3316 1430 fühlen und vielleicht noch mehr
2628 1414 3300 1482 Weggenossen finden, beweist
2619 1479 3313 1558 „Lieben heißt für jemand ander
2734 1531 3316 1608 In seinem letzten, groß
2630 1591 3297 1659 Charakter gezeichnet, von dem
2630 1656 3301 1717 schaffen, der Lauf der Dinge mach
2630 1714 3310 1770 Handlungen greifen in der dra
2630 1771 3300 1839 dardus“ einem in Bezug auf
2629 1820 3314 1901 Stücke, ineinander: die Tragödie
2627 1881 3314 1964 Herzogs von Valois und Napo
2629 1945 3310 2020 knüpfung der Fäden dieser H
2615 2006 3311 2074 zerfällt in Episoden, in denen
2618 2069 3307 2135 Können entfaltet. Die Einheit
2617 2114 3307 2191 selbst nur zeitweise aktiv eingre
2629 2180 3310 2255 Hintergrund sehen wir eine bür
2629 2240 3314 2318 durch, daß die dramatische F
2623 2295 3309 2375 Stimmungsmalerei stärker her
2622 2356 3315 2433 Apparat von Personen aufgebot
2636 2417 3314 2492 hang zu bringen weiß. Besond
2636 2472 3305 2538 vom Grund gelungen, zu dene
2627 2538 3314 2603 Wiener, die Schnitzler in seinem
2635 2591 3307 2664 absichtlich unterließ. Es ist das
2635 2654 3311 2735 schön ausdrückt, die Basteien di
2744 2708 3308 2785 Auf ganz romantische Art
2631 2765 3313 2848 des Herzogs von Valois in Vei
2630 2826 3306 2910 wird hier geschickt neu verwend
2636 2893 3310 2953 Bürgerliche und ihr Bruder, d
2625 2956 3305 3024 haßt, beginnt sie bald leidenschaf
2628 3006 3298 3085 seine Gefühle selbst: „Es lieg
2625 3063 3300 3147 nennen willst oder Haß . . . ich
2628 3120 3081 3204 die Welt verzehren.“
2744 3182 3310 3259 Schnitzler war es nicht eig
2624 3248 3320 3320 tun, dieses sollte nur die Stimn
2629 3309 3303 3379 der Krieg in dem Schauspiel „2
2632 3366 3303 3447 zugleich das Wunderbare der H
2631 3418 3318 3493 es erscheint uns wahrscheinlicher
2631 3477 3320 3558 von Kriegsgefahr und Schlachte
2623 3534 3308 3622 teuern besonders reizvoll. Der
2987 4139 3038 4213 80
