3344 4320
2046 236 2302 311 —
1477 300 1949 385 box 36/4
143 299 1312 405 1. Pamphlets offprints
1213 360 1323 410 —
1822 1117 1930 1189 37
156 1201 826 1290 Paracelsus: auch er spielt mit
1145 1217 2616 1287 kranke Frau, die dann ohnehin bald starb. So entfremdeten sich die
156 1277 811 1348 f, andern als Schicksal zu er¬
1154 1301 2620 1345 zwei, ja es gab eine Zeit, wo Mizzi den Fürsten haßte. Ihren Sohn
168 1330 822 1409 Jüngling, der nicht glaubte,
1151 1347 2615 1402 hatte sie gleich nach der Geburt weggeben müssen und hatte ihn seitdem
165 1392 824 1467 sein könnte. Georg erbarmte
1158 1395 2617 1458 nicht mehr gesehen. Mit der Malerei füllte sie die langen Jahre des
1154 1466 2613 1523 Alleinseins aus. Einigemale hielt der Fürst offiziell um ihre Hand an,
160 1446 828 1519 sich so zu stellen, als ob sie
1157 1530 2624 1581 wurde aber abschlägig beschieden. Mit ihrem Malprofessor Windhofer
149 1509 825 1579 diesem das Vertrauen auf sich
1152 1578 2618 1644 scheint Mizzi sehr vertraut gewesen zu sein, was der Abschied, den sie
157 1571 828 1642 dann seine Frau wurde. Jetzt,
1157 1630 2624 1690 ihm zuteil werden läßt, beweist. Sie will jetzt ihren Vater, über dessen
151 1626 817 1702 t Georg, der verschollen war,
1155 1693 2614 1760 Verhältnis sie längst im Klaren war, nach Ostende begleiten, da auch
150 1697 825 1761 krühmt, sagt ihm Anna, daß sie
1152 1757 2616 1815 der Fürst mit ihrem Sohne Philipp, der bei der ersten Zusammen¬
160 1747 819 1823 tgespielt habe, weil sie Georg
1160 1800 2630 1865 kunft den besten Eindruck auf sie machte, dorthin kommen wird. So
156 1808 809 1872 ollte, seine Eifersucht zu wecken.
1164 1871 2627 1940 scheint die ganze Komödie einen allgemein befriedigenden Ausgang zu
165 1868 818 1936 dieser Einakter wird auch von
1163 1932 2620 1994 nehmen. Über die Situationskomik, die in artigen Mißverständnissen,
165 1923 833 1996 fgeführt — ist ein Abenteurer,
1153 1979 2627 2037 Überraschungen und Verwechslungen besteht, und den glänzenden Dialog
154 1985 820 2058 in gewiegter Frauenbezwinger.
1165 2043 1887 2119 kommt der Dichter nicht hinaus.
159 2048 825 2114 und ist selbst nur Marionette.
159 2098 829 2176 penspiel ist von Oskar Straus
157 2193 813 2298 en Wurstel“ sehen wir die
1831 2246 1958 2326 VII.
177 2278 817 2358 im Wiener Prater mit an.
1267 2326 2619 2411 Sudermanns „Morituri“ sind die Stammeltern unzähliger Ein¬
159 2333 818 2402 rt und seinen Zwecken dienstbar
1153 2388 2627 2448 akterzyklen geworden, wie solche auch Schnitzler geschrieben hat. Ein
161 2395 820 2472 , wie Anatol, Max, das süße
1157 2453 2607 2511 Einakterzyklus ist auch „Lebendige Stunden“. Aus dem wild¬
152 2453 834 2539 Der Schluß des tollen Stückes
1166 2519 2623 2575 bewegten Strome des Lebens versteht Schnitzler ein paar feine Bilder
1163 2567 2614 2637 festzuhalten, die nur dem Auge eines Dichters sichtbar bleiben. Alle vier
150 2559 812 2639 amen fällt ein schwankartiger
1156 2644 2613 2695 Einakter haben das Künstlertum zum Vorwurf. In „Lebendige
155 2636 813 2708 izzi oder der Familien¬
1158 2684 2621 2747 Stunden“ begegnet uns ein Künstler, der sein Sonderrecht unter
165 2691 816 2770 es hier Freude, Gestalten, die
1158 2759 2630 2813 den traurigsten Umständen zu verteidigen weiß. Diese Sonderstellung
153 2752 823 2823 keifen, zu zeichnen. Auch dieses
1154 2800 2625 2871 gilt aber nur für den wirklich begnadeten Künstler. Eine Mutter,
157 2820 823 2890 Menschen treten uns darin ent¬
1154 2857 2624 2923 die sehr schwer krank war, ist für ihren Sohn, der ein solcher Künstler
148 2874 812 2950 durch zwanzig Jahre eine ge¬
1168 2925 2625 2989 ist und unter ihrer Krankheit litt, freiwillig gestorben, eben weil sie für
151 2932 819 3005 khabt. Nun hat sie sich vom
1160 2973 2620 3044 seine Kunst fürchtete. In „Lebendige Stunden“ legt Schnitzler seine
157 2985 822 3062 eibesitzer geheiratet, um endlich
1167 3036 2621 3108 hohe Ansicht von der Dichtkunst, die er schon öfter ausgesprochen hat,
154 3044 822 3127 Um seine Tochter Mizzi, die jetzt
1158 3096 2123 3165 nieder. Er schätzt sie höher als das Leben.
166 3117 818 3181 ganze Zeit wenig gekümmert.
1288 3152 2620 3232 Der Einakter „Die Frau mit dem Dolche“ steht in der
163 3175 826 3239 reund, Fürst Egon Ravenstein,
1158 3207 2616 3278 uralten Tradition des Traumstückes, mit der Schnitzler sich an Shake¬
150 3231 815 3304 kit, und daß diesem Bunde ein
1162 3289 2628 3338 speare, Grillparzer und Hauptmann anschließt. Das Stück spielt in
147 3277 810 3350 m Stücke zum erstenmale ent¬
1158 3319 2628 3399 einer Bildergalerie und ist etwas unklar gehalten, wenngleich Spiel
1158 3384 2634 3468 und Wirklichkeit hier noch sichtlich getrennt sind. Wieder wird
151 3404 826 3484 über war zu feig, um mit ihr
1171 3463 2627 3533 hier das Vorrecht des Künstlers und das Genußrecht der Frau be¬
164 3461 830 3543 n Vater und auf seine eigene
2923 4171 3008 4244 S
