<?xml version="1.0" encoding="UTF-8" standalone="yes"?>
<PcGts xmlns="http://schema.primaresearch.org/PAGE/gts/pagecontent/2013-07-15" xmlns:xsi="http://www.w3.org/2001/XMLSchema-instance" xsi:schemaLocation="http://schema.primaresearch.org/PAGE/gts/pagecontent/2013-07-15 http://schema.primaresearch.org/PAGE/gts/pagecontent/2013-07-15/pagecontent.xsd">
    <Metadata>
        <Creator>prov=University of Rostock/Institute of Mathematics/CITlab/Gundram Leifert/gundram.leifert@uni-rostock.de:name=ONB_Newseye_GT_M1+(htr_id=10810)::::v=2.4.2
prov=University of Rostock/Institute of Mathematics/CITlab/Tobias Gruening/tobias.gruening@uni-rostock.de:name=de.uros.citlab.module.baseline2polygon.B2PSeamMultiOriented:v=2.4.2
prov=University of Rostock/Institute of Mathematics/CITlab/Tobias Gruening/tobias.gruening@uni-rostock.de:name=/mnt/transkribus/LA/DEA/URO/LA_news_onb_att.pb:de.uros.citlab.segmentation.CITlab_LA_ML:v=2.4.2
Transkribus</Creator>
        <Created>2019-10-07T15:14:43.679+02:00</Created>
        <LastChange>2019-10-09T03:52:07.646+02:00</LastChange>
        <TranskribusMetadata docId="224200" pageId="9514835" pageNr="7" tsid="16620388" status="IN_PROGRESS" userId="40391" imgUrl="https://files.transkribus.eu/Get?id=QTHGBBUAGFIAKZEXWNAPDYFO&amp;fileType=view" xmlUrl="https://files.transkribus.eu/Get?id=ZKTXUEGWUNZKTNWIWHKMSGKB" imageId="6203069"/>
    </Metadata>
    <Page imageFilename="224200_0007.jpeg" imageWidth="3436" imageHeight="4352">
        <ReadingOrder>
            <OrderedGroup id="ro_1711443754374" caption="Regions reading order">
                <RegionRefIndexed index="0" regionRef="r1"/>
            </OrderedGroup>
        </ReadingOrder>
        <TextRegion orientation="0.0" id="r1" custom="readingOrder {index:0;}">
            <Coords points="141,183 141,3516 2395,3516 2395,183"/>
            <TextLine id="r1l1" custom="readingOrder {index:0;}">
                <Coords points="1910,226 1967,235 2003,218 2053,237 2102,220 2152,244 2284,225 2344,232 2344,172 2297,198 2260,199 2240,181 2165,196 2119,182 1910,193"/>
                <Baseline points="1919,212 1945,214 1971,214 1997,216 2023,216 2049,217 2075,217 2101,218 2127,218 2153,218 2179,217 2205,217 2231,216 2257,215 2283,214 2309,212 2335,211"/>
                <TextEquiv>
                    <Unicode>—</Unicode>
                </TextEquiv>
            </TextLine>
            <TextLine id="r1l2" custom="readingOrder {index:1;}">
                <Coords points="881,312 896,313 900,310 914,315 931,315 946,312 951,306 964,306 964,236 944,236 935,231 918,236 900,249 881,249"/>
                <Baseline points="891,303 923,305 955,303"/>
                <TextEquiv>
                    <Unicode>0</Unicode>
                </TextEquiv>
            </TextLine>
            <TextLine id="r1l3" custom="readingOrder {index:2;}">
                <Coords points="1264,314 1286,316 1304,310 1334,316 1350,307 1359,307 1357,263 1346,264 1342,260 1329,261 1323,257 1313,269 1307,269 1302,264 1292,263 1277,251 1261,255"/>
                <Baseline points="1273,307 1298,308 1323,307 1349,303"/>
                <TextEquiv>
                    <Unicode>ts</Unicode>
                </TextEquiv>
            </TextLine>
            <TextLine id="r1l4" custom="readingOrder {index:3;}">
                <Coords points="720,314 740,314 748,309 753,312 760,312 767,252 748,250 741,250 737,253 726,252"/>
                <Baseline points="730,306 752,308"/>
                <TextEquiv>
                    <Unicode></Unicode>
                </TextEquiv>
            </TextLine>
            <TextLine id="r1l5" custom="readingOrder {index:4;}">
                <Coords points="1523,310 1674,338 1754,312 1782,331 1819,315 1869,329 1911,315 1933,336 1988,308 1989,269 1916,240 1864,263 1839,248 1775,252 1723,282 1680,250 1602,267 1566,246 1524,249"/>
                <Baseline points="1532,304 1558,304 1584,305 1610,306 1637,307 1663,307 1689,309 1716,310 1742,311 1768,312 1794,313 1821,313 1847,313 1873,313 1900,313 1926,312 1952,310 1979,308"/>
                <TextEquiv>
                    <Unicode>box 36/4</Unicode>
                </TextEquiv>
            </TextLine>
            <TextLine id="r1l6" custom="readingOrder {index:5;}">
                <Coords points="175,311 600,351 1370,334 1370,302 1278,315 1182,244 1039,245 914,312 742,305 625,249 357,248 291,303 176,249"/>
                <Baseline points="184,308 242,312 301,316 360,320 419,322 478,324 537,325 595,326 654,326 713,326 772,326 831,326 890,326 949,325 1007,325 1066,324 1125,324 1184,324 1243,325 1302,325 1361,327"/>
                <TextEquiv>
                    <Unicode>1. Panphie.„Tprin—</Unicode>
                </TextEquiv>
            </TextLine>
            <TextLine id="r1l7" custom="readingOrder {index:6;}">
                <Coords points="167,1246 357,1252 372,1238 440,1254 473,1234 491,1251 555,1258 618,1235 619,1195 593,1189 573,1203 414,1180 210,1187 168,1169"/>
                <Baseline points="177,1230 202,1230 227,1230 253,1231 278,1232 303,1232 329,1232 354,1233 379,1234 405,1234 430,1235 455,1235 481,1236 506,1236 531,1237 557,1237 582,1238 608,1238"/>
                <TextEquiv>
                    <Unicode>in seinem noch lange</Unicode>
                </TextEquiv>
            </TextLine>
            <TextLine id="r1l8" custom="readingOrder {index:7;}">
                <Coords points="920,1242 2369,1244 2369,1206 2265,1187 920,1177"/>
                <Baseline points="929,1234 1000,1234 1072,1235 1143,1235 1215,1235 1286,1236 1358,1236 1429,1236 1501,1237 1572,1237 1644,1237 1716,1238 1787,1238 1859,1238 1930,1238 2002,1238 2073,1238 2145,1238 2216,1238 2288,1238 2360,1238"/>
                <TextEquiv>
                    <Unicode>findet, da er die geschichtlichen Personen von rein menschlichem Stand¬</Unicode>
                </TextEquiv>
            </TextLine>
            <TextLine id="r1l9" custom="readingOrder {index:8;}">
                <Coords points="160,1309 311,1297 360,1311 382,1293 398,1306 607,1315 608,1265 485,1247 445,1263 423,1244 302,1259 288,1247 269,1258 161,1247"/>
                <Baseline points="169,1290 194,1290 219,1291 244,1291 269,1291 295,1292 320,1292 345,1293 370,1293 396,1293 421,1294 446,1294 471,1295 497,1295 522,1296 547,1296 572,1296 598,1297"/>
                <TextEquiv>
                    <Unicode>Schleier der Beatrice“.</Unicode>
                </TextEquiv>
            </TextLine>
            <TextLine id="r1l10" custom="readingOrder {index:9;}">
                <Coords points="916,1292 2373,1301 2373,1261 2234,1249 916,1252"/>
                <Baseline points="925,1292 1000,1293 1076,1293 1152,1293 1227,1294 1303,1295 1379,1295 1455,1296 1530,1297 1606,1297 1682,1298 1758,1299 1833,1299 1909,1299 1985,1299 2061,1299 2136,1299 2212,1298 2288,1297 2364,1296"/>
                <TextEquiv>
                    <Unicode>punkt betrachtet. Es entstehen dann freilich keine Haupt= und Staats¬</Unicode>
                </TextEquiv>
            </TextLine>
            <TextLine id="r1l11" custom="readingOrder {index:10;}">
                <Coords points="923,1351 2374,1360 2338,1312 2204,1305 923,1320"/>
                <Baseline points="932,1351 1003,1352 1075,1352 1146,1352 1218,1353 1290,1353 1361,1353 1433,1354 1505,1354 1576,1354 1648,1355 1720,1355 1791,1356 1863,1356 1935,1357 2006,1357 2078,1358 2150,1358 2221,1359 2293,1360 2365,1360"/>
                <TextEquiv>
                    <Unicode>aktionen, sondern Dramen, deren Helden moderne Menschen sind, die</Unicode>
                </TextEquiv>
            </TextLine>
            <TextLine id="r1l12" custom="readingOrder {index:11;}">
                <Coords points="299,1352 349,1370 422,1358 503,1376 525,1363 576,1373 616,1367 617,1328 593,1328 561,1307 516,1319 496,1304 443,1323 412,1310 370,1317 350,1305 300,1314"/>
                <Baseline points="309,1354 336,1355 363,1355 390,1355 417,1356 444,1357 471,1358 498,1358 525,1359 552,1359 579,1358 607,1358"/>
                <TextEquiv>
                    <Unicode>ihm auch die</Unicode>
                </TextEquiv>
            </TextLine>
            <TextLine id="r1l13" custom="readingOrder {index:12;}">
                <Coords points="921,1411 2380,1425 2357,1366 922,1375"/>
                <Baseline points="930,1411 1002,1410 1074,1410 1146,1410 1218,1410 1290,1411 1362,1411 1434,1412 1506,1413 1578,1414 1650,1415 1722,1416 1794,1416 1866,1417 1938,1418 2010,1418 2082,1419 2154,1419 2226,1419 2298,1419 2371,1418"/>
                <TextEquiv>
                    <Unicode>historisches Kostüm tragen. So hat der Dichter in dem Schauspiel</Unicode>
                </TextEquiv>
            </TextLine>
            <TextLine id="r1l14" custom="readingOrder {index:13;}">
                <Coords points="358,1426 378,1432 391,1421 442,1426 459,1419 499,1428 523,1423 550,1434 611,1408 611,1373 591,1368 556,1375 541,1364 521,1364 499,1380 477,1366 457,1382 440,1373 382,1380 358,1369"/>
                <Baseline points="367,1415 393,1416 419,1416 445,1416 471,1416 497,1416 523,1417 549,1416 575,1416 601,1415"/>
                <TextEquiv>
                    <Unicode>enen daher</Unicode>
                </TextEquiv>
            </TextLine>
            <TextLine id="r1l15" custom="readingOrder {index:14;}">
                <Coords points="913,1476 2335,1495 2380,1431 913,1457"/>
                <Baseline points="923,1474 995,1473 1067,1472 1140,1472 1212,1472 1284,1472 1357,1472 1429,1472 1501,1472 1574,1473 1646,1473 1718,1474 1791,1474 1863,1475 1935,1475 2008,1476 2080,1477 2152,1477 2225,1477 2297,1478 2370,1478"/>
                <TextEquiv>
                    <Unicode>„Der Schleier der Beatrice“ Wiener Menschen in das Kostüm der</Unicode>
                </TextEquiv>
            </TextLine>
            <TextLine id="r1l16" custom="readingOrder {index:15;}">
                <Coords points="417,1485 439,1487 459,1479 478,1490 505,1481 525,1492 540,1484 565,1488 571,1483 586,1490 609,1484 609,1438 578,1442 563,1429 551,1435 521,1431 507,1422 472,1428 455,1439 417,1439"/>
                <Baseline points="426,1475 451,1476 476,1476 501,1476 526,1476 551,1475 576,1475 601,1476"/>
                <TextEquiv>
                    <Unicode>arstellen</Unicode>
                </TextEquiv>
            </TextLine>
            <TextLine id="r1l17" custom="readingOrder {index:16;}">
                <Coords points="915,1525 976,1547 1163,1535 1212,1552 1254,1537 1375,1549 1401,1532 1401,1510 1363,1488 1344,1497 1309,1481 1187,1504 1088,1483 1031,1498 976,1479 915,1488"/>
                <Baseline points="924,1527 950,1528 976,1528 1002,1528 1028,1528 1054,1528 1080,1528 1106,1528 1132,1528 1158,1528 1184,1528 1210,1528 1236,1528 1262,1528 1288,1528 1314,1529 1340,1530 1366,1530 1392,1531"/>
                <TextEquiv>
                    <Unicode>Renaissance gekleidet.</Unicode>
                </TextEquiv>
            </TextLine>
            <TextLine id="r1l18" custom="readingOrder {index:17;}">
                <Coords points="441,1546 467,1549 522,1541 535,1554 553,1547 577,1548 603,1537 604,1497 593,1499 571,1483 538,1494 533,1488 498,1491 491,1483 459,1502 442,1502"/>
                <Baseline points="450,1533 478,1534 507,1535 536,1536 565,1536 594,1537"/>
                <TextEquiv>
                    <Unicode>längst</Unicode>
                </TextEquiv>
            </TextLine>
            <TextLine id="r1l19" custom="readingOrder {index:18;}">
                <Coords points="1031,1590 2386,1586 2344,1540 2094,1572 1746,1531 1031,1547"/>
                <Baseline points="1040,1588 1106,1588 1173,1588 1240,1588 1307,1588 1374,1588 1440,1588 1507,1588 1574,1588 1641,1588 1708,1588 1774,1589 1841,1589 1908,1589 1975,1589 2042,1590 2108,1590 2175,1590 2242,1591 2309,1591 2376,1591"/>
                <TextEquiv>
                    <Unicode>In Schnitzlers Novellen finden wir alle Konflikte, Motive und</Unicode>
                </TextEquiv>
            </TextLine>
            <TextLine id="r1l20" custom="readingOrder {index:19;}">
                <Coords points="497,1609 509,1605 530,1611 541,1611 546,1605 561,1609 574,1600 581,1602 599,1585 612,1585 612,1545 603,1545 596,1552 553,1547 541,1554 533,1554 528,1548 517,1550 509,1545 497,1545"/>
                <Baseline points="505,1595 537,1593 570,1593 603,1595"/>
                <TextEquiv>
                    <Unicode>chule</Unicode>
                </TextEquiv>
            </TextLine>
            <TextLine id="r1l21" custom="readingOrder {index:20;}">
                <Coords points="921,1658 2343,1672 2386,1616 921,1621"/>
                <Baseline points="931,1646 1003,1646 1075,1646 1147,1646 1220,1646 1292,1646 1364,1646 1436,1647 1509,1647 1581,1647 1653,1647 1725,1648 1798,1648 1870,1648 1942,1649 2014,1649 2087,1649 2159,1650 2231,1650 2303,1650 2376,1651"/>
                <TextEquiv>
                    <Unicode>Stimmungen wieder, die uns in seinen Dramen begegnen. Seinem</Unicode>
                </TextEquiv>
            </TextLine>
            <TextLine id="r1l22" custom="readingOrder {index:21;}">
                <Coords points="911,1716 2373,1720 2373,1676 2305,1661 911,1680"/>
                <Baseline points="920,1705 992,1705 1064,1706 1136,1706 1208,1706 1281,1706 1353,1706 1425,1707 1497,1707 1569,1707 1642,1707 1714,1707 1786,1707 1858,1707 1930,1707 2003,1707 2075,1707 2147,1707 2219,1707 2291,1707 2364,1707"/>
                <TextEquiv>
                    <Unicode>künstlerischen Wesen liegt die Novelle mit ihrem Nebeneinander besser</Unicode>
                </TextEquiv>
            </TextLine>
            <TextLine id="r1l23" custom="readingOrder {index:22;}">
                <Coords points="523,1724 540,1726 543,1723 551,1723 556,1727 560,1723 573,1724 576,1720 582,1720 602,1725 603,1684 590,1684 578,1673 563,1678 554,1674 543,1677 539,1673 534,1677 525,1676"/>
                <Baseline points="533,1710 563,1708 593,1712"/>
                <TextEquiv>
                    <Unicode>ers</Unicode>
                </TextEquiv>
            </TextLine>
            <TextLine id="r1l24" custom="readingOrder {index:23;}">
                <Coords points="912,1770 2275,1787 2374,1780 2374,1731 912,1744"/>
                <Baseline points="921,1764 993,1765 1065,1766 1137,1766 1210,1767 1282,1767 1354,1768 1426,1768 1499,1769 1571,1769 1643,1770 1715,1770 1788,1770 1860,1770 1932,1770 2004,1770 2077,1770 2149,1770 2221,1770 2293,1769 2366,1768"/>
                <TextEquiv>
                    <Unicode>als das dramatische Nacheinander. In der Novelle ist der Seelen¬</Unicode>
                </TextEquiv>
            </TextLine>
            <TextLine id="r1l25" custom="readingOrder {index:24;}">
                <Coords points="921,1828 2386,1840 2386,1792 2305,1777 922,1797"/>
                <Baseline points="931,1827 1003,1827 1075,1826 1147,1826 1220,1826 1292,1826 1364,1826 1436,1826 1509,1826 1581,1826 1653,1827 1725,1827 1798,1828 1870,1828 1942,1828 2014,1829 2087,1829 2159,1829 2231,1830 2303,1830 2376,1831"/>
                <TextEquiv>
                    <Unicode>arzt und Psychologe auf eigenstem Gebiet und der ruhige Fluß der</Unicode>
                </TextEquiv>
            </TextLine>
            <TextLine id="r1l26" custom="readingOrder {index:25;}">
                <Coords points="921,1895 2389,1892 2281,1838 921,1848"/>
                <Baseline points="929,1889 1001,1887 1074,1887 1146,1886 1219,1886 1291,1885 1364,1886 1436,1886 1509,1886 1581,1887 1654,1887 1727,1888 1799,1888 1872,1889 1944,1889 2017,1889 2089,1889 2162,1890 2234,1889 2307,1889 2380,1888"/>
                <TextEquiv>
                    <Unicode>Handlung kommt ihm bei seiner Untersuchung der menschlichen Psyche</Unicode>
                </TextEquiv>
            </TextLine>
            <TextLine id="r1l27" custom="readingOrder {index:26;}">
                <Coords points="914,1954 2252,1967 2356,1961 2382,1904 914,1908"/>
                <Baseline points="924,1947 996,1946 1068,1945 1141,1945 1213,1944 1286,1944 1358,1943 1430,1943 1503,1943 1575,1942 1648,1942 1720,1942 1792,1942 1865,1943 1937,1943 2010,1943 2082,1944 2154,1945 2227,1946 2299,1946 2372,1948"/>
                <TextEquiv>
                    <Unicode>sehr zustatten. Die Menschen werden aus ihrem Zusammenhang mit</Unicode>
                </TextEquiv>
            </TextLine>
            <TextLine id="r1l28" custom="readingOrder {index:27;}">
                <Coords points="918,2002 2380,2001 2318,1956 918,1969"/>
                <Baseline points="928,2008 1000,2007 1072,2007 1144,2006 1216,2006 1288,2005 1360,2005 1433,2005 1505,2005 1577,2005 1649,2005 1721,2004 1793,2004 1865,2004 1938,2004 2010,2003 2082,2003 2154,2002 2226,2001 2298,2000 2371,1999"/>
                <TextEquiv>
                    <Unicode>dem Leben losgelöst, sie beobachten sich selbst und teilen uns ihre Be¬</Unicode>
                </TextEquiv>
            </TextLine>
            <TextLine id="r1l29" custom="readingOrder {index:28;}">
                <Coords points="912,2059 2386,2066 2345,2014 912,2031"/>
                <Baseline points="922,2063 994,2063 1067,2063 1140,2063 1212,2062 1285,2062 1358,2062 1430,2062 1503,2062 1576,2062 1649,2062 1721,2062 1794,2062 1867,2062 1939,2063 2012,2063 2085,2063 2157,2064 2230,2064 2303,2064 2376,2065"/>
                <TextEquiv>
                    <Unicode>obachtungen mit. Auf diese Weise entstehen Novellen, die sich oft</Unicode>
                </TextEquiv>
            </TextLine>
            <TextLine id="r1l30" custom="readingOrder {index:29;}">
                <Coords points="920,2134 2380,2115 2344,2076 920,2083"/>
                <Baseline points="929,2123 1001,2122 1073,2122 1145,2122 1217,2122 1289,2121 1361,2121 1434,2121 1506,2121 1578,2121 1650,2121 1722,2121 1794,2121 1866,2121 1939,2121 2011,2121 2083,2121 2155,2121 2227,2121 2299,2121 2372,2121"/>
                <TextEquiv>
                    <Unicode>nur auf die zusammenhängende Wiedergabe der Stimmungen und</Unicode>
                </TextEquiv>
            </TextLine>
            <TextLine id="r1l31" custom="readingOrder {index:30;}">
                <Coords points="914,2173 1184,2208 2388,2177 2335,2130 2261,2164 914,2138"/>
                <Baseline points="923,2179 995,2179 1068,2180 1141,2180 1214,2181 1287,2181 1359,2182 1432,2182 1505,2182 1578,2182 1651,2183 1723,2183 1796,2183 1869,2183 1942,2183 2015,2183 2087,2182 2160,2182 2233,2182 2306,2181 2379,2181"/>
                <TextEquiv>
                    <Unicode>Empfindungen eines und desselben Menschen beschränken, wie „Ein</Unicode>
                </TextEquiv>
            </TextLine>
            <TextLine id="r1l32" custom="readingOrder {index:31;}">
                <Coords points="915,2239 2148,2261 2331,2248 2362,2195 915,2197"/>
                <Baseline points="923,2242 994,2242 1066,2241 1137,2241 1209,2241 1280,2241 1352,2241 1423,2241 1495,2241 1566,2242 1638,2242 1709,2242 1781,2242 1852,2242 1924,2243 1995,2243 2067,2243 2138,2243 2210,2243 2281,2243 2353,2242"/>
                <TextEquiv>
                    <Unicode>Abschied" und „Leutnant Gustl“ und wie die Novellen „Sterben“</Unicode>
                </TextEquiv>
            </TextLine>
            <TextLine id="r1l33" custom="readingOrder {index:32;}">
                <Coords points="921,2309 1126,2324 1187,2302 1535,2310 1534,2263 1498,2252 1241,2267 1223,2250 1175,2269 1095,2249 1047,2274 1007,2254 921,2273"/>
                <Baseline points="930,2299 959,2300 989,2300 1019,2300 1049,2300 1079,2300 1108,2299 1138,2299 1168,2299 1198,2298 1228,2298 1257,2297 1287,2297 1317,2297 1347,2296 1377,2296 1406,2296 1436,2296 1466,2297 1496,2297 1526,2298"/>
                <TextEquiv>
                    <Unicode>und „Frau Berta Garlan“.</Unicode>
                </TextEquiv>
            </TextLine>
            <TextLine id="r1l34" custom="readingOrder {index:33;}">
                <Coords points="1029,2348 1545,2385 2386,2360 2386,2321 2309,2308 1029,2321"/>
                <Baseline points="1038,2352 1105,2354 1172,2355 1239,2356 1306,2356 1373,2357 1440,2357 1507,2357 1574,2357 1641,2356 1708,2356 1775,2356 1842,2356 1909,2355 1976,2355 2043,2355 2110,2355 2177,2355 2244,2356 2311,2357 2378,2358"/>
                <TextEquiv>
                    <Unicode>Eine eingehende Betrachtung der Werke Schnitzlers darf auch</Unicode>
                </TextEquiv>
            </TextLine>
            <TextLine id="r1l35" custom="readingOrder {index:34;}">
                <Coords points="919,2426 2277,2437 2381,2424 2381,2378 919,2386"/>
                <Baseline points="929,2420 1001,2419 1073,2419 1145,2418 1217,2418 1290,2418 1362,2418 1434,2418 1506,2418 1578,2417 1651,2417 1723,2417 1795,2417 1867,2417 1939,2417 2012,2417 2084,2417 2156,2417 2228,2417 2300,2416 2373,2416"/>
                <TextEquiv>
                    <Unicode>seine Lyrik nicht außer acht lassen. Er hat sie nicht in Buchform</Unicode>
                </TextEquiv>
            </TextLine>
            <TextLine id="r1l36" custom="readingOrder {index:35;}">
                <Coords points="918,2468 2366,2485 2318,2427 918,2441"/>
                <Baseline points="928,2478 999,2478 1070,2477 1142,2477 1213,2477 1285,2477 1356,2477 1428,2477 1499,2477 1571,2477 1642,2477 1713,2477 1785,2476 1856,2476 1928,2476 1999,2476 2071,2476 2142,2475 2214,2475 2285,2474 2357,2474"/>
                <TextEquiv>
                    <Unicode>veröffentlicht und es dürfte vielen gar nicht bekannt sein, daß er Ge¬</Unicode>
                </TextEquiv>
            </TextLine>
            <TextLine id="r1l37" custom="readingOrder {index:36;}">
                <Coords points="925,2541 2378,2542 2325,2480 925,2495"/>
                <Baseline points="933,2534 1004,2535 1076,2536 1148,2536 1220,2537 1291,2537 1363,2538 1435,2538 1507,2538 1578,2538 1650,2538 1722,2537 1794,2537 1865,2537 1937,2537 2009,2537 2081,2537 2152,2537 2224,2537 2296,2538 2368,2538"/>
                <TextEquiv>
                    <Unicode>dichte überhaupt geschrieben hat. Wenn es auch begreiflich ist, daß</Unicode>
                </TextEquiv>
            </TextLine>
            <TextLine id="r1l38" custom="readingOrder {index:37;}">
                <Coords points="916,2586 2377,2593 2377,2553 2201,2544 916,2558"/>
                <Baseline points="925,2593 997,2594 1069,2595 1141,2595 1213,2596 1285,2596 1357,2596 1430,2596 1502,2596 1574,2596 1646,2596 1718,2596 1790,2596 1862,2595 1935,2595 2007,2595 2079,2595 2151,2595 2223,2595 2295,2595 2368,2595"/>
                <TextEquiv>
                    <Unicode>Schnitzler für die Darstellung der Probleme, mit denen er sich aus¬</Unicode>
                </TextEquiv>
            </TextLine>
            <TextLine id="r1l39" custom="readingOrder {index:38;}">
                <Coords points="919,2657 2376,2664 2324,2600 919,2621"/>
                <Baseline points="929,2654 1000,2655 1072,2655 1144,2655 1216,2655 1288,2655 1360,2655 1432,2654 1504,2654 1576,2653 1648,2652 1719,2652 1791,2651 1863,2651 1935,2651 2007,2651 2079,2652 2151,2652 2223,2654 2295,2655 2367,2657"/>
                <TextEquiv>
                    <Unicode>einandersetzt, die Form des Dramas und der Novelle bevorzugte, so</Unicode>
                </TextEquiv>
            </TextLine>
            <TextLine id="r1l40" custom="readingOrder {index:39;}">
                <Coords points="925,2714 2257,2732 2385,2673 924,2670"/>
                <Baseline points="933,2713 1005,2713 1077,2713 1149,2713 1221,2713 1293,2713 1365,2713 1437,2712 1509,2712 1581,2711 1654,2711 1726,2711 1798,2710 1870,2710 1942,2710 2014,2710 2086,2710 2158,2710 2230,2711 2302,2711 2375,2712"/>
                <TextEquiv>
                    <Unicode>muß man doch sagen, daß er, der Stimmungsmensch, auch als Lyriker</Unicode>
                </TextEquiv>
            </TextLine>
            <TextLine id="r1l41" custom="readingOrder {index:40;}">
                <Coords points="923,2778 2195,2787 2382,2779 2382,2736 923,2741"/>
                <Baseline points="932,2776 1004,2775 1076,2773 1148,2772 1220,2770 1292,2770 1364,2769 1436,2769 1508,2769 1580,2769 1652,2769 1724,2769 1796,2769 1868,2770 1940,2770 2012,2770 2084,2770 2156,2770 2228,2770 2300,2769 2373,2769"/>
                <TextEquiv>
                    <Unicode>gehört zu werden verdient. Was er in seinen Dramen oft nur in</Unicode>
                </TextEquiv>
            </TextLine>
            <TextLine id="r1l42" custom="readingOrder {index:41;}">
                <Coords points="927,2842 2378,2824 2147,2775 927,2791"/>
                <Baseline points="935,2831 1006,2830 1078,2830 1149,2829 1221,2828 1293,2828 1364,2828 1436,2827 1508,2827 1579,2827 1651,2827 1723,2827 1794,2827 1866,2827 1938,2827 2009,2827 2081,2827 2153,2827 2224,2827 2296,2826 2368,2826"/>
                <TextEquiv>
                    <Unicode>Regiebemerkungen oder in einigen zart abgestimmten Prosasätzen aus¬</Unicode>
                </TextEquiv>
            </TextLine>
            <TextLine id="r1l43" custom="readingOrder {index:42;}">
                <Coords points="925,2902 2242,2909 2381,2889 2381,2851 925,2857"/>
                <Baseline points="934,2895 1005,2891 1077,2889 1149,2887 1221,2886 1293,2886 1365,2885 1437,2886 1509,2886 1581,2887 1653,2887 1724,2888 1796,2889 1868,2889 1940,2890 2012,2890 2084,2890 2156,2889 2228,2888 2300,2886 2372,2883"/>
                <TextEquiv>
                    <Unicode>spricht, das finden wir in seinen Gedichten zu einem kleinen Kunst¬</Unicode>
                </TextEquiv>
            </TextLine>
            <TextLine id="r1l44" custom="readingOrder {index:43;}">
                <Coords points="920,2934 1857,2971 2404,2929 920,2908"/>
                <Baseline points="930,2948 1003,2948 1076,2948 1149,2948 1223,2948 1296,2948 1369,2948 1442,2948 1516,2948 1589,2948 1662,2947 1735,2947 1809,2947 1882,2947 1955,2946 2028,2946 2102,2946 2175,2946 2248,2946 2321,2946 2395,2946"/>
                <TextEquiv>
                    <Unicode>werk verdichtet wieder. Welchen intimen Zauber Schnitzlers Lyrik</Unicode>
                </TextEquiv>
            </TextLine>
            <TextLine id="r1l45" custom="readingOrder {index:44;}">
                <Coords points="932,3013 1071,3035 1194,3004 1264,3026 1700,3027 1699,2972 1648,2958 1138,2956 1085,2978 931,2959"/>
                <Baseline points="941,3005 978,3007 1016,3009 1053,3010 1091,3011 1128,3011 1166,3011 1203,3011 1241,3010 1278,3009 1316,3007 1353,3006 1391,3005 1428,3004 1466,3003 1503,3003 1541,3003 1578,3003 1616,3004 1653,3005 1691,3007"/>
                <TextEquiv>
                    <Unicode>besitzt, zeigt die nachstehende Probe.</Unicode>
                </TextEquiv>
            </TextLine>
            <TextLine id="r1l46" custom="readingOrder {index:45;}">
                <Coords points="160,3024 257,3033 273,3018 336,3028 356,3016 383,3034 411,3018 445,3032 477,3017 526,3035 570,3020 571,2960 464,2984 434,2958 368,2957 327,2979 258,2959 161,2960"/>
                <Baseline points="169,3008 195,3009 221,3009 247,3010 273,3010 300,3011 326,3011 352,3012 378,3012 404,3013 431,3013 457,3013 483,3013 509,3013 535,3013 562,3013"/>
                <TextEquiv>
                    <Unicode>endramen sind, wird</Unicode>
                </TextEquiv>
            </TextLine>
            <TextLine id="r1l47" custom="readingOrder {index:46;}">
                <Coords points="148,3083 238,3090 253,3079 321,3097 390,3077 537,3091 583,3078 583,3036 397,3023 358,3048 336,3027 212,3022 169,3034 149,3023"/>
                <Baseline points="158,3067 183,3068 209,3069 235,3070 261,3070 287,3070 313,3071 339,3071 365,3072 391,3072 417,3072 443,3073 469,3073 495,3073 521,3073 547,3074 573,3074"/>
                <TextEquiv>
                    <Unicode>kgedrängt. Mit dem</Unicode>
                </TextEquiv>
            </TextLine>
            <TextLine id="r1l48" custom="readingOrder {index:47;}">
                <Coords points="1428,3070 1477,3091 1642,3095 1726,3080 1750,3093 1889,3079 1890,3051 1862,3056 1797,3024 1776,3037 1734,3021 1600,3043 1505,3016 1428,3050"/>
                <Baseline points="1436,3071 1462,3072 1488,3073 1514,3073 1540,3074 1566,3074 1593,3074 1619,3074 1645,3075 1671,3075 1697,3075 1723,3075 1750,3075 1776,3076 1802,3077 1828,3078 1854,3078 1881,3080"/>
                <TextEquiv>
                    <Unicode>Anfang vom Ende.</Unicode>
                </TextEquiv>
            </TextLine>
            <TextLine id="r1l49" custom="readingOrder {index:48;}">
                <Coords points="146,3155 202,3126 236,3142 288,3131 317,3145 414,3137 447,3154 557,3147 592,3136 593,3098 501,3080 455,3096 377,3085 307,3101 250,3081 147,3087"/>
                <Baseline points="156,3129 181,3129 206,3130 231,3130 256,3131 281,3131 306,3131 331,3132 356,3133 381,3133 406,3134 431,3134 456,3135 481,3135 506,3135 531,3135 556,3135 582,3134"/>
                <TextEquiv>
                    <Unicode>in die verborgensten</Unicode>
                </TextEquiv>
            </TextLine>
            <TextLine id="r1l50" custom="readingOrder {index:49;}">
                <Coords points="1270,3136 1818,3155 1906,3134 2019,3154 2031,3101 1754,3088 1644,3107 1567,3086 1534,3111 1474,3089 1270,3105"/>
                <Baseline points="1280,3134 1317,3133 1354,3132 1391,3132 1428,3132 1465,3132 1502,3133 1539,3133 1576,3134 1613,3135 1651,3136 1688,3137 1725,3138 1762,3138 1799,3139 1836,3139 1873,3139 1910,3139 1947,3139 1984,3138 2022,3137"/>
                <TextEquiv>
                    <Unicode>Daß all' das Schöne nun längst zu Ende,</Unicode>
                </TextEquiv>
            </TextLine>
            <TextLine id="r1l51" custom="readingOrder {index:50;}">
                <Coords points="1279,3182 1361,3202 1378,3187 1509,3204 1530,3188 1620,3186 1680,3204 1833,3173 1833,3151 1738,3140 1639,3155 1279,3149"/>
                <Baseline points="1288,3181 1314,3180 1341,3180 1368,3180 1395,3180 1422,3180 1448,3180 1475,3181 1502,3181 1529,3182 1556,3182 1582,3183 1609,3183 1636,3184 1663,3185 1690,3186 1716,3186 1743,3187 1770,3187 1797,3188 1824,3188"/>
                <TextEquiv>
                    <Unicode>Wie könntest du's verstehn?</Unicode>
                </TextEquiv>
            </TextLine>
            <TextLine id="r1l52" custom="readingOrder {index:51;}">
                <Coords points="141,3184 177,3201 256,3190 287,3207 361,3198 450,3214 494,3195 557,3209 588,3194 588,3152 535,3141 482,3164 420,3140 141,3153"/>
                <Baseline points="150,3185 175,3187 200,3188 225,3188 250,3189 275,3189 301,3189 326,3189 351,3189 376,3189 401,3189 426,3189 452,3189 477,3189 502,3189 527,3190 552,3190 578,3191"/>
                <TextEquiv>
                    <Unicode>lerall Detailzüge, die</Unicode>
                </TextEquiv>
            </TextLine>
            <TextLine id="r1l53" custom="readingOrder {index:52;}">
                <Coords points="1270,3236 1967,3249 1966,3201 1939,3192 1270,3203"/>
                <Baseline points="1279,3231 1314,3233 1350,3234 1386,3235 1421,3236 1457,3236 1493,3236 1529,3235 1564,3235 1600,3234 1636,3234 1672,3233 1707,3232 1743,3231 1779,3231 1815,3230 1850,3230 1886,3230 1922,3230 1958,3230"/>
                <TextEquiv>
                    <Unicode>Ich hab' ja die lieben, süßen Hände</Unicode>
                </TextEquiv>
            </TextLine>
            <TextLine id="r1l54" custom="readingOrder {index:53;}">
                <Coords points="140,3252 248,3267 263,3255 549,3266 586,3254 586,3210 494,3196 448,3214 331,3198 287,3207 258,3192 170,3205 141,3184"/>
                <Baseline points="150,3245 175,3246 200,3247 225,3248 250,3248 275,3249 300,3249 325,3250 350,3250 375,3250 400,3250 425,3250 450,3250 475,3250 500,3250 525,3249 550,3249 576,3249"/>
                <TextEquiv>
                    <Unicode>t Geschick einverleibt.</Unicode>
                </TextEquiv>
            </TextLine>
            <TextLine id="r1l55" custom="readingOrder {index:54;}">
                <Coords points="1278,3288 1399,3310 1461,3286 1842,3303 1930,3293 1931,3247 1555,3243 1529,3260 1367,3236 1278,3253"/>
                <Baseline points="1287,3280 1318,3281 1350,3282 1382,3283 1414,3284 1445,3284 1477,3285 1509,3285 1541,3285 1572,3285 1604,3285 1636,3285 1668,3285 1699,3285 1731,3285 1763,3285 1795,3286 1826,3287 1858,3288 1890,3289 1922,3291"/>
                <TextEquiv>
                    <Unicode>Geküßt beim Kommen und Gehn;</Unicode>
                </TextEquiv>
            </TextLine>
            <TextLine id="r1l56" custom="readingOrder {index:55;}">
                <Coords points="131,3340 179,3314 252,3313 294,3332 342,3316 400,3332 422,3314 551,3321 597,3305 597,3290 569,3277 494,3258 463,3271 394,3257 327,3275 234,3256 186,3272 132,3252"/>
                <Baseline points="141,3304 167,3305 193,3305 219,3306 246,3306 272,3307 298,3307 325,3307 351,3307 377,3308 403,3308 430,3308 456,3308 482,3308 509,3308 535,3308 561,3307 588,3307"/>
                <TextEquiv>
                    <Unicode>um dichterischen Vor¬</Unicode>
                </TextEquiv>
            </TextLine>
            <TextLine id="r1l57" custom="readingOrder {index:56;}">
                <Coords points="1273,3361 1989,3368 2032,3355 2032,3319 1466,3305 1273,3332"/>
                <Baseline points="1283,3350 1321,3351 1360,3351 1399,3351 1438,3352 1477,3352 1516,3353 1555,3353 1594,3354 1633,3354 1671,3354 1710,3354 1749,3354 1788,3354 1827,3354 1866,3353 1905,3353 1944,3352 1983,3351 2022,3350"/>
                <TextEquiv>
                    <Unicode>Und hab' in deinem dämmrigen Zimmer</Unicode>
                </TextEquiv>
            </TextLine>
            <TextLine id="r1l58" custom="readingOrder {index:57;}">
                <Coords points="143,3380 244,3369 270,3386 299,3366 327,3389 373,3376 409,3388 426,3372 457,3385 593,3374 593,3325 579,3321 527,3333 489,3316 357,3336 337,3319 294,3333 278,3320 144,3329"/>
                <Baseline points="152,3362 177,3363 202,3363 228,3364 253,3365 279,3365 304,3366 329,3366 355,3366 380,3367 406,3367 431,3367 456,3368 482,3368 507,3368 533,3369 558,3369 584,3370"/>
                <TextEquiv>
                    <Unicode>piel ist Hauptmanns</Unicode>
                </TextEquiv>
            </TextLine>
            <TextLine id="r1l59" custom="readingOrder {index:58;}">
                <Coords points="1278,3409 1746,3417 1854,3403 1854,3370 1317,3359 1278,3379"/>
                <Baseline points="1288,3400 1315,3400 1343,3400 1371,3401 1399,3401 1427,3401 1455,3401 1482,3402 1510,3402 1538,3402 1566,3402 1594,3402 1622,3402 1650,3402 1677,3402 1705,3401 1733,3400 1761,3399 1789,3397 1817,3396 1845,3394"/>
                <TextEquiv>
                    <Unicode>Mit dir gekost und gelacht —</Unicode>
                </TextEquiv>
            </TextLine>
            <TextLine id="r1l60" custom="readingOrder {index:59;}">
                <Coords points="141,3424 293,3447 351,3431 458,3435 487,3452 507,3436 564,3446 604,3430 605,3399 536,3376 466,3393 380,3380 354,3400 233,3372 142,3380"/>
                <Baseline points="150,3421 176,3422 202,3422 228,3423 254,3423 281,3423 307,3424 333,3424 359,3424 386,3424 412,3425 438,3425 464,3426 491,3426 517,3427 543,3428 569,3429 596,3430"/>
                <TextEquiv>
                    <Unicode>t anders, wenngleich</Unicode>
                </TextEquiv>
            </TextLine>
            <TextLine id="r1l61" custom="readingOrder {index:60;}">
                <Coords points="1274,3445 1519,3471 1977,3447 2076,3472 2109,3461 2109,3417 1436,3405 1273,3428"/>
                <Baseline points="1283,3448 1323,3449 1364,3450 1405,3451 1446,3451 1487,3451 1528,3451 1568,3450 1609,3450 1650,3449 1691,3449 1732,3448 1773,3447 1814,3447 1854,3447 1895,3446 1936,3446 1977,3447 2018,3448 2059,3448 2100,3450"/>
                <TextEquiv>
                    <Unicode>Und hab' auch geplaudert mit dir wie immer</Unicode>
                </TextEquiv>
            </TextLine>
            <TextLine id="r1l62" custom="readingOrder {index:61;}">
                <Coords points="134,3520 200,3491 218,3504 471,3492 533,3506 611,3481 611,3452 582,3444 475,3454 411,3433 382,3451 362,3433 285,3450 135,3428"/>
                <Baseline points="144,3483 169,3484 194,3484 220,3484 245,3484 271,3484 296,3484 322,3484 347,3484 373,3485 398,3485 423,3485 449,3485 474,3486 500,3486 525,3487 551,3488 576,3488 602,3489"/>
                <TextEquiv>
                    <Unicode>ffen ihr Auskommen</Unicode>
                </TextEquiv>
            </TextLine>
            <TextLine id="r1l63" custom="readingOrder {index:62;}">
                <Coords points="1268,3488 1318,3518 1376,3505 1558,3524 1609,3505 1743,3522 1875,3504 1875,3484 1831,3458 1778,3454 1268,3465"/>
                <Baseline points="1278,3499 1307,3500 1336,3501 1366,3502 1395,3502 1424,3502 1454,3503 1483,3502 1512,3502 1542,3502 1571,3501 1600,3501 1630,3501 1659,3501 1688,3500 1718,3500 1747,3501 1776,3501 1806,3502 1835,3503 1865,3504"/>
                <TextEquiv>
                    <Unicode>Bis spät, bis spät in die Nacht.</Unicode>
                </TextEquiv>
            </TextLine>
            <TextEquiv>
                <Unicode>—
0
ts

box 36/4
1. Panphie.„Tprin—
in seinem noch lange
findet, da er die geschichtlichen Personen von rein menschlichem Stand¬
Schleier der Beatrice“.
punkt betrachtet. Es entstehen dann freilich keine Haupt= und Staats¬
aktionen, sondern Dramen, deren Helden moderne Menschen sind, die
ihm auch die
historisches Kostüm tragen. So hat der Dichter in dem Schauspiel
enen daher
„Der Schleier der Beatrice“ Wiener Menschen in das Kostüm der
arstellen
Renaissance gekleidet.
längst
In Schnitzlers Novellen finden wir alle Konflikte, Motive und
chule
Stimmungen wieder, die uns in seinen Dramen begegnen. Seinem
künstlerischen Wesen liegt die Novelle mit ihrem Nebeneinander besser
ers
als das dramatische Nacheinander. In der Novelle ist der Seelen¬
arzt und Psychologe auf eigenstem Gebiet und der ruhige Fluß der
Handlung kommt ihm bei seiner Untersuchung der menschlichen Psyche
sehr zustatten. Die Menschen werden aus ihrem Zusammenhang mit
dem Leben losgelöst, sie beobachten sich selbst und teilen uns ihre Be¬
obachtungen mit. Auf diese Weise entstehen Novellen, die sich oft
nur auf die zusammenhängende Wiedergabe der Stimmungen und
Empfindungen eines und desselben Menschen beschränken, wie „Ein
Abschied" und „Leutnant Gustl“ und wie die Novellen „Sterben“
und „Frau Berta Garlan“.
Eine eingehende Betrachtung der Werke Schnitzlers darf auch
seine Lyrik nicht außer acht lassen. Er hat sie nicht in Buchform
veröffentlicht und es dürfte vielen gar nicht bekannt sein, daß er Ge¬
dichte überhaupt geschrieben hat. Wenn es auch begreiflich ist, daß
Schnitzler für die Darstellung der Probleme, mit denen er sich aus¬
einandersetzt, die Form des Dramas und der Novelle bevorzugte, so
muß man doch sagen, daß er, der Stimmungsmensch, auch als Lyriker
gehört zu werden verdient. Was er in seinen Dramen oft nur in
Regiebemerkungen oder in einigen zart abgestimmten Prosasätzen aus¬
spricht, das finden wir in seinen Gedichten zu einem kleinen Kunst¬
werk verdichtet wieder. Welchen intimen Zauber Schnitzlers Lyrik
besitzt, zeigt die nachstehende Probe.
endramen sind, wird
kgedrängt. Mit dem
Anfang vom Ende.
in die verborgensten
Daß all' das Schöne nun längst zu Ende,
Wie könntest du's verstehn?
lerall Detailzüge, die
Ich hab' ja die lieben, süßen Hände
t Geschick einverleibt.
Geküßt beim Kommen und Gehn;
um dichterischen Vor¬
Und hab' in deinem dämmrigen Zimmer
piel ist Hauptmanns
Mit dir gekost und gelacht —
t anders, wenngleich
Und hab' auch geplaudert mit dir wie immer
ffen ihr Auskommen
Bis spät, bis spät in die Nacht.</Unicode>
            </TextEquiv>
        </TextRegion>
    </Page>
</PcGts>
