3436 4320
1531 205 1985 309 box 36/4
312 203 1371 316 Panphlets offorints
1808 969 1944 1054 35
1144 1076 2595 1149 die am Krankenlager des eigensinnigen Mannes, den sein Weib ver¬
196 1085 825 1172 in Cäcilie Adams=Ortenburg,
1157 1148 2602 1212 achtet hat und sein Kind haßt, dahinwelkt, bis sie dem Rufe des
200 1156 814 1230 heiratet hatten, mehrere Jahre
1145 1193 2611 1260 Lebens folgt und dem Vater einen Schlaftrunk für viele hundert
188 1215 822 1288 nd hervorgegangen ist. Auf
1155 1249 2614 1332 Nächte reicht, so daß er nicht mehr erwacht. Ihre Base Katharina
202 1270 815 1349 diese Ehe begründet worden
1140 1318 2614 1389 spielt mit dem eigenen Leben. Sie ist vom Tode gezeichnet und muß
195 1332 815 1397 e Gatten einander offen ent¬
1140 1377 2609 1456 jung sterben wie ihre beiden Schwestern. Mit ihr hat der Forst¬
186 1390 816 1469 Fürsten Lohsenstein, Amadeus
1147 1444 2613 1497 adjunkt Rainer gespielt, als er sie um einer höheren Liebe willen, zu
201 1453 818 1527 Die Gatten beschließen, sich
1151 1491 2599 1557 Marie Moser, verstieß. Endlich der Oberst der blauen Kürassiere: er
195 1513 818 1591 da sie erstens ihr Kind und
1151 1557 2610 1622 hat sich und sein Regiment dem Tode geweiht, um eine alte Schuld
200 1573 817 1646 haben und dann einander so
1136 1623 2610 1691 des Regimentes abzutragen. Dieses folgte damals dem Beispiele der
197 1626 815 1702 en. Sie nehmen daher von
1139 1675 2599 1752 Eskadron Mosers, die als erste vor dem Feind die Flucht ergriff.
195 1684 807 1755 freunde zusammen weiterleben,
1139 1739 2597 1798 Das Regiment zieht also in den Krieg, um nie mehr wiederzukehren.
191 1744 823 1823 n. Nach einer Trennung von
1151 1785 2609 1865 Das Volk jedoch sagt, der Oberst habe diesen Entschluß gefaßt, um
187 1811 813 1884 in große Triumphe bringen,
1138 1847 2597 1917 sich für die Untreue seiner Frau zu rächen. Diese wird in der letzten
206 1863 827 1945 d finden sich in einem kurzen
1138 1917 2603 1983 Nacht vor dem Aufbruch vom Obersten in Gesellschaft des jungen
191 1928 809 1993 wieder ein Tag der Trennung.
1141 1966 2568 2043 Offiziers Max angetroffen und erschossen. Auch Marie kommt —
200 1981 820 2057 wie sehr er seine Frau liebt,
1145 2034 2606 2106 vom Totenbette ihres Vaters — zu Max. Dieser tötet sich zuletzt
181 2040 815 2128 ung mit ihr wieder herbeizu¬
1137 2084 2605 2145 selbst. Schließlich erfahren wir vom Untergang des Regimentes, von
205 2101 821 2184 Sichfinden nicht für ausge¬
1142 2136 2592 2208 dem nur ein einziger Offizier, Albrecht, übrig bleibt, der sich erschießt,
182 2166 825 2247 ung bestehen. Damit schließt
1144 2202 2607 2256 Wir hören von dem letzten Versuch Rainers, Marie, die ihn einst
190 2219 654 2296 ziemlich unbefriedigt.
1144 2275 2600 2335 geliebt, wiederzugewinnen, von den vergeblichen Hoffnungen Doktor
193 2290 807 2361 eine sehr feine Auseinander¬
1139 2329 2605 2391 Schindlers, der als Regimentsarzt ins Feld ziehen will, und von
189 2344 823 2413 kilie wollen eine neue, freiere
1141 2380 2603 2445 Marie, die die Absicht hat, als barmherzige Schwester ihre Schuld
189 2398 812 2477 erfangen. In bloßer Freund¬
1140 2432 1382 2511 zu büßen.
188 2460 818 2536 en, heißt es doch im Stücke
1251 2504 2599 2579 Schnitzler versucht in diesem Stücke seiner eigenen Weichheit Herr
187 2516 821 2601 schen verschiedenen Geschlechts
1140 2571 2606 2635 zu werden. Das Krankhafte, das er sonst sehr gemildert darzustellen
184 2578 821 2658 ar zwischen Eheleuten.“ Die
1134 2619 2596 2683 weiß, wird ziemlich stark unterstrichen. Der Tod spielt auch hier eine
195 2639 825 2716 ichtung, weil sie zu feinfühlig
1137 2682 2598 2751 vorherrschende Rolle. Das Hauptmotiv hat der Dichter durch andere
191 2697 817 2779 zuführen; das sagt uns eine
1136 2733 2590 2808 Zutaten fast erdrückt und es entsteht so ein Zuviel, das mitunter an
190 2768 823 2837 al in die Lage kämst, einem
1130 2798 2598 2871 das Unmögliche grenzt. Das Thema von der reinen Jungfräulichkeit
186 2814 830 2902 Romödie zu spielen, so gingest
1137 2851 1935 2915 des Weibes wird gleichfalls berührt.
1245 2912 2588 2983 In dem Buche „Marionetten“ findet der Spieltrieb Schnitzlers
196 2923 809 3013 erkennbar ist, so wird es in
1142 2968 2593 3029 einen reinen, ungestörten Ausdruck. „Ihr war't die Puppen in meiner
186 2991 815 3057 ens“ zu einer bis an das
1137 3030 2598 3083 Hand. Ich lenkte die Drähte“, sagt Georg in dem Einakter „Der
183 3051 822 3126 nHöhe gesteigert. Ein Wort
1136 3090 2587 3152 Puppenspieler“ und in demselben Stücke verlangt er: „Laßt
185 3115 822 3193 m Drama: „Du denkst, wir
1126 3155 2588 3214 mich spazieren gehen, Freunde, und mit Menschen spielen. Das ist
198 3172 835 3251 und wir sind ihm nichts als
1127 3209 2586 3270 das Einzige, was eines Menschen meiner Art würdig ist.“ In der
1124 3266 2590 3330 Studie „Der Puppenspieler“ erfahren wir, daß Georg Merklin durch
184 3260 832 3364 inst mit seiner Eskadron vor
1141 3325 2604 3407 ein Spiel die Heirat Eduard Jagisch's und Annas zustande gebracht
184 3345 822 3433 Jugend seiner Tochter Marie,
