3436 4352
2027 163 2374 239 ——
1551 229 2011 317 box 36/4
201 229 1405 348 1. Panphlets offbrints
1410 1159 1577 1227 26 —
1454 1324 1549 1428 V.
875 1395 2232 1496 Mit dem Schauspiel „Das Märchen“ hat Schnitzler eine
761 1486 2230 1545 scharfe Anklage gegen die Gesellschaft erhoben. Die These, die er
759 1538 2237 1606 verteidigt, spricht Fedor Denner mit folgenden Worten aus: „Es ist
754 1604 2231 1657 Zeit, daß wir es aus der Welt schaffen, dieses Märchen von den Ge¬
756 1654 2239 1746 fallenen ... denn wir haben kein Recht, unnatürlich zu fordern und
752 1717 1299 1795 für natürlich zu strafen.“
880 1773 2224 1856 Fanny, eine junge Schauspielerin, war einst die Geliebte
746 1843 2232 1899 Dr. Wittes, der sie aber verließ und nun eine andere heiratet. Im
750 1911 2225 1974 Hause ihrer Mutter, wo sich jeden Mittwoch ein Kreis von jungen
751 1962 2228 2009 Leuten versammelt, lernt sie den Schriftsteller Fedor Denner kennen.
752 2020 2232 2079 Dieser spricht sich einmal gegen das Vorurteil, da, man gefallenen
750 2083 2229 2154 Mädchen gegenüber hegt, sehr entschieden aus und gibt mit seinen
757 2143 2225 2196 Worten Fanny den Glauben an das Leben wieder. Sie wird von
747 2200 2229 2257 tiefer Liebe zu Fedor erfaßt. Er liebt sie wieder, ist aber nicht im¬
756 2260 2224 2331 stande, seine Theorie in die Praxis umzusetzen und kann das, was
746 2316 2225 2386 zwischen ihm und Fanny liegt, nicht vergessen. Obzwar er sieht, daß
751 2376 2229 2419 ihn das Mädchen aufrichtig liebt, obzwar sie ihm mit einem ausführ¬
744 2447 2223 2506 lichen Geständnis ihr Vertrauen zeigt, fühlt er sich doch besser als sie
753 2491 2221 2554 und quält sie, bis sie schließlich in einer dramatisch äußerst geschickten
743 2548 2227 2622 Schlußszene sich von ihm abwendet. Sie unterschreibt den Kontrakt,
747 2593 2233 2686 Der sie für ein Theater in Petersburg verpflichtet, und schickt ihn in
747 2671 2230 2751 letzter Stunde dem Agenten zu, der sie früher trotz des glänzenden
757 2724 1906 2806 Antrages für das Engagement nicht gewinnen konnte.
873 2797 2221 2865 An dem Mittwochabend im Hause der Frau Theren lernen wir
752 2862 2203 2922 einen interessanten Kreis kennen: Die Schriftsteller Denner und Mildner
755 2910 2217 2973 den Maler Well, August Witte und seinen getreuen Schüler Berger,
748 2971 2221 3014 den konservativen und allem Modernen gegenüber rückständigen Beamten
748 3024 2223 3089 Wandel, der Fannys Schwester Klara verehrt, die kleine Frau Theren,
750 3088 2225 3144 ihre zarte Tochter, die Klavierlehrerin Klara, die Schauspielerin
756 3140 2072 3206 Agathe Müller und eine eifrige Kunstjüngerin Emmi Werner.
873 3207 2221 3275 Das Stück ist ziemlich einheitlich gebaut, die Tharaktere sind
741 3265 2212 3325 gut getroffen, wenngleich Fedor, besonders im dritten Akt, etwas
748 3327 2210 3381 unklar und wankelmütig gezeichnet erscheint. Im übrigen kehren die
744 3374 2221 3454 Lieblingstypen Schnitzlers wieder. So trägt Fedor Denner Züge von
752 3441 2221 3491 Anatol — und in August Witte können wir einen künftigen Anatol
751 3499 2239 3573 erblicken —, Mildner und Doktor Witte erinnern an Max und auch
3257 1150 3331 1230 27
2559 1225 3363 1328 Fanny und Klara haben ihre Verwa
2559 1313 2862 1393 in „Liebelei“.
2684 1372 3356 1453 Der Grundgedanke des Schau
2547 1437 3349 1506 „Denksteine“ angedeutet: „Was ist,
2548 1507 3355 1571 des Geschehenen.“ Keine Liebe ist sti
2546 1556 3359 1618 zulöschen. Auf das Thema, das Schn
2550 1617 3359 1693 kommt er auch später wiederholt zurüc
2544 1673 3360 1756 keit des Weibes, die das Weih den
2549 1731 3344 1815 bringen muß. Schon Hebbel hat in
2553 1791 3335 1859 gehandelt und ein Wort aus seinem
2557 1861 3355 1935 für Schnitzlers „Märchen“ aufgestell
2550 1907 2868 1988 Mann weg.“
2668 1959 3350 2047 Als ein Thesenstück, das eine
2554 2015 3357 2103 das Schauspiel „Freiwild“ zu bezeich
2547 2089 3332 2162 Schauspielerleben nimmt. Freiwild
2546 2144 3352 2223 armen Provinzschauspielerinnen. Sie
2556 2208 3357 2278 mit als die Liebe zur Kunst und ihr
2557 2261 3342 2337 machen wollen, so müssen sie nicht
2556 2328 3325 2390 sondern auch ihren Kollegen vom
2557 2392 3353 2473 Publikum. Jeder hat ein Anrecht au
2543 2439 3349 2508 andern nicht existieren. So geht es
2556 2500 3352 2571 die an einem Sommertheater ihr erst
2554 2566 3345 2633 sich alle Versuchungen fern, sie will r
2554 2616 3349 2698 ihr Leben. Da sie sich gegen den Dif
2550 2667 3347 2759 ihre Gage auf die Hälfte herah, um
2539 2739 3353 2808 männlichen und weiblichen Kollegen,
2544 2806 3340 2872 machen sich über ihren Stolz lustig u
2553 2860 3357 2932 einen reichen Geliebten habe. Der r##
2545 2905 3345 2994 jungen Schauspielerinnen. Anna 9
2544 2974 3340 3044 Pratektor gesucht, sie findet aber, oh
2555 3033 3359 3110 Freund in Paul Rönning. Doch ver
2552 3090 3334 3170 seine Unterstützung zurück. Er weiß
2542 3146 3348 3235 will sie retten, da er die Gefahr erk
2542 3203 3348 3290 munkelt man von seiner Liebe zu An
2541 3268 3346 3340 leutnant Karinski in einer Herrenge
2545 3329 3347 3401 Schauspielerin äußert, versetzt ihm R
2555 3386 3338 3465 ist ein derber und roher Patron, d
2539 3447 3348 3517 allerlei Vergehen unhaltbar geworden
2541 3506 3334 3575 Rönning richtet, weist dieser zurück.
