3392 4320
1490 226 1972 329 box 36/8
276 222 1356 349 PanheOfThrints
862 976 2517 1040 Seltsam ist in seinen Stücken, je reifer sie werden, das Verzichten auf
754 1052 2516 1117 äußere Handlung und das ausschließliche Herausarbeiten der inneren. Die
745 1110 2503 1160 Geschehnisse im Realen, die Zusammenstöße des Körperlichen, die Ereig¬
747 1160 2507 1239 nisse des Alltags kümmern ihn immer weniger; nur ihr Reflex im Seeli¬
751 1240 2511 1302 schen. Das andre, die „dramatischen“ Vorgänge, die großen Szenen und
739 1271 2521 1336 Explosionen sind ihm unwichtig geworden; er erledigt sie nebenbei, verlegt
746 1347 2511 1415 sie am liebsten in den Zwischenakt. Was er wirklich in seinem Drama
751 1408 2520 1482 zeigt, sind die inneren Handlungen, das Ausschwingen der sichtbaren
739 1461 2515 1530 Eindrücke und ihr Umsetzen in seelisches Tun und Erleiden. Die Stillstände
750 1510 1501 1593 auf der Drehbühne des Lebens.
861 1616 2521 1721 Nein, die Etiketten stimmen nicht. „Das Spiel von Leben und Tof“
822 1698 2524 1753 nein; das Problem des Todes hat er eigentlich nie so recht angepackN
740 1762 2535 1837 mehr das der Todesangst und ihrer Rückwirkungen. Der „Wiener Dichter““
820 1817 2511 1882 aber er hat immer nur ein Segment dei Wiener Gesellschaft geschildert;
736 1874 2518 1940 niemals das Proletariat, niemals die breiten Kreise der Bürgerlichkeit, und
741 1936 2509 1983 er wird sofort befangen, wenn er einen Aristokraten hinstellen soll. Sein
740 1991 2515 2067 Segment ist das der begüterten jüdischen und Sportsgesellschaft; hie und da
742 2050 2509 2108 tritt eine Gestalt aus der künstlerischen Bohème hinzu. Ob seine Menschen
754 2121 2507 2190 wirklich Wiener Menschen sind und nicht nur in dem anmutlich nachlässigen
749 2173 2512 2238 Ton des gebildeten Wienertums reden, wird nicht ganz leicht zu entscheiden
740 2213 2509 2280 sein. Daß sie trotzdem so wirken, ist sicher; aber vielleicht liegt das an dem
738 2293 2513 2364 Zauber der Landschaft, in die sie der Dichter hineingestellt hat und die
737 2340 2519 2398 keiner vor ihm mit gleicher Farbigkeit, mit gleich unvergeßlichem Reiz und
750 2407 2507 2473 mit gleicher Kraft der Anschauung gemalt hat. Die Wienerwaldgegenden im
740 2456 2515 2523 „Weg ins Freie“ muß jeder sofort erkennen, der das Buch gelesen hat und
749 2521 1952 2595 dann erst zum ersten Male diese Landschaft sieht.
854 2631 2512 2735 Die Jugend hat immer recht. Auch die Jugend von heute. Vor allem
743 2706 2516 2768 darin, daß sie Schnitzler liebt. Denn seine Art und sein Werk sind ein
737 2769 2512 2857 Dokument unserer Rasse. Die alte Kultur des Wienerischen und die noch
737 2829 2517 2884 ältere des jüdischen sind die Elemente seines Wesens, in dem alles
746 2887 2508 2951 Schöne und alle Mängel sich zu einer so merkwürdigen, repräsentierenden
738 2944 2507 3011 Einheit zusammenschließen. Ein Drittes kommt dazu: ein seltsamer Hang
731 3010 2506 3072 zum Mystischen, Rätselhaften, Wunderbaren, der besonders über seine
733 3061 2502 3136 letzten Schöpfungen, oft verstörend, oft mit geheimnisvoll erlebnisreicher
738 3121 2511 3176 Kraft, dunkle Schatten breitet. Die Gefahr, sich an die selbstgeschaffene
745 3167 2507 3245 Stimmung zu verlieren, liegt in der Atmosphäre unsrer Stadt ebenso wie die
738 3241 2489 3295 andre, in leichter Sentimentalität über sich und andre in Rührung zu ge¬
736 3291 2500 3354 raten. Beiden Gefahren ist Schnitzler nicht immer entronnen; aber die Art,
744 3357 2517 3413 wie er sich gegen sie gewehrt hat, ist oft so fruchtbar und anziehend
735 3415 2499 3497 gewesen, hat so viel Erkenntnisse und Entschleierungen dunkler Seelen¬
1541 3504 1686 3584 355
