3392 4320
2117 133 2436 219 —.—
1556 193 2032 300 box 36/8
335 187 1407 311 PanphletsOffarints
929 1109 2687 1206 winkel gebracht und solch zwingendes Erzählen sonderbarer Dinge, daß man
925 1174 2680 1234 gar nicht wünschen möchte, sie wären nie an ihn herangetreten. Einen grill¬
935 1235 2683 1307 parzerisierenden Grundzug seiner Dichtung, ein rebellionsloses Sichbescheiden¬
934 1288 2697 1375 und Begrenzenwollen, hat Schnitzler bald besiegt. Ob seine Hingabe ans
931 1358 2690 1415 Grenzenlose, an die übersinnlichen Mächte der Welt der Preis dieses Sieges
940 1400 2692 1497 ist? Oder auch dies nur Stufe und Weg? Man möchte es hoffen. Denn zur
933 1473 2679 1558 „Dämmerseele“ taugt er nicht. In seinem Werk lebt so viel von unsrem
929 1513 2675 1610 Jetzt, wird so viel von unsrer Vergangenheit laut, spricht so viel Zukünftiges,
930 1586 2691 1640 daß es nicht vom Kehrbesen der Zeit beiseite gefegt werden kann. Darin
934 1622 2689 1733 liegt auch die Lösung der seltenen Erscheinung, daß hier zwei, ja drei.
934 1689 2677 1792 Generationen einer Meinung über ihn sind. Sonst wird vom Heute weg¬
931 1748 2690 1834 gestoßen, was vom Gestern geliebt war — weil es vom Gestern geliebt war.
930 1819 2683 1889 Bei Arthur Schnitzler sind alle in der Liebe einig. Weil in seinem Werke
918 1874 2698 1966 eben mehr ist als bloß die Dinge des Gestern. Er gehört zu den Seltenen,
915 1940 2091 2031 die immer wieder ein „Morgen“ vor sich haben.
1564 2606 1632 2695 5
1893 2655 1936 2711 5
1766 3621 1814 3703 54
2159 3979 2639 4110 e
