3392 4320
1529 214 1985 319 box 36/8
320 208 1387 300 PamphletsOfTarints
996 972 2653 1049 Die Etiketten heißen: Der Dichter des „süßen Mädels“; oder „der
881 1009 2648 1121 Dichter des Spiels von Leben und Tod“ oder der „Wiener Dichter“ schlecht¬
892 1076 2637 1184 weg. Und keine trifft. Denn immer war er mehr und weniger zugleich.
894 1132 2637 1236 Vor allem aber: es gibt keinen „Dichter des“ Denn dann
889 1199 2648 1300 wär’ er gar keiner. Alles Spezialistentum ist unkünstlerisch und für den
879 1268 2650 1352 rechten Dichter gibt es nur einen Stoff: die ganze Welt, wie er sie und
893 1321 2644 1399 ihren Sinn sieht — reicher oder armseliger als die anderen und eben durch
876 1380 2647 1479 die Art seines Sehens für andere bereichernd oder verarmend. Vor Jahren
881 1444 2648 1538 stand einmal in einem Lexikon von einem bekannten Wiener Maler zu
886 1497 2627 1577 lesen: „Malt von jetzt ab nur mehr Stilleben“. Die ganze Wiener Kunst¬
887 1559 2627 1641 tragik liegt in den paar Worten; der Ausdruck der unseligen Um¬
873 1616 2638 1718 klammerung, die jedem Erfolgreichen hier droht: man gestattet ihm
878 1681 2636 1747 dann nur mehr, innerhalb dieser Erfolgsphäre tätig zu sein und ist
875 1745 2625 1827 sehr ungehalten, wenn er es wagt, das ihm offiziell eingeräumte Gebiet
878 1799 2624 1882 zu verlassen. Siehe Johann Strauß. Siehe Girardi. Bei Arthur Schnitzler hat
504 1840 794 1965 B
874 1861 2620 1937 die gleiche Gefahr gedroht. Nichts schöner, als die unbekümmerte Ge¬
879 1917 2635 2010 lassenheit, mit der er den Erfolg beiseite schob und sein inneres Müssen
881 1972 2634 2061 dem gedankenlosen Verlangen der Mitwelt entgegenstellte. Man hat es ihm
877 2023 2630 2117 schwer genug gemacht. Und man kann heute nichts höheres von ihm
876 2096 2636 2165 sagen, als: daß er der stärkere war und siegreich geblieben ist. Wär’ es
879 2150 2637 2228 nach den anderen gegangen, so hätte er zeitlebens nur mehr süße Mädeln
874 2200 1978 2295 und leichtsinnige Melancholiker gestalten dürfen.
1702 2266 1803 2318 *
978 2340 2629 2422 Man scheint es noch immer gar nicht zu merken, wie weit weg er
864 2395 2617 2473 von den Gestalten und den Problemen seines Anfangs gerückt ist. Mehr:
874 2435 2626 2537 wie wenig er überhaupt zu den Bezeichnungen stimmt, die noch immer für
865 2490 2623 2597 ihn verwendet werden. In vierzehn Dramen und vielleicht doppelt so viel
862 2574 2628 2665 Novellen hat er das ganze Österrreich zur Jahrhundertwende eingefangen
867 2642 2621 2717 und das Verhältnis Österreichs zu unserer ganzen Zeit. Weniger die Fragen
853 2700 2611 2780 dieser Zeit selber. Die neunziger Jahre, die für die deutsche und österreichische
866 2742 2608 2837 Literatur so fruchtbar waren, haben in beiden Ländern ganz verschiedenartiges ge¬
861 2815 2608 2880 bracht. In Berlin trat eine neue Generation auf den Plan; in Wien begann
860 2861 2615 2949 eine alte Generation und eine alte Kultur nach beängstigend langem
868 2917 2615 3014 Schweigen endlich zu reden. In Berlin waren es die sozialen Probleme, die zur
854 2966 2599 3073 Dichtung wurden; in Wien wollten sie Schönheit ins Leben tragen. Proletarier¬
853 3041 2608 3102 dichtung dort; Luxusdichtung hier. Und Dichtung, wie sie nur in der Großstadt, nur
848 3102 2621 3179 in der Zeit des Telephons, des Autos, des Aéroplans möglich ist. Diese Art vertritt
863 3162 2597 3244 Schnitzler amreinsten. Er ist der feinste Erotiker des Wienertums. Die österreichi¬
854 3225 2606 3299 schen Dichter der Vorzeit waren gerade in den Dingen der geschlechtlichen Ethik
854 3291 2608 3347 überängstlich, haben in ihren Frauengestalten fast durchwegs „Damen ohn¬
860 3336 2611 3399 Unterleib“ gedichtet und durch Vexierspiegel alles Erotische und Sexuelle
850 3402 2605 3481 wegeskamotiert. Saar war einer der ersten, der den Mut zur menschlichen
1650 3490 1806 3586 352
