3392 4320
143 216 198 326 1
1485 239 1944 355 box 36/8
209 227 1333 361 PamphleOfferints
784 1056 1766 1161 SCHNITZLER-GLOSSEN.
1764 1060 2370 1163 VON RICHARD
1382 1143 1756 1269 SPECHT.
915 1273 2446 1350 Is gibt Konventionen, die in ihrer willkürlichen Außerlichkeit
926 1333 2451 1401 sinnlos sind, und die doch ihren Sinn in sich tragen — abseits
943 1388 2457 1458 von jenem, der die Konventionierer und Konventionellen dabei leitete.
691 1399 2442 1505 2 pas Ansetzen von Festtagen, weil sich wieder einmal zehn Jahre
686 1505 2455 1585 runden, gehört dazu. Ein Datum ist lächerlich und zufällig, und wenn es
687 1566 2458 1631 sich trifft, daß es mit einem bedeutsamen Lebenspunkt zusammenfällt, so
692 1633 2452 1703 sollte nicht das Datum, sondern der Lebenspunkt die Ursache einer Feier
697 1684 2460 1745 sein. Und weil das fast niemals geschieht, so wirkt es beinahe verdrießlich,
700 1743 2458 1811 wenn solche Feier einen trifft, an dessen bedeutsamen Tagen man viel
693 1807 2462 1884 zu oft vorbeigegangen ist und dessen man dafür jubilierend gedenkt, weil
693 1860 2449 1924 er zufällig fünfzig Jahre alt wird. So wie es jetzt mit Arthur Schnitzler
691 1921 2456 1983 geschieht. („Was heißt denn fünfzig Jahre? Der Kerl kriegt graue Haare!“ hat
687 1988 2465 2059 uns Richard Dehmel, auch ein Fünfziger dieser Tage, neulich geschrieben,
702 2029 2462 2100 als von all diesen Dingen die Rede war.) Schnitzler war mit neunundvierzig nicht
702 2092 2467 2180 weniger als heute und wird vielleicht als Einundfünfziger viel mehr sein; und
687 2159 2463 2226 gerade bei einem, der an allem Außerlichen und Lauten immer lächelnd
693 2220 2451 2293 vorübergegangen ist und der so wenig „Talent zur Feierlichkeit“ besitzt wie
693 2288 2467 2348 er, berührt ein solches „Datumfest“ sonderbar: keinen kann man sich
693 2360 2467 2407 weniger veteranenhaft, weniger als „Jubilar“ vorstellen, als unseren lieben
703 2401 2461 2471 und geliebten Dichter. Trotzdem: als „Anlaß“, als „Gelegenheit“ ist solch
695 2455 2475 2520 ein Tag nicht geringzuachten. Als Anlaß, Versäumnis gutzumachen. Als
695 2514 2471 2578 Gelegenheit, dem Gefeierten einmal zu sagen, was man sonst für sich
711 2571 2462 2641 behält, aus Scheu, aus Trägheit, aus Gedankenlosigkeit; ihm zu sagen, wie
709 2643 2476 2703 dankbar man ihm ist und wie lieb man ihn hat. Und auch warum. Man gibt
711 2702 2467 2777 sich wieder einmal Rechenschaft; löst von seinem Bild alles Momentane
712 2769 2474 2816 und Angeflogene ab, stellt vergessene Zusammenhänge her. Und sollte zu
710 2816 2470 2877 alledem noch eines: endlich die Etiketten abtrennen, mit denen man sein
711 2855 2474 2944 Wesen beklebt hat, um auch ihn rubrizieren und in das Fach einschachteln
710 2919 2475 2993 zu können, in dem man ihm dann erlaubt, Talent zu haben. Weil doch
714 2990 2468 3057 Ordnung sein muß. Aber man sollte endlich erkennen, wie die wahre.
714 3037 2464 3107 innere Ordnung in Arthur Schnitzler aussieht. Wie er allem Rubrizieren
707 3091 2473 3164 längst entwachsen ist. Und wohin ihn sein Weg ins Freie — der wirklich
716 3151 2469 3221 ein einsamer Weg war — geführt hat. (Die Titel der Schnitzlerschen Werke
713 3198 2473 3286 nämlich sind wirklich biographisch-symbolisch und erzählen viel von seinem
712 3279 2480 3346 Erleben, Erleiden und von manchem Unterliegen ebenso wie von manchem
710 3336 1086 3436 Selbstbefreien.)
1530 3461 1677 3558 351
