3392 4256
267 230 1765 300 16.2. Die Franniden Delche
611 553 679 602 W
423 588 1591 664 reizende Plauderei „Der Unverschämte" von Raoul,
418 642 1567 691 Auernheimer, an der nur die grobe Schlußwendung
417 683 1553 727 verdrießt, die aber sonst als Musterstück eines heiter=geist¬
412 719 1550 770 reichen Einakters gelten darf, haben wir früher schon hier
419 758 1548 817 gesehen, ebenso die ergötzliche Komödie „Auferstehung“
413 784 1559 850 aus Felix Saltens Einakterreihe „Vom andern Ufer“, eine
430 826 1568 885 sehr wirksame tragikemische Begebenheit, bei der man übri¬
427 869 1563 923 gens keine Voraussetzungen zu entbehren braucht und die
426 907 1559 962 deshalb ein trefflich gerundetes, durchaus fertiges Theater¬
420 948 1563 1010 stück ist, das noch gewinnen würde, wenn es zehn Minuten
425 997 1560 1043 schneller fertig wäre, d. h. wenn der Auferstandene sich und
429 1037 1563 1073 uns einige seiner langatmigen Betrachtungen schenken wollte.
418 1066 1561 1120 Durch alle diese Einakter ging Frau Orloff, das neuer¬
424 1097 1560 1156 worbene Mitglied unserer Bühne. Zunächst in der Doppelrolle
418 1155 1569 1195 des Schnitzlerschen Schauspiels, als Frau des Dichters äußerst
422 1176 1573 1238 gedehnt und behutsam redend (sie weiß, daß sie Bedeutsames
421 1218 1589 1271 spricht und formt jeden Satz langsam, ehe sie ihn entläßt), als
418 1255 1573 1315 Frau mit dem Dolche von Schnitzlerscher Glut, also maßvoll
421 1298 1561 1350 erhitzt, im Rittnerschen Drama so boshaft und kalt, wie
425 1333 1554 1393 mans vom Tode nur verlangen kann, in dem Akt Hermann
420 1380 1564 1422 Bahrs als sehr gerissenes Wiener Madel, eine erfolgsichere
419 1412 1573 1471 Evastochter, schlagfertig, behend, verwandlungsfähig, alle
431 1449 1571 1509 Stimmungen beherrschend, nur die eine nicht, die unmittel¬
427 1489 1568 1540 bar aus dem Herzen kommt. Dann sah man
1453 1516 1568 1590 sehr
424 1529 1456 1591 sie als Frau Selma im „Unverschämten", eine
1324 1568 1561 1623 Welt, die
431 1574 1325 1628 sichere, überlegene, spielerische Dame von
436 1608 1565 1658 feinstes Wortfiligran ausbreitet, endlich als Marie
436 1628 1591 1712 in „Auferstehung" (eine Rolle, in der einst die nun immer
421 1696 1565 1741 jugendlicher werdende Frl. Sangora erfolgreich den Sprung
430 1739 1567 1785 zu den Müttern wagte), die ihr gut liegt und ihre Eignung
418 1774 1563 1822 zu Charakterrollen erweist, wobei freilich zu bemerken ist,
425 1816 1563 1864 daß es auch hier an natürlicher Wärme zu mangeln schien.
432 1848 1563 1894 Alles in allem: Frau Orloff wird, dank ihrer Sicherheit und
419 1902 1577 1941 großen Erfahrung, eine sehr vielseitig verwendbare Kraft¬
430 1922 1561 1972 unserer Bühne sein, die sich in den verschiedensten Masken
421 1961 1568 2030 zurechtfindet, nur: die große Hoffnung unseres Theatero,
437 2005 1569 2057 auf die wir alle warten, wird sie nicht sein. Partner der
438 2037 1578 2111 Frau Orloff war im Schnitzlerschen Schauspiel Herr
442 2067 1574 2134 Janssen, der seiner Doppelrolle nichts schuldig blieb, im
429 2120 1567 2178 Studentenstück die Herren Janssen und Munz, wo die
428 2156 1570 2222 verschiedenen Temperamente der Hungerleider gut gegen¬
431 2202 1565 2251 einandergestellt waren, im dritten Herr Impekoven, der
429 2246 1569 2289 eine feine Charakterstudie bot, dergegenüber die Leistung des
428 2276 1577 2329 Herr.. Manz farblos erschien, im vierten die Herren
427 2313 1561 2368 Bauer und Janssen, wobei Herr Bauer sich durch über¬
425 2351 1565 2403 legene Ironie hervortrat und Herr Janssen sich als der
427 2386 1576 2440 leidende Teil geschickt aus der Sache zog, im letzten wieder
429 2422 1578 2486 Herr Bauer, der den Auferstandenen schon früher sehr zum
436 2473 1574 2528 Behagen der Zuhörer gespielt hat, Herr Impekoven, der
426 2515 1568 2569 in seiner drolligen Verzweiflung und durch seine treffende
433 2543 1573 2598 Erscheinung auch hier wieder bewies, welch tüchtigen Künst¬
431 2585 1578 2640 ler wir an ihm gewonnen haben, Herr Schreck, der den
423 2624 1574 2683 Freund gab und das kleine Frl. Romin, das in seiner Kin¬
424 2665 1569 2737 derrolle Talent verriet. In die Spielleitung teilten sich die
1193 3015 1360 3087 schaßen.
411 3116 1562 3211 Herren Martin und Hartung und man kann sagen.
407 3149 1554 3221 #d#aß sie alles wohlbedacht, die Räume gutgestellt hatten, und
423 3207 1557 3282 aus jedem Einajter so viel Wirkung zogen, als herauszuholen
408 3231 587 3301 wary
1834 190 2358 296 box 22/1
2059 1208 2725 1302 Die Herzogin spielt Theater.
1996 1268 2794 1350 Von unserem Korrespondenten.
2495 1336 2976 1422 Dessau, im September.
1833 1368 3005 1472 Die ehemalige Schauspielerin Ottilie=Elisabeth Strickrodt, die
1771 1451 2999 1506 Gattin des Herzogs Joachim=Ernst von Anhalt, war am
1785 1486 3003 1544 5. September anläßlich ihres Geburtstags der Mittelpunkt einer Fest¬
1783 1530 3003 1603 lichkeit auf dem Stammschloß der anhaltischen Herzöge im romantischen
1786 1566 3005 1645 Harzstädtchen Ballenstedt. Im reizenden kleinen Hoftheater
1783 1612 3001 1694 spielte sie Schnitzlers „Frau mit dem Dolche“ und an¬
1786 1662 2987 1737 schließend die Hauptrolle in dem Einakter „Ich bin es nicht“,
1774 1700 3013 1780 den der Berliner Regisseur Erich Pabst für diesen Tag verfaßt hatte
1775 1755 3011 1825 und selbst inszenierte. Pabst war es auch, der vor Jahren der damals
1779 1798 3005 1867 blutjungen Liesel Strickrodt den Weg zur Bühne ebnete. Jetzt kehrte
1778 1847 2991 1908 sie nun für eine kurze Weile hinter die Kulissen zurück und mag sich
1765 1889 2995 1941 dabei des Tages erinnert haben, an dem sie als „Ballerina des Königs“
1768 1925 3003 2011 das Herz des jugendlichen Fürsten bezwang. Der junge, kunstbegeisterte
1778 1972 2365 2048 Herzog dirigierte das Orchester,
1791 2010 2902 2144 erlin 8 - Ui- Gbendöcak
2156 2120 2529 2271 NX. 28.
2056 2169 2149 2290 1.
2223 2278 2306 2358 1
2694 2351 2900 2432 e
1819 2391 2203 2509 IüsSchnitt aus:
2225 2422 2884 2518 „MdENER CARICATUREN
2088 2482 2358 2563 A SEr 1915
1830 2532 1967 2596 om:
1860 2591 1917 2649 W
1965 2689 2884 2789 Beatrice Dovsky wird mit Arthur
1867 2773 2860 2850 Schnitzler in einem Atem genannt!
1859 2804 2859 2904 „Ihre „Mona“ Eisa“ hat nämlich eine merk¬
1879 2873 2887 2965 würdige Ahnlichkeit mit dem Stofflichen“
1868 2941 2520 3014 der „Frau mit dem Dolch“.
