3392 4224
287 185 1788 303 16.2. Die Franmitden Doiche
747 1257 1148 1365 1——
409 1336 1526 1442 luesehaltt aue: Neues Pester Journal
402 1434 819 1551 gm: 74 S 512
529 1552 1430 1665 Theater, Kunst und Literatur.
549 1656 1491 1760 (Gastspiel von Künstlern des Burg¬
442 1742 1490 1811 theaters in der Urania.) Eine aus vier erstran¬
441 1785 1500 1861 gigen Kräften des Wiener Hofburgtheaters und der
443 1834 1469 1912 dazu gehörigen Statisterie bestehende kleine Gesell
445 1854 1489 1952 schaft stattete uns heute einen kurzen Besuch ab und
448 1945 1483 1990 absolvirte ein Gastspiel im Uraniatheater. Als lever
440 1981 1473 2042 de rideau brachten die Wiener Gäste Arthur
436 2041 1473 2094 Schnitzler's Einakter „Die Frau mit dem Dolche“,
445 2078 1490 2141 eine Kleinkgkeik voller Duft und Geist, die von
445 2128 1480 2189 Frl. Rabitow und den Herren Gerasch und
445 2178 1485 2233 Heine flott gespielt wurde. Hierauf folgte eines
437 2231 1490 2296 der erfolgreichsten Stücke des diesjährigen Burgtheater¬
452 2275 1481 2334 Repertoires „Die Sprache der Vögel“ von Adolf
437 2332 1487 2386 Paul. Im bunt belebten Rahmen einer Anekdote
444 2385 1488 2445 des alten Testaments wird das Problem des Ewig¬
445 2424 1489 2487 weiblichen aufgerollt. Das Weib opfert den Geliebten,
439 2473 1485 2529 wenn es gilt, die Sprache der Vögel, ein Symbol
438 2518 1483 2601 des Wissens und der Macht, dem weisen König
445 2579 1489 2643 Salomo abzulisten. Und der große König, der die
441 2606 1476 2687 Menschen wie Krystall durchblickt, vermag die Herr¬
437 2684 1484 2744 schergewalt nur zu behalten, wenn er sich den Liebes¬
452 2711 1479 2779 fesseln des Weibes entringt. Ein schlichter Vorwurf,
434 2766 1489 2830 der aber mit Geschicklichkeit und Tiefsinn ausgesponnen,
449 2805 1477 2878 mit den Blüthen einer farbenprächtigen Poesie ge¬
445 2855 1482 2920 schmückt erscheint. Die sieghaft=schöne Bühnenerschei¬
434 2906 1491 2987 nung und die reich=beseelte Darstellung des Frl.
446 2950 1492 3025 Wohlgemuth, die Glu des Herrn Gerasch
445 3005 1494 3077 und die überlegene, fein pointirte Sprachkunst des
442 3045 1484 3142 Herrn Heine sicherten dem Stücke einen durch¬
443 3102 1482 3196 schlagenden Erfolg. Die Darsteller wurden mit Bei¬
1234 3150 1434 3219 a. f—d.
450 3158 808 3248 fall überschüttet.
602 3192 1487 3277 Das Lustspieltheater veranstaltet auch
441 3257 1485 3310 in der folgenden Woche keine Première. In Folge des
439 3295 1475 3352 außerordentlichen Erfolges, dessen Hajö's Lustspiel „La¬
435 3343 1488 3417 käjsk“ sich erfreut, wird die nächste Novität erst nach
440 3378 1490 3458 den Österfeiertagen herausgebracht. Samstag findet eine
434 3436 1502 3510 Reprise von Herczeg's „Oeskay brigadéros“ in neuer
459 3482 825 3541 Einstudirung statt.
1932 175 2381 271 hox 22/1
2063 1011 2484 1102 (Quallenaagabe ehne Gewabr).
2097 1076 2658 1161 4Az Cjsäg, Budapest
1731 1090 2114 1171 Ausschnitt aus:
1932 1166 2226 1255 14 S. 7915
1739 1203 1878 1286 vom:
1883 1278 2779 1346 A Burgtheater vendégjätéka. Az Uränia¬
1751 1302 2769 1420 Szinhäzban ma estére a Hofburgtheater vendég¬
1748 1393 2766 1471 jätékät hirdette a szinlap. A szinlap ugyan alapo¬
1756 1471 2778 1535 san kerkedett, mert három szinész mégsem szinhäz,
1743 1521 2781 1573 de az est azèrt élvezetes volt. Elsöül Schnitzlernek
1747 1574 2774 1631 Asszony a törrel (Die Frau mit dem Dolche) czimü
1744 1637 2767 1697 egyfelvonásosät jätszották. Az Eleven örák cziklus¬
1744 1686 2780 1769 böl való és nem éppen szerencsés alkotäs. Arröl
1746 1748 2802 1837 van 8zó benne, hogy az asszony nem megy el
1745 1802 2783 1895 randevure mert egy kép asszonyäban önmagära
1750 1858 2777 1931 vel ismerni, a kép asszonya pedig a szerelmes
1754 1922 2772 2001 talälka és a ferj betoppanása utän megöli a sze¬
1748 1971 2772 2056 retöjét. Nagyon exczentrikus és szimböluma nem
1741 2025 2782 2123 annyira értékes, a mennyi fáradsäg megértésére
1750 2102 2780 2172 szükséges. Egyébkent nyolcz esztendö elôtt Rein¬
1745 2149 2773 2236 hardt mär jätszotta nalunk. Nagyobbstilü munka
1739 2217 2783 2289 Paul Adolf háromfelvonäsos vigjätéka, a minek
1744 2267 2783 2331 A madarak beszéde (Die Spräche der Vögel) a
1751 2323 2779 2413 czime. Igen finom tönusu dolog, sok poézissel,
1743 2394 2778 2473 ügyesen, élvezetesen mnegirva. Elése példaszerü
1749 2443 2786 2527 lehetne, nemes gesztusa pedig, melylyel távol
1741 2505 2785 2594 tartja magät a hatäskereséstöl, követésreméltö. A
1746 2558 2779 2631 darabnak meséjét összefoglalni nem lehet, értéke
1747 2608 2776 2698 különben is a szimbolumban van; abban, hogy a
1739 2672 2783 2754 nö uralma végzetszerü a férfi fölött. Hiaba ez ellen
1738 2743 2769 2818 a bölesnek minden bölesesége, mert ha egy szi¬
1746 2798 2773 2856 tuäcziöban az asszony fölôtt diadalmaskodik is
1740 2851 2773 2927 az 6sz, az asszony, a démon rögtön mäs helyzetet
1749 2913 2777 2983 teremt. A tulsägosan légies Schnitzler, desabban
1738 2963 2773 3057 rosszul hatott a Burg-Szineszek jateka, ellenben a
1735 3026 2780 3105 Madarak beszédében szépen érvényesült nemes
1739 3074 2772 3173 Lonzervatizmusuk. Albert Heins stilusos szinész,
1749 3136 2773 3220 de a magyarok közül föléje emelhetünk akärhá¬
1741 3204 2776 3278 nyat, Alfréd Gerasch temperamentuma azèrt érté¬
1738 3260 2771 3329 kes, mert iziés járul melléje, Else Wohlgemüth
1748 3324 2777 3400 gyönyörüen beszél, jätéka monumentälis és halk
1749 3386 2771 3460 finomsägokat pompäsan kifejezö. Julius Strebinger
1748 3437 2770 3502 néhány szaväval is jó szinésznek bizonyult, Clara
1737 3492 2774 3591 Rabitov kissé élettelen. Az elökelö, nagy közönseg
1737 3547 2744 3644 sokat tapsolt; a szinészek koszorut is kaptak.
