3204 4384
1105 3660 1188 3709 Fr.
517 132 574 201 1
615 133 815 203 Mor
909 139 987 202 n
1012 148 1262 202 rauen
1406 132 1775 217 box 6/1
45 123 1261 241 34 Spie  Se
942 686 1518 772 MBER 22.1927.
1493 758 1532 788 —
963 788 1197 846 al spirant
959 833 1162 885 xplosive.
1298 820 2015 887 THREE MELODRAMATIC
968 866 1204 923 ful, read
1404 873 1926 952 GERMAN NOVELS
965 907 1188 957 ablet was
1041 947 1191 1002 L. 14,
968 983 1184 1048 erse, l. 5,
980 1033 1076 1079 ong
1081 1030 1198 1085 8
1262 1053 1956 1116 Scharrzum. (Berlin: S. Fischer.)
978 1061 1187 1120 iisu) Lir¬
984 1108 1074 1158 the
1080 1110 1177 1157 un¬
1216 1094 2116 1160 Murren Maniz. Von Hrisnien MasN.
981 1144 1180 1196 xt here
1278 1141 1795 1208 (Vienna: Paul Zsolnay.)
1011 1185 1184 1233 and a.
1218 1194 2115 1243 Töchren: DEn RoMAN zwEIERGENERArfONEN.
997 1223 1188 1278 Liturrn.
1277 1243 2126 1309 Von Ganaiuzk Raures. (Berlin: Ulistein.)
987 1262 1185 1317 ginning,
1254 1280 2170 1348 Arthur Schnitzler has brought ihe shore,
989 1305 1182 1353 L. 5. for
1215 1316 2104 1385 novel to something like perfection of formt.
1014 1341 1177 1393 5.515).
1217 1371 2104 1432 His latest work in this category is not qufte
985 1380 1187 1435 ich case
1214 1406 2104 1474 such a reinarkable example as the two
996 1423 1180 1474 reading
1214 1443 1413 1500 previous,
1417 1447 2104 1499 Fräulein Else“ and “ Träum¬
993 1462 1178 1517 eminine
1134 1493 1174 1525 99
1226 1487 1407 1542 novelle,
1403 1481 2105 1540 both of which have been re¬
1003 1501 1161 1547 nter!
1220 1528 2107 1579 viewed in these columns, but it is, from be¬
1004 1535 1174 1590 ks indi¬
1213 1553 2107 1617 ginning to end, a möst effective piece of
997 1571 1186 1631 wed by
1217 1603 2103 1660 writing, gripping the attention rather by its
1031 1615 1175 1669 trans¬
1214 1645 2098 1688 construction than by its dietion, or its psycho¬
1009 1656 1188 1719 ted out
1217 1684 2106 1744 logical interest, which is rather superficial.
1036 1692 1176 1745 L. 24,
1213 1732 2103 1777 The plot is not very original. A young lien¬
1011 1737 1183 1785 he last
1209 1770 2104 1815 tenant in the Austro-Hungarian Army is
1018 1775 1179 1827 id-so,
1214 1810 2106 1857 appealed to by a comrade who is faced with
1023 1813 1184 1863 cluded
1212 1843 2101 1890 chsaster unless he can qutekly pay his gamb¬
1029 1853 1184 1904 se l. 5,
1214 1878 2104 1940 ling debts. The lieutenant undertakes to
1031 1891 1185 1951 operly
1218 1922 2101 1960 gamble, and with the winnings he anticipates
1043 1935 1182 1989 E. ZIR
1218 1961 2098 2002 being ableto helphis friend. The long-drawn¬
1061 1968 1188 2023 good
1210 1998 2100 2059 out game of baccarat, with its alternations of
1057 2009 1188 2059 end.
1214 2034 2106 2082 loss and gain, its acute suspense and its
1043 2049 1187 2100 reless
1216 2080 2102 2127 intense anxiety, is admirably rendered. The
1059 2088 1183 2143 first
1209 2119 2100 2169 fever of the play catches the lieutenant, and he
1055 2127 1184 2184 been
1210 2156 2102 2200 finds himself at the end very heavily in debt.
1060 2170 1192 2217 same
1211 2191 2112 2243 Now the expedient he had previonsly rejected
1059 2207 1184 2255 ithe
1211 2236 2104 2289 as intolerable, an appeal to his uncle, 18
1213 2274 2108 2323 forced upon him. But he finds that the uncle
1062 2284 1184 2332 on's
1205 2310 2103 2354 has married a former Gelicbte of his, has
1062 2327 1181 2384 iven
1218 2351 2108 2409 parted from her; and that she has control of
1219 2395 2105 2445 his money. There is nothing for it but an
1073 2405 1182 2471 15,
1213 2434 2101 2488 appeal to her. Her manner is hard and busi¬
1064 2450 1188 2508 -mi
1212 2474 2107 2526 nesslike. Still, she accepts a desperately
1066 2494 1185 2542 #hta¬
1218 2506 2102 2557 proffered invitation to dinner and leaves on
1076 2536 1177 2590 me,
1219 2550 2101 2614 the table, as “ payment for the entertain¬
1078 2575 1182 2622 hen
1219 2586 2094 2637 ment, a sum just enough to save the other
1063 2611 1185 2664 ents
1211 2638 2104 2680 oflicer. The young lieutenant shoots himself
1211 2669 2101 2706 and is found dead by his uncle, who had
1079 2693 1180 2744 sion
1215 2702 2108 2755 broughit the necessary sum from his wife. The
1081 2732 1187 2785 ling
1214 2742 2097 2800 story is melodrama, inferior in depth and in¬
1081 2774 1183 2822 t is
1218 2789 2102 2834 telligence to both the stories already men¬
1084 2801 1193 2862 iru,
1218 2822 2113 2895 tioned, but planned and built up with admir¬
1083 2850 1198 2900 the
1218 2863 1436 2926 able skill.
1249 2910 2107 2970 Heinrich Mann’s novel is also melodramatie,
1097 2919 1184 2980 sa!
1219 2957 2106 3012 not only in matter but in style; it is far from.
1102 2971 1185 3026 3Or
1208 2994 2101 3037 giving the illusion of complete reality. Felicie
1135 2998 1192 3060 g
1219 3037 2100 3084 is the“ Mutter Marie?' of the title. As a poor
1213 3073 2102 3125 servant-girl she has an illegitimate child,
1158 3080 1192 3125 9—
1218 3114 2107 3164 whom she takes to the river-bank but has not
1219 3141 2099 3198 the heart to drown. The baby is taken into
1216 3188 2111 3248 the house of the childiess General von Lambart
1216 3232 2097 3279 and his wise, and brought upas their own. The
1214 3269 2098 3317 mother, in tiie meantime, marries à rich old
1214 3309 2100 3358 man, inherits his wealth, and then feels a
1210 3343 2096 3379 longing for her child. At length she traces
1215 3380 2094 3440 him and finds him abeutto marry a poverty¬
1210 3415 2108 3474 stricken princess, if a shameless old profiteer,
1201 3462 2093 3520 in erhose clutches the General has come, can be
1216 3496 2100 3554 forced to keep his hands öff her. The rest of
1205 3531 2103 3593 the story is concerned with how Felicie con¬
1211 3576 2094 3630 quers her love for her son and her jealousy of
1210 3615 2113 3670 the princess, and cooperates in deceiving the
1211 3656 2098 3690 villamons profiteer, and in saving from finan¬
1213 3687 2097 3744 c##al min the General who had stolen her childl.
1219 3731 2108 3783 Tlis is a frank piece of melodramna, even down
1213 3773 2090 3815 to thie long but, we fear, incredible scene in the
1214 3809 2103 3865 confessional, where Felicie makes the great
1203 3856 2085 3901 renunciation. The novel is saved from com¬
1206 3891 2089 3940 plete banality by the picture it gives of the
1202 3926 2091 3978 General’s household and the charming young
1207 3968 2101 4038 princess, aristocracy reduced to beggary after
1200 4003 1391 4062 the war.
1237 4049 2095 4121 The chief value of Gabriele Reuter’s novel,
1142 4100 2086 4144 - 1 too, lies in the picture it gives of a certain
