3204 4384
297 132 479 207 piel
497 127 1247 212 im Morgengrauen
1375 127 1749 227 box 6/1
27 139 1242 248 34 S g
389 1174 1595 1263 läuten sein sie alle weck! Die tun euch nix! Sein ja alle gul¬
2821 1198 3099 1279 Laternen oo
1846 1200 2440 1290 (Schwingt den Lederbeutel)
395 1238 1075 1302 bodenständige einheimische Geister!
1664 1312 3109 1375 Wir wären nicht bei Schnitzler, wenn nicht aus dem zu bringen. Der O
385 1328 1571 1392 zu helfen wäre, das spürt man gleich, wenn er diesem, wohl
2747 1364 3099 1426 trotz mancher Erf
1570 1364 2740 1423 Karten= ein Liebesspiel würde, und zuletzt erscheint diese ganze
392 1384 1556 1458 durch viele Erlebnisse haßerfüllten Manne durch eine Spiel=,
2753 1409 3108 1474 Frau, die am Vor
1572 1410 2733 1471 Lebenskomödie, symbolhaft gefaßt, als ein Spiel mit tödlichem
395 1429 1562 1496 eine „Ehrenschuld", verfallen sollte. Eine Mauer des Hasses
2747 1454 3097 1521 am Abend nicht g
1576 1468 2739 1520 Ausgange, wenn es ein tückischer Zufall will. „Wir spielen
388 1481 824 1550 ist um diesen Mann.
2751 1501 3107 1564 Geliebte wird, die
1576 1518 2737 1575 alle, wer es weiß, ist klug“, wie es in den Anfängen
484 1508 1067 1585 Nun beginnen sie zu spielen.
2754 1548 3106 1614 Rückhalt gibt, als
1576 1547 2744 1610 Schnitzlers hieß. Jetzt weiß er: das Schicksal spielt mit uns,
477 1562 1572 1639 In dieser Nacht — man fühlt es magisch — wird um
2752 1593 3113 1662 diese Bitte um ein
1582 1598 2736 1666 aber wir merken es nicht. Auch dieser junge Leutnant Willi
384 1616 1565 1683 anderes als um Banknoten hasardiert: Ein Menschenleben,
2843 1640 3109 1707 Als sie nach
1582 1644 2738 1727 merkt es nicht, daß er nun selbst in eine Komödie mit
388 1664 1560 1745 dies ist der Einsatz. Schatten des Unterganges wehen durch
2744 1683 3109 1753 ihm beschieden sein
1584 1687 2741 1764 tödlichem Ausgange... leise... unentrinnbar ... hinüber¬
385 1715 1570 1773 diesen Raum, wie der Morgen dämmert. Zunächst aber
2756 1734 3109 1799 zimmer, da die Re
1582 1746 1816 1817 gleitet.
397 1761 1565 1836 gewinnt Willi, wie man immer gewinnt, wenn man zuletzt
2754 1784 3102 1844 läßt sie ihm eine
1661 1767 2743 1862 Am Morgen weiß er nur eines: Er ist ein verlorener
388 1813 1565 1872 alles, das Leben sogar, verlieren soll. Doch einstweilen hat er
2747 1828 3106 1893 nur 1000 Gulden
1576 1840 2735 1904 Mann, wenn er nicht bis zum übernächsten Tag, nur so
388 1853 1569 1930 gewonnen. Er könnte die tausend Gulden zahlen und würde
2749 1876 3104 1931 Mund eine Fraue
1579 1887 2737 1944 lang wird ihm Frist gegeben — die Ehrenschuld begleicht.
400 1899 1559 1990 sogar noch einmal so viel und noch mehr für sich zurück¬
2752 1923 3110 1982 fach die Poldi hie
1572 1933 2738 2003 Nun gibt es für den Leutnant Kasda, der lieber von eigener
392 1957 598 2029 behalten.
2751 1967 3110 2032 ein schnödes Geld
1581 1979 2742 2045 Hand fiele, als schimpflich den Dienst verließe, nur eine
484 1977 1563 2071 Er hastet zur Bahn, da fährt ihm der Zug davon, welche
2748 2014 3107 2078 solcherart wie ein
1576 2022 2740 2100 Hoffnung: sich von dem reichen Onkel die Summe zu be¬
395 2041 1562 2090 neue dämonische Schicksalsverkettung. Und er muß — un¬
2757 2060 3112 2124 so etwas vergißt
1582 2081 1760 2155 schaffen.
391 2100 1571 2161 entrinnbar zieht es ihn in das Café — weiterspielen, es ist,
2758 2107 3111 2169 ihn wie einen Zu
1669 2094 2743 2180 Dieser Onkel, der jetzt auf den Plan der Geschichte
392 2131 1574 2194 als ob ihn dieser Konsul telepathisch bannen würde. Die
2756 2155 3114 2215 fachen von damals
1576 2159 2739 2232 tritt, ist wieder eine österreichische, eine altösterreichische Er¬
392 2182 1561 2258 leidenschaftliche Erregung des Spielers, wie er gewinnt, ver¬
2748 2210 3113 2263 Nicht bloß darum
1582 2210 2746 2280 scheinu g, Schnitzlerisch gefärbt. Ein Sinnierer, der nur
392 2222 1564 2281 liert, immer mehr, zuletzt eine für ihn unerhört große
2749 2247 3112 2312 Anzeige des Kon
1582 2257 2746 2320 unter üchern lebt, ist dieser Herr Wilram, vor der ganzen
397 2275 1562 2339 Summe, elftausend Gulden, die er jetzt diesem Dämon, dem
2746 2297 3108 2355 verhindern verma
1577 2296 2744 2365 Welt lt er aus einer gewissen Scheu geheim, daß er schon
394 2325 1566 2400 Konsul, schuldet, das Naturtriebhafte des durch die Spielwut
2758 2343 3113 2410 immer tiefer falle
1713 2351 2742 2412 tet, aber von seiner, um so viele Jahre jüngeren
1577 2359 1702 2420 verhe
389 2376 1562 2435 verwirrten und entfesselten Ich in solchen Augenblicken,
2746 2386 3112 2456 Mannes, ein net
1706 2375 2739 2453 nit der ihn ein glühend=sinnliches Band zu verbinden
1585 2408 1698 2471 Fra¬
730 2421 1565 2477 bezeichnend für Schnitzler, mit ärztlicher
394 2428 725 2489 wird hier, so
2759 2435 3009 2499 mächtig an.
1727 2437 2742 2498 halb geschieden lebt, daß er sein Vermögen in eine
1577 2453 1678 2521 sche
394 2463 1567 2527 Exaktheit der Beobachtung und zugleich dichterisch tiefem
2853 2478 3108 2544 Natürlich sch
1719 2497 2744 2553 e umgewandelt hat und daß diese im übrigen äußerst
1578 2500 1659 2562 Le
395 2506 1567 2566 Erfassen gezeigt. Es gibt eine Literatur über den Spielteufel
2757 2528 3104 2590 aber sie kommen
1716 2537 2691 2594 stüchtige Frau die Geldverwaltung allein besorgt.
1577 2545 1654 2608 g
399 2558 1574 2606 in seinen mannigfaltigsten Gestalten und Wandlungen, von
2756 2574 3102 2640 es ihm auf dem 2
1712 2580 2746 2646 illi sucht sie auf, er ahnt bereits, daß es die nämliche
396 2603 1575 2665 jenem innigen Drama des indischen Fürsten, der seine Frau
2756 2623 3107 2687 ein Gegenspiel er
1687 2634 2746 2703 dine Lebus ist, mit der er, da sie noch nicht Geschäfts¬
405 2643 1568 2712 verspielte, bis zu Gogols „Spielerkomödie“, zu Dostojewski,
2762 2667 3110 2731 Dämmer, warum
1679 2687 2746 2738 hefrau war, einmal eine heiße Nacht durchlebt hat.
406 2695 1573 2758 der von dieser Leidenschaft so brünstig besessen war, sie in den
2750 2716 3098 2784 Leutnant, gegend
1686 2722 2743 2789 sie ist es wirklich, die Poldi. Aber wie hat sie sich ge¬
411 2762 1579 2818 „Spielern“ so wahr gezeichnet hat, bis zu Molnar, der die
2758 2760 3087 2824 alles, was ihm
1649 2770 2741 2832 delt! Noch immer von jugendlich=sinnlichem Reiz, ist sie
410 2786 1572 2847 nächtlichen Spielrunden in den ungarischen Schlössern bei
2760 2810 2983 2884 genommen.
1647 2813 2747 2880 #i von nüchternster Geschäftsberechnung. Wer das
404 2834 1582 2893 dem Schinimer der Kerzen so packend geschildert und Stefan
2842 2848 3102 2914 Dies ist Sch
1628 2870 2749 2929 turell wienerischer Frauen kennt, weiß, wie glücklich
407 2878 1575 2956 Zweigs „Vierundzwanzig Stunden aus dem Leben einer
2763 2901 3111 2966 einherschreitend, i
2080 2908 2749 2974 daß sinnliche Innigkeit sich mit
1614 2917 2082 2977 ese Gestalt erfaßt ist,
407 2925 1565 2992 Frau — Schnitzler hat durch sein „Spiel im Morgengrauen“
2759 2947 3105 3016 dramatischen Spitz
2612 2960 2664 2998 800
1602 2958 2623 3019 ühlem Lebenssinn so oft bei der Wienerin verbindet.
404 2973 1478 3046 diese Literatur um ein bedeutsames Kapitel bereichert.
2756 2992 3117 3064 von düsterer Glut
1681 2992 2745 3051 Sie erkennt ihren Geliebten der einen Nacht sofort, nimmt
494 3015 1570 3094 Die Karten haben den Spieler enttäuscht. Bleich
2760 3043 3082 3117 wie „Fräulein
1576 3042 2739 3127 sachlich sein Anliegen, ihm die verspielten 11.000 Gulden vorzu¬
404 3073 1570 3135 dämmert der Morgen herauf. Was wird ihm dieser Morgen
1575 3084 3029 3184 strecken, entgegen und verspricht, ihm am Abend selbst Bescheid! Form. .
413 3128 634 3206 bringen 2
