3296 4320
842 -3 1456 108 Mordendrauen
712 -4 793 106 11
1573 -4 1989 138 box 6/1
241 22 1462 160 34. Spiel  deauen
876 585 2872 734 entbehrt, wie der Ganze, stärkerer Schuenlungen. Dau Schön¬
870 742 2940 876 ste stcht vielleicht zwäschen den Vörtern, in Verschwlegenen,
874 840 2806 965 wie oft bei Rudolf d. Binding und beim Grafen Eduard von
873 942 2887 1110 Keyserling, vie, als nonentlicher Gestaltungsfektor, neuer¬
870 1038 1779 1180 dings bei Alfred Neumenn.
1658 1100 2856 1288 Es ist sehr hübsch, dass Hans Heid
878 1256 2795 1386 den Einbandentwurf dieses n Spiels im Morgengrauen 1 in
870 1380 2756 1484 Greu gezeichnet hat denn es ist ein Spiel in Grau, mit
873 1508 2851 1628 ein paar schmucken, charmanten, nicht scharf und doch warm
875 1580 2855 1748 leuchtenden Ferflecken darin. Es ist reizvoll, dass er mit
874 1699 2361 1833 spitzer Feder zeichnete, vie der Verfasser.
1660 1805 2899 1981 Es ist auch begrüssensuert, dess der
883 1940 2820 2053 Verlag 3. Fischer den Druck von C. d. Röder, Leipzig, in
868 2049 2867 2187 Teiner zierlicher Schrift besorgen 14ess, nie es sich für
881 2165 2064 2283 so ein Stück Wiener Kultur gehört.
