3204 4384
294 124 791 193 ARTHUR SCHMITZLER
594 175 720 219 ##l.
172 177 899 308 Irony Features
178 323 911 419 Vioid Frlängte
181 396 893 523 By Schnitzler
185 548 897 638 Author Expands Original
203 602 891 683 Eight Page Story Into Intri¬
221 669 868 742 guing 200 Page Novelette
191 741 908 811 DAYBREAK—Bu Arthur Schnitzler.
211 793 906 849 New York: Simon & Schuster. 81.50
344 862 766 926 By WALKER LONG
223 905 896 964 Thirty-five years ago Daybreak,“
185 958 899 1005 appeared as an eight-page short story.
194 988 898 1040 After nearly two score years in Arthur
194 1029 908 1096 Schnitzler’s file it is again presented
195 1062 908 1111 to the public, but this time it is a
204 1107 867 1159 novelette, some 200 pages in length.
231 1142 910 1195 Although the author reworked this
191 1182 914 1235 story, it shows the unmisakable im¬
200 1217 894 1261 print of his early methods—those em¬
196 1257 680 1308 ployed in Bertha Garlan.
235 1281 904 1354 He is back in his old form again.
209 1320 907 1378 There is none of the hysteria that
195 1365 909 1421 characterized Fraulein Else,“ none of
205 1408 916 1458 the sentimental vagueness that set
215 1437 905 1498 Rhapsody“ apart from his other
194 1484 919 1534 short works. It is brief, swift-moving
186 1513 920 1579 story with event after event bring the
207 1561 917 1604 plot to an inexorable close. Herr
203 1586 919 1646 Selmitzler again attains the heights
213 1632 271 1673 wir
458 1631 904 1685 lade his works so popu¬
488 1668 901 1723 tinent and in Amreica'
491 1710 901 1761 illiain Kasda is an of
494 1747 900 1799 Iy modest means, wite
487 1783 902 1834 aintain a respectable
476 1819 903 1876 ese society and still no
755 1858 905 1915 himsel.
520 1857 719 1912 By denyin
494 1891 888 1948 rationing eigarette
466 1938 898 1984 1e is able to indulge ir
426 1971 918 2036 ial game of poker witl
391 2007 669 2059 a nearby spa.
385 2036 908 2099 hen Willie believes his feet
372 2088 908 2133 olid financial ground again.
411 2125 616 2172 ficer, who
622 2124 917 2173 ambling forced
205 2128 265 2171 A 1
214 2163 285 2206 fror
500 2164 919 2214 seeks his ald. This
202 2197 298 2246 frien
408 2202 905 2251 d he was not a vrey Close
205 2235 910 2285 friend at thatt-asks Willie for the
208 2267 912 2323 loau of an almost fabulous sum to
197 2312 910 2356 make up a shortage in his acconnts.
210 2353 908 2414 Willie exhausts all possible sources of
208 2397 895 2439 a loan for his friend. He finally de¬
181 2429 903 2473 eides on gambling with his own
187 2461 455 2516 mengr funds
245 2504 901 2547 Willie plays cards in the same reck¬
166 2540 421 2597 less manner
475 2543 903 2589 at hurled Fraulein Else
196 2580 388 2624 into hyste
502 2581 907 2627 hat impelled Beatrice
191 2616 904 2664 to deceive hier son with his friend.
203 2657 909 2711 Willie wins and wins. He seems to be
183 2692 714 2744 the man who cannot lose.
231 2715 905 2766 There are winnings enough to save
259 2767 900 2813 friend; his original stake is safe
278 2800 910 2854 his breast pocket and he has
260 2845 899 2884 ugh besides to insure him of un¬
243 2879 894 2919 emed of luxuries for montha to
225 2912 907 2972 ome. Then fate steps in. Willic
195 2956 898 3005 misses his train because the Consul's
186 2991 903 3053 cabby is too slow. He returns to the
184 3027 900 3087 game and the cash comes—and the
184 3067 904 3112 awakening! Willie is stunned by the
176 3102 915 3154 amazing stut he has lost to the Con¬
178 3139 899 3197 aul, who insists on the dept of honor
172 3180 905 3226 heing paid within twenty-four Hours,
186 3219 903 3281 an the code of an officer and gentle¬
195 3256 510 3310 nen prescribes.
228 3273 902 3345 Willie determines to pay, that is i!
179 3312 907 3384 he can beg, borrow or steal the moncy.
181 3371 898 3411 He goes to his uncle, who recently dis¬
190 3402 892 3463 continued his allowance. There he
185 3437 898 3490 makes a strange discovery. His uncle
183 3483 905 3536 is married to a woman Willie had once
161 3514 897 3565 spurned. He finds her but she re¬
173 3553 901 3609 fuses to give him the money. Later
186 3591 897 3650 after a night together she plays the
179 3635 900 3691 same trick on him he had played on
172 3669 905 3721 her. Then after Willie meets his
175 3703 906 3774 doom the uncle appears with the
174 3748 883 3788 money. It is tragic, almost melodra¬
176 3797 890 3834 mätic, but the subtie irony of Horr
181 3818 909 3887 Schnitzler makes it an intriguing
183 3861 324 3922 story.
1045 125 1226 208 34
1312 119 1534 190 biel
1663 130 2255 191 Morgengrauen
1226 175 2279 222 12 A. en en  ee e e erere dr e ee ir be erenenenennene
1467 477 2032 566 ###rsch (#c Onsenurn
1527 530 1964 622 Jandary 22. 1928
1432 704 2075 793 Sierehernt Sreht
1404 856 1469 922 *
1455 856 2108 963 LiTElan MEint
1407 1008 2111 1088 Novelette With Setting In
1445 1055 2052 1141 Vienna Done in Schnit¬
1543 1115 1960 1199 zler’s Best Style
1405 1194 2110 1269 DAYBREAK By Arthur Schnitzler.
1451 1235 2090 1293 Translated from the German by
1445 1282 2096 1345 William A. Drake. New York:
1432 1319 1915 1379 Simon & Schusten 1.50.
1443 1363 2106 1424 TDAyBrenk, a novelette or long
1403 1392 2099 1460 short story, brings out that fine liter¬
1400 1441 2090 1487 ary craftsmanship of the author
1395 1479 2087 1526 #rich was not so apparent in“ Rhap¬
1404 1519 2095 1567 sody,? his previous book The set¬
1403 1541 2093 1613 ting is Vienna of somo years ago,
1401 1582 2107 1643 Judging by his references to car¬
1405 1631 2096 1677 riages und horse-cars. Schnitzler
1403 1659 2092 1716 has ever made Vienna à city of grace
1397 1707 2091 1754 and beauty, of sparkle and gaiety,
1406 1741 2099 1799 with a suggestion of Paris to lighten
1403 1785 2097 1833 the heavy German atmosphere. His
1407 1818 2093 1873 storics of his beloved city aro real¬
1407 1850 2097 1905 istic, even grim, with oft-times a
1399 1894 2113 1946 haunting tragedy. but they are never
1406 1934 2106 2006 sordid. In his est story one fig¬
1411 1972 2096 2030 ure is presemin. ut—Willi Kasda. a
1410 2000 2096 2056 youngf army oflicer, amiable, pre¬
1406 2052 2094 2098 sentable in appearance, but frivolous
1409 2084 2097 2154 and absurdly valn, with a decided
1413 2117 1857 2179 dair for a pretty face
1435 2157 2116 2218 Tho story opens a tdaybreak one
1405 2212 2091 2261 Sunday morning when Willi is nwak¬
1406 2251 2115 2316 ned by a former comrade whom ho
1411 2289 2099 2338 las known only casually. Bogner
1413 2325 2098 2377 ias come tolask the loan of 1,000
1414 2362 2113 2413 ulden, having misappropriated funds
1416 2403 2094 2457 n his keeping, and being in immi:
1418 2436 2110 2487 ient danger of detection. Willi has
1412 2479 2113 2537 10 money, and is at outi with his
1415 2508 2101 2556 ich uncle, but he agrees# to try bis
1421 2542 2117 2594 uck at cards that evening and hand
1415 2592 2086 2643 er his possible winnings of Bog¬
1418 2621 2124 2682 ler. He wins the required amount.)
1412 2665 2134 2714 ut stopping for a flirtationonbisl
1413 2696 2106 2765 vay to the station, he wisses bis
1419 2737 2101 2793 rain to Vienna and is forced to¬
1419 2783 2066 2831 pend the night at the gambling
1416 2816 2108 2878 ort. To relieve the tedium of gelie
1415 2846 2100 2923 wening, he wanders aimlessly back
1414 2888 2100 2941 o the gaming tables, wins and loses:
1414 2933 2092 2984 n rapid succession, until, exeitement
1414 2966 2089 3011 overcoming him, be plays for Inger
1412 2999 2092 3062 and larger stakes and finds himself
1409 3031 2097 3102 11,000 gulden in debt to a certain.
1402 3077 2097 3131 Consul Schnabel. Matters are not
1405 3113 2103 3173 helped by the Conzul's declaration
1404 3157 2093 3226 that he must have the moncy by
1411 3192 1546 3241 noof.
1433 3224 2110 3298 Going back to the city Willi in
1408 3260 2091 3327 desperation sceks bis uncle, but the
1406 3306 2102 3378 uncle has just married and put bis
1403 3352 2107 3415 money into bis wife's business. Willi
1405 3389 2097 3443 then turns to the bride for help. to
1403 3417 2090 3485 find she is a former mistress of bis
1405 3470 2091 3529 whom he had lightly discardel some
1400 3498 1703 3555 years before.
1713 3506 2089 3561 Leopoldine docsn't
1401 3536 2095 3595 give him the money, but ehe does
1411 3576 1586 3629 promise
1627 3579 2092 3634 visit him that evening.
1417 3609 2095 3679 When sl arrives she offers herseif
1406 3645 1634 3700 instead
1648 3655 2097 3710 the hoped-for money.
1397 3692 2099 3745 Leaving at dawn, she carelessly tosses
1413 3732 2098 3788 him a banknote of 1,000 gulden.
1408 3759 2091 3817 Humiliated and despairing, knowing
1401 3807 2093 3865 the consul will not accept thin small
1403 3843 2092 3902 sum, he sends tho money to Bogner
1409 3876 2103 3939 and shoots himself. Mediocre in
1411 3927 2103 3976 every respest hs as no resource with¬
1418 3955 2099 4028 in himself or ithout, to extrieate
1406 3992 2093 4068 Nimnself from the tangle of ciraum¬
1406 4055 2116 4125 stances. He has nothing but bis
1409 4091 2078 4154 honor as an officer, and that de¬
2406 122 2786 207 box 6/1
