3204 4384
543 100 1005 182 im Morden
1042 120 1289 183 rauen
80 110 1287 221 34. Spiel
790 1393 1144 1524 FUSIEW OF
714 1487 1012 1589 FEBATURE
789 1564 970 1679 Doel.
679 1696 1173 1805 VöGr à1927
400 1776 1155 1837 Another group of foreign novels that
354 1819 1164 1883 einbraces some of the authors most familiar
363 1865 1156 1927 to American readers is composed of Arthur
353 1911 1153 1956 Schnitzler’s Daybreak' (Simon & Schus¬
358 1939 1148 2013 ter), Franz Werrer““ The-Man Who Con¬
352 1982 1158 2041 quered Death“ (Simon & Schuster); Paul
359 2041 1157 2093 Morand’s Nothing But the Earth' (Duf¬
355 2076 1155 2132 field), Selma Lagerlöf’s fineCharlotte
353 2112 1148 2178 Löwenskold' (Doubleday, Page), Vicente
357 2163 1158 2218 Blasco Ibanez's“ The Mob* (Dutton), and
351 2198 1150 2261 Stefan Zweig's“Conflicts' (Viking), a set
358 2237 1160 2314 of ihree long short stories, two of which are
358 2285 770 2348 exceedingly powerful.
1447 104 1789 202 box 6/1
2003 103 2738 181 Everything begins from loneliness.
1979 159 2973 226 These utterances will suggest to people of sym¬
1915 214 2989 269 pathy what may be found on almost every page.
1920 271 2796 322 I for one am pleased with what I found.
1967 311 2992 372 Mr. Erskine's views on men and women may
1921 368 2995 421 not be too clear. Like the rest of mankind he
1918 428 3002 473 may have found plucking the heart out of his
1923 465 3000 513 mystery a task about which it was casy to be ironic,
1917 511 2990 573 and hard to be tender. But he has succeeded at
1922 576 2992 633 the hard task as well as at the easy one. There
1920 615 2999 671 is something Chärming in a writer who manages
1931 676 2998 726 to look at th. piece of work that is man witk an
1923 715 3014 792 intelligence and humor that lays no claim to om¬
1915 761 2178 835 niechnce.
2739 785 2893 890 (eta
2091 785 2437 885 □ KC
2033 866 2875 956 Character and Destinv
1918 932 2992 1002 DAYBREAK. By Akrnon Scharrzen. Trans¬
1974 1002 2993 1066 lated from the German by William A. Drake.
1972 1052 2950 1137 New York: Simon & Schuster. 1027. 81.50.
1989 1123 2922 1178 Reviewed by ERNEsr SyrHEkLaNn Barks
2051 1164 2992 1237 NHE literary form half way between the
2101 1227 3003 1284 novel and the short story, called for lack
2041 1287 2997 1357 " of a better term the novelette, has led in
1929 1325 2995 1397 general a curiously unsuccessful life. Theoret¬
1920 1395 2999 1443 ically superior to either of its rivals, possessing the
1925 1429 3008 1498 unity and intensity of the short story—meeting Poe’s
1924 1491 2991 1552 requirement of being able to be read at a single sit¬
1926 1537 2998 1590 ting, —possessing also something of the mass and
1922 1590 2992 1647 momentum of the novel, and particularly adapted,
1922 1632 2998 1706 one would suppose, to the needs of a busy age, it has
1925 1679 3000 1755 nevertheless failed to become widely popular with
1931 1730 2998 1799 either authors or public. The average writer of
1932 1770 3006 1856 fiction scems unable to restrain his loquacity within
1923 1846 3010 1897 less than three hundred pages, while the public takes
1921 1884 3004 1966 its chort stories in the magazines and when it buys
1919 1950 3000 2007 a book wants to be sure that it has received a due
1925 1987 3003 2071 number of words for its money. The worship of
1932 2040 2735 2109 mere size is potent here as elsewhere.
1987 2082 3003 2149 Yet there have been a few writers who have
1934 2133 3004 2207 cherished the novelette according to its deserts—a
1933 2181 3008 2258 James Lane Allen, an Anatole France, a Turgeniev
1939 2242 3016 2320 a Henry James, an Eden Phillpotts, and others
1932 2298 3017 2369 whom one does not recall at the moment. Of all
1934 2334 3028 2424 who have tarried in this realm, however, Arthur
1926 2403 2996 2455 Schnitzler is easily the king. He manages to cre¬
1924 2453 3003 2520 ate a sense of spaciousness within its narrow bounds,
1921 2508 2998 2575 a full-orbed miniature world, while on the other
1928 2541 3001 2624 hand he permits no frayed-edged incident to rcach
1936 2606 3009 2672 out calling for a fuller treatment. If ever that
1925 2642 3011 2709 much abused word “perfection'' be allowable, this
1928 2705 3006 2780 is the place for it. The untransgressed limitations
1934 2744 2679 2824 of the form cease to be limitations.
2003 2800 2999 2872 Daybreak, now attractively presented in Eng¬
1921 2854 2984 2898 lish dress in the same series in which“Rhapsody,
1936 2907 3010 2971 None But the Brave,? and others have appeared,
1927 2971 2994 3023 had its genesis thirty-five years ago as an eight-page
1930 3009 3016 3059 short story. In the meantime both characters and
1925 3059 2999 3115 treatment have matured, enriched with Viennese
1927 3106 3001 3175 subtlety, until the chanciest “Good Morning' is
1927 3161 2995 3229 freighted with significance. It is a stery of gam¬
1924 3209 3006 3262 bling—for money, love, and reputation—pervaded
1931 3262 2995 3318 by a sense of lowering fate. The novice might sup¬
1926 3318 3011 3377 pose for the first few pages that he was resding
1923 3371 2995 3423 an artfully constructed denunciation of this vice—
1922 3426 2992 3480 the gambler’s experiences running so truc to form—.
1932 3458 3005 3539 but soon he would discover that in Schnitzier’s
1931 3511 2999 3588 world chance rules more than the gaming-table.
1932 3572 3008 3635 Character and destiny are inextricably interwoven in
1922 3612 2988 3698 the tale. From the opening words Lieutenant!
1969 3674 3024 3745 .Lieutenant!. .. Lieutenant!?' the hero,
