3484 4256
491 105 853 139 rench producer, wil
446 131 1130 183 other films, Visage. d’Enfanes“
436 177 1153 227 and Greta Garbo’s last ute produc¬
445 216 1154 263 tion, The Kiss,“ has ###ned out a
443 254 1152 302 most compelling talking picture, in
442 302 1159 359 which the leading players are Ra¬
445 340 1147 382 mon Novarro and Helen Chandler.
439 362 1156 436 Throughout this admirable screen
446 418 1154 471 contribution there are scenes set
437 448 1086 513 forth with onsiderable artistry.
548 490 1152 549 this offering, which is now at
463 500 549 561 In
447 538 1157 606 the Capitol, Mr. Novarro plays Willi
441 575 1150 637 Kasda, an Austrian Lieutenant in
440 626 1157 678 the Emperor’s guards. Mr. Novarro
450 665 1164 720 is the only player whose English be¬
447 705 1163 765 trays his foreign birth, but allowing
451 753 1165 802 for that, he gives a pleasingly light
452 780 1163 835 characterization of the impecunions
446 825 1159 869 voung officer, who falls in love with
437 859 1158 909 Laura Taub (Miss Chandler), a mu¬
450 887 1162 949 sic teacher. The sequence in which
438 928 1161 983 Kasda first encounters Laura is
439 963 1148 1007 sketched deftly, and Miss Chandler’s
449 983 1158 1035 performance is far and away the best
438 1027 1156 1069 she has given in motion pictures.
445 1058 1151 1104 Her task is more difficult than that
449 1087 1151 1140 of Mr. Novarro, who is for most of
451 1117 1160 1173 the time a gay young fellow ready
439 1150 1150 1191 to flirt and drink and also to help
435 1183 1152 1236 out a colleague. For be it known
447 1212 1152 1264 that. an officer of the Empeor’s pet
449 1251 1154 1291 regiment must, above all, respect a
450 1274 1144 1314 debt of honor. The only way out if
442 1308 1151 1349 an officer does not see his way clear
441 1342 1152 1390 to meet the debt promptly is to put a
439 1365 1160 1419 bullet through his brain, which one
443 1404 1160 1461 of Kasda’s comrades does in the
441 1437 950 1491 early stages of this tale.
477 1436 1161 1514 So far as Kasda is concerned, he
453 1504 1165 1543 is urged by his uncle, General von
445 1530 1163 1579 Hartz, cleverly acted by C. Aubrey
447 1571 1167 1610 Smith. to marry the daughter of
458 1597 1158 1639 wealthy parents. This, Kasda is op¬
448 1628 1153 1680 posed to, but as his finances are at
456 1669 1153 1717 a very low ebb, he does not see how
458 1694 1155 1742 he can avold it. It is against the
445 1715 1163 1787 regelations of his regiment for an
454 1756 1159 1800 officer to wed a girl in a humble
458 1794 1167 1835 station of life and therefore Kasda’s
454 1829 1163 1887 chances of making Laura his wife
458 1855 711 1908 are remote.
472 1865 1172 1931 In oneof the several interesting
452 1918 1175 1966 sequences, another young officer of
450 1954 1168 2010 the guards finds himself in debt to
451 1983 1159 2024 the tune of 2.000 gulden. He thinks
456 2017 1159 2054 that he will have to kill himself.
462 2052 1156 2092 but Kasda comes to his rescue, first
457 2080 1165 2121 by collecting 300 gulden from the
453 2113 1163 2160 other officers and then by gambling
456 2143 1158 2197 at chemin de fer ard winning the
449 2170 1164 2223 desired sum, plus 400 gulden. Laura’s
455 2211 1157 2266 friend, a coarse individual named
463 2248 995 2297 Schnabel, loses the money.
475 2242 1174 2325 After giving his comrade in arms
451 2308 1172 2352 th 2,000 guldens. Kasda decides to
465 2328 1168 2388 try his luck with the surplus but
465 2370 1171 2417 ##he cards are against him and he
461 2396 1163 2453 leaves the table owing Schnabel
457 2437 1159 2474 14,000 gulden. So Kasda finds him¬
455 2464 1163 2511 self in the same predicament as the
467 2504 1158 2543 comrade he had helped. His avunc¬
459 2532 1167 2571 ular relative, the General, however.
455 2564 1163 2611 comes to his assistance, but first he
464 2594 1166 2641 insists that Kasda marry the wealthy
458 2628 1169 2671 girl. The young officer refuses to do
465 2660 1165 2704 this and the General takes back the
460 2688 1161 2730 money. General von Hartz finally
451 2721 1162 2768 relents and sends the 14,000 gulden
459 2761 1159 2796 to the ignoble Schnabel. And in the
450 2786 1171 2837 end Kasda arranges matters so that
450 2826 905 2863 he can marry Laura.
486 2823 1164 2893 Miss Chandler is particularly good
463 2887 1163 2930 when she as Laura shares a bottle of
462 2912 1160 2958 wine with Kasda. It is her first in¬
455 2948 1167 2992 toxicating drink, and her portrayal
456 2979 1164 3033 of the result is natural and re¬
465 3017 1166 3063 strained. C. Aubrey Smith, looking
458 3047 1161 3094 a fine figure of a man in a general’s
458 3072 1170 3123 uniform, enhances the worth of this
458 3115 1163 3152 film. Jean Hersholt is another
452 3143 1170 3175 actor who senses what is demanded
455 3179 1168 3221 of him in the part of the unpleasant
465 3199 1171 3248 Schnabel. In this röle he often re¬
465 3246 1162 3285 minds one of his impersonations in
456 3273 1165 3318 „ Greed'’ and“ Stella Dallas.“ Schna¬
462 3314 1167 3346 bel is a crafty individual, who, know¬
456 3338 1172 3382 ing that Laura really loves Kasda, is
471 3371 1161 3402 only toc glad when the young officer
453 3394 1163 3457 loses the substantial sum of money
454 3436 652 3482 to him.
502 3441 1168 3515 Clyde Cook is amusing as Kasda’s
652 3486 1173 3532 Jackie Searl, who gave
463 3493 647 3544 orderly.
462 3527 1162 3577 such an excellent account of himself
460 3564 1101 3604 as Sidney in the pieturization
464 3587 1098 3640 Mark Twain's Som Sawyer,“
459 3617 1105 3682 called upon here to appear
456 3654 1161 3700 Laura’s disagreeable pupil, whom
471 3692 1171 3748 Kasda refers to sarcastically as be¬
456 3722 799 3787 ing Ccharming.“
1856 165 2799 219 piel im Morgengrauen
1592 154 2790 257 34. 5 He A
2360 693 2978 774 HEMSTREET
2373 753 2939 823 96 WARREN STREET
2425 805 2915 890 NEW YORK CITY
2490 924 2850 1014 M Y TIME
2614 1016 3000 1118 JUN 7 1931
2195 1192 2904 1257 a debt of honor means to the young
2204 1239 2910 1296 officers of a crack regiment. There
2197 1271 2908 1331 must be no delay in paying the debt.
2193 1318 2916 1375 Next day at noon it is either sup¬
2198 1361 2925 1416 posed to be scratched off the books,
2200 1402 2902 1442 or the debtor must take his own life.
2221 1439 2912 1495 Mr. Novarro may be the önly one
2195 1482 2903 1541 player in this film, which was at
2195 1515 2916 1581 the Capitol, who speaks English
2202 1570 2926 1607 with a foreign accent, but here
2206 1608 2921 1661 it does not detract from the pro¬
2203 1651 2936 1707 duction. His acting is light, amus¬
2198 1693 2914 1748 ing and sympathetic. He is one
2193 1730 2913 1782 of those lieutenants who must not
2193 1774 2917 1828 marry without the permission ofthe
2193 1796 2925 1876 Emperor, who in this case is pre¬
2200 1850 2910 1908 sumed to be the late Francis Joseph
2196 1895 2915 1955 of Austria. Willi Kasda (Mr. No¬
2197 1940 2917 1993 varro) becomes enamored of the
2187 1961 2914 2031 humble Laura Taub, a music teacher,
2192 2020 2920 2078 and after meeting her he has no de¬
2192 2061 2915 2117 sire to marry an eligible daughter
2197 2106 2921 2148 of wealthy parents, as his uncle,
2202 2145 2916 2195 General von Hartz, wishes him to do.
2347 2179 2756 2241 Amusing Glimpses.
2213 2211 2903 2283 Lieutenant Kasda reveals his per¬
2201 2269 2904 2325 sistence when he first encounters
2206 2307 2915 2364 the pretty Laura. His antics are
2193 2352 2907 2403 probably more suited to comic opera
2192 2396 2913 2455 than to a drama, but they are never¬
2201 2431 2919 2490 theless agreeably amusing. And
2201 2465 2910 2531 when Kasda takes Laura to a place
2206 2513 2917 2574 where they imbibe wine, there is
1723 2550 1993 2618 Daybreak.“
2195 2534 2907 2619 excellent acting by both Mr. Novarro
2205 2598 2910 2663 and Miss Chandler, the latter being
1586 2608 2203 2678 RTHUR SCHNITZLER’S novel,
2217 2635 2909 2690 exceptionally impressive when Laura
1518 2640 2195 2728 A Daybreak.“ may have lost
2221 2681 2920 2747 is experiencing the first effects of
1605 2691 2206 2763 most of its literary valle and
2222 2719 2679 2775 a glass or two of wine.
1509 2739 2202 2795 its strength in the motion picture
2224 2764 2911 2816 There are some happenings in this
1508 2776 2191 2831 studio operation, but nevertheless
2217 2803 2915 2857 film that are more than slightly
1504 2825 2206 2875 the producers have turned out a neat
2211 2845 2907 2902 vague, owing to the fear ofthe cen¬
1500 2856 2194 2917 though tranquil entertainment, with
2212 2888 2913 2936 sorial frown, but the idea is there,
1510 2897 2207 2968 especially good performances by
2215 2924 2890 2981 and one appreciates what is meant.
1510 2948 2201 3002 Helen Chandler, Ramon Novarro, C.
2223 2964 2913 3021 General von Hartz believes that he
1509 2984 2197 3045 Aubrey Smith and Jean Hersholt.
2209 3011 2909 3066 has captured his scapegoat nephew
1498 3031 2185 3078 It is an admirably directed film, hav¬
2215 3051 2915 3091 for the daughter of the élite when
1506 3078 2187 3129 Ing been supervised by Jacques Fey¬
2201 3090 2918 3149 Kasda is almost ready to put a bullet
1504 3109 2186 3177 der, the eminent French difector
2213 3133 2915 3190 through his brain because he owes an
1514 3150 2189 3207 who, if he has anything like à pass¬
2209 3170 2911 3226 objectionable fellow, named Schnabel,
1504 3199 2188 3244 able story, makes the most of it. His
2220 3211 2913 3273 14,000 gulden. The General hands
1509 3238 2201 3293 scenes always reveal studious care
2213 3255 2912 3316 Kasda the 14,000 gulden to pay the.
1509 3268 2200 3325 linked with a fertile imagination, at¬
2212 3294 2906 3353 debt, saying that if it happened to
1505 3321 2192 3379 tributes that are likely to make al¬
2214 3336 2917 3402 be 15,000 he could not have given
1511 3364 2208 3415 most any narrative worth while. He
2207 3373 2913 3423 it to him. Then the old man makes
1510 3399 2197 3453 fuses his work with vitality, never
2214 3423 2908 3465 a point of Kasda’s marriage to the
1507 3440 2200 3498 hastening over a scene where there
2204 3462 2915 3516 desired young woman, but Kasda is
1508 3484 2192 3534 is a chance for humor or interesting
2211 3510 2912 3553 so determined that his uncle picks
1514 3516 1663 3572 det ail.
2210 3544 2916 3596 up the money and puts it back in his
1540 3567 2189 3628 This story is concerned with what
2205 3582 2903 3638 wallet. A few minutes later the
2213 3623 2904 3683 emissaries of the officers’ mess, who
2204 3668 2906 3720 wish to know whether Kasda’s debt
2188 3704 2907 3765 to Schnabel has been satisfied, ap¬
2197 3730 2903 3806 pear at the door and the good Gen¬
2192 3789 2900 3842 eral takes out the money again, puts
2187 3830 2906 3896 it in an envelope and has it trans¬
2196 3871 2850 3928 mitted to the unworthy creditor.
2229 3908 2916 3965 Kasda realizes that he loves Laura,
2196 3947 2898 4008 despite the fact that she has dis¬
2191 3991 2903 4049 Igraced herself with Schnabel. There
2192 4029 2899 4087 is no way to make her his wife so
2203 4071 2921 4134 long as he is an officer of the Em¬
2199 4118 2906 4164 peror’s guards. Therefore he decides
2949 147 3307 235 box 6/1
