3484 4256
479 233 1476 298 Spiel im MorgenFrauen
252 238 1477 343 34. S. e
445 606 1065 704 HEMSTREET
469 663 1046 754 96 WARREN STREET
533 718 1021 824 NEW VOI.K CITY
791 864 1026 948 JUN
999 885 1508 972 3—
312 942 1699 1112 The New Films : Thornton Delehanty
308 1138 1698 1209 Daybreak“ and The Luwyer’s Secret’’—Russia’s Five-Vear
714 1188 1256 1278 Plan in Picture Form
312 1273 1713 1375 170U would hardly recognize Arthur Schnitzler in the movie version of
408 1335 1717 1409 bis mordänt novel, Daybreak,“ which is showing this week at the
318 1388 1710 1448 apitol. But, then, of course, it’s just as well, for an unadulterated Dr.
318 1438 1720 1494 chnitzler on the screen would send the average miovie audience into a
309 1478 719 1554 pasm of revulsien.
382 1538 1728 1594 Knowing hands and loving care have seen to it that all the so-called
325 1574 1712 1632 bjectionable Teatures of the original Schnitzler book were carefully
322 1615 1723 1678 runed in the process of transcribing it to the screen, And with these
305 1672 1718 1724 leletions have gonc thavitality of.thedrama, the intensity of its romance
317 1719 1112 1780 ad the entire Viennese spirit, leaving? .
321 1762 1012 1813 amon Novarro and Helen Chandle¬
317 1797 1012 1857 reprodube as faithfully as they can
324 1844 1030 1889 fairly banal rornance against a set¬
317 1878 1025 1935 ing which, judging from a huge por¬
314 1930 1021 1982 rait of Franz Josef and a few Blue
308 1958 1025 2027 Janube waltzes from a beer garden
302 2002 1029 2075 #rchestra, has something to do with
309 2047 643 2110 re-war Vienna.
333 2101 1020 2149 In spite of this enfeeblernent of the
303 2146 1025 2200 story Daybreak“ has its occasional
295 2187 1026 2243 bursts of rumance, Humor and sus¬
304 2225 1025 2286 pense. Lamon Novarro manages to be
305 2274 1025 2327 debonalr and effervescent in the proper
304 2309 1021 2368 Continental manner, and Helen Chand¬
306 2356 1021 2400 ler, in spite of her occasional lapses into
301 2394 1035 2449 a stony inanimation, projecte a mild
288 2427 1030 2497 sense of her tragedy. Mr. Novarro has
283 2479 1027 2535 Sto work terrloly hard to overcome the
293 2520 1028 2577 inanities of the various young officers
293 2560 1020 2617 who, collectively, are supposed to rep¬
293 2605 1024 2665 resent the spirit of the Austrian army.
293 2644 1025 2700 Their insouclant gayeties and barrack
304 2687 1016 2745 room pranks are carrled off in a man¬
305 2725 1029 2783 ner suggestive of Commencement Day
300 2777 1040 2828 at the Virginia Military Institute. And
315 2813 1035 2878 it’s pretty-hard to connect that up with
315 2849 493 2910 Vienna.
341 2886 1045 2957 The story details the events which
290 2924 1038 2988 follow on a lieutenant’s seduction of
319 2992 1036 3047 a goung and innocent musie teacher.
304 3020 1046 3085 An ingratiating and light-hearted
306 3059 1032 3124 bounder, Lieutenant Willl, woos the
309 3099 1034 3158 girl and having won her brings her to
313 3152 1030 3205 Ishame and degradation by an attitude
313 3189 1036 3259 that is offenslvely commercial. She
315 3229 1038 3292 #ecomes, in jeffect, an adventuress,
301 3266 1038 3337 vengefully plotting the day when she
311 3305 1032 3384 can turn the tables on Willi. Her op¬
309 3355 1028 3421 portunity arrives, but by that time
315 3400 1041 3456 Willi has truly fallen in love with her.
311 3447 1038 3505 Plunged in debt, Willi is headed toward
326 3475 1048 3544 the orly way out for an officer and
311 3528 1035 3583 PFentleman, which is suicide. Fortun¬
321 3572 1034 3626 Tately, a rich uncle comes to the rescue
322 3603 1039 3660 (Hollywood’s version of Schnitzler) and
328 3653 1049 3720 all ends happily when Willi claims his
320 3692 446 3769 girl.
1610 230 1986 316 box 6/1
2300 901 2972 986 V Y Herald-Tribune
2535 994 2932 1078 JUN ] 1931
2096 1076 2650 1156 By Marguerite Tarelaar
2126 1136 2627 1211 Daybreak'—Capitol
2071 1188 2734 1232 Daybreak, screen drama adapted from
2018 1217 2740 1252 the novel by Dr. Annur Schnitzler, directed
2034 1253 2730 1290 by Jacques Feyder and presented by M#tro¬
2011 1274 2661 1318 Ge dwyn-Mayer with the following cast:
2029 1287 2726 1337 Willi Ramon Novarro
2024 1323 2720 1372 Laura Helen Chandler
2012 1345 2717 1391 Herl Schnabel Jean Hersholt
2008 1377 2719 1422 General von Hartz. C. Aubrey Smith
2239 1404 2707 1449 William Bakewell
2050 1411 2154 1447 Otto
2048 1413 2706 1462 Emily Kessner. Karen Morley
2036 1453 2715 1498 Von Lear Kent Donglas
2022 1479 2713 1521 Franz Gienn Tryon
2016 1507 2715 1543 Josef Clyde Cook
2017 1530 2704 1570 Emil Sumner Getchel
2016 1558 2700 1604 Frau Hoffman  lara Blandich
2022 1582 2718 1630 Herr Hoffman Edwin Maxwell
2016 1607 2719 1647 August Jackie Searle
2048 1636 2720 1685 If you (an disregard the heavy
2025 1660 2732 1722 crockery of the plot in the picture en¬
2024 1703 2724 1751 tertainment at the Capitol this week,
2011 1733 2727 1783 you will have a dellghtful eclair to
2024 1769 2726 1812 munch. As it is, you probably will
2011 1798 2728 1840 enjoy Daybreak“ for Ramon Novarro’s
2022 1829 2735 1875 Humorous performance. and the deft
2021 1859 2724 1910 touches in direction. How deft those
2021 1891 2724 1949 touches are you wil lappreciate, if you
2022 1931 2733 1974 are a film fan, when it is added that
2011 1959 2724 2015 M. Feyder was the director. He is the#
2012 1991 2725 2039 Frenchman who made the beautiful
2014 2028 2631 2076 screen study, Faces of Children.
2066 2035 2727 2102 The story os the present film is not
2017 2083 2730 2143 convincing; it is, in fact, far-fetched
2013 2124 2716 2166 and artificial, but its telling involves
2026 2158 2722 2209 so much charm and light comedy,
2032 2194 2724 2231 Imaginitively concelved, that the
2552 2207 2730 2260 d forgot¬
2030 2223 2543 2269 heavy-footed plot was inde
2370 2241 2737 2292 ns a motif of lyrical
2031 2256 2173 2303 ten. M
2391 2286 2735 2344 s play like a theme
2574 2331 2731 2398 fcers in
2582 2383 2727 2427 nd gay.
2630 2415 2733 2455 that
2641 2444 2724 2490 ven¬
2652 3402 2729 3440 acks
2644 3436 2726 3517 Gon
2029 3474 2093 3511 e8
2030 3505 2142 3550 out 1
2629 3530 2733 3587 , the
2061 3540 2164 3587 He t
2612 3578 2738 3617 isited,
2033 3574 2206 3618 first win
2026 3609 2743 3656 shows her the silvery beauty of the
2026 3635 2746 3689 moonlight as they sit at the river’s
2027 3676 2735 3716 edge, and at dawn drives her home over
2029 3689 2744 3750 the cobblestones in an open hack. This
2037 3738 2747 3781 is the beginning of love and lif for
2029 3771 2741 3821 her. But it ends almost as quichiy as
2023 3796 2747 3857 it started when she discovers he has
2023 3844 2742 3898 left on the breakfast table a note for
2032 3880 2464 3920 a large sum of money.
2063 3899 2762 3962 Feeling that her world has crumbled
2038 3933 2744 3988 she decides to turn the tables and re¬
2035 3964 2748 4015 turn this insult a hundred fold. Willi
2032 3993 2746 4057 aliscovers the blunder too late and dis¬
2032 4036 2738 4079 covers. too, that he loves this girl. The
2033 4068 2741 4120 rest of the picture works out the con¬
2035 4106 2738 4148 flict between these two, a conflict
2036 4133 2737 4178 which, of course, rights itself in the
2039 4171 2743 4211 final scene with a happy reconciliation
2042 4203 2652 4242 and the promise of a rosy kuture.
