3204 4384
210 42 705 115 enhuete, neder. dies e
248 88 1288 141 Wat daartusschen gebeurd is, had tragisch kunnen
209 128 1276 182 zijn, indien een ander het verteld had. Obstfelder,
206 171 1278 230 dien u zich niet herinnert, maar die in Het Kruis
203 216 1278 262 #een vertwijfeld boekje geschreven beeft, dat vergetel¬
213 243 1277 304 heid niet doodt, zeu u na deze acht-en-veertig nur
203 263 1294 352 gebroken, doorwond verlaten hebben. Maar Schnitzler
216 306 1314 373 breekt niet, wondt niet: hij kijkt maar en vertelt pre¬
205 344 2360 434 eies wat hij ziet. Vertelt het alsof het hem noch n Puit kon brengen — als vragend:Is toch niet te
1279 406 2351 455 weinig! Wat had je dan eigenlijk verwacht? Dul¬
200 415 1278 487 jets aanging, wat daar gebeurde. Gaat het ons iets
1270 444 2348 507 zend gulden! — Van jon heb ik er toen maur tien
204 452 1271 508 aan! Het ziin immers maar menschen. Misschien heh¬
1274 467 2352 540 gehad, weet je nog?““ Hij deed cen paar stappen naar
203 489 1273 543 ben zij gedacht, gewild, berouwd. Maar misschien 18
1279 521 2346 569 haar toe. Leopoldine bleef rustig aan de deur staan.
199 533 1274 603 het heelemaal „zoo geloopen“. Voorbij alle bewust¬
1271 559 2353 597 Nu greep hij met een brunske beweging naar het!
196 575 962 652 heid, onberaamd en onherstelbaar.
1281 591 2345 643 bankbiliet, frommelde het ineen, zijn vingers trilden.
232 591 1270 657 Ja. als we dat wisten: als die menschen, als dat mom
1272 630 2350 696 het leek dat hij haar het geld voor de voeten zou
199 648 1275 704 kunner gedaanten was gaan leven, doorgebrand was
1277 660 2355 724 werpen. Toen liet ze de deurknop los, kwam naar
201 686 1276 740 door de bewogenheden der ziel, ja dan...... Dan had
1277 705 2360 767 hem toe, bleef oog in oog met hem staan. „ „Het is geen
201 730 1273 782 er nog van allerlei kunnen gebeuren, al naar mate de
1282 741 2355 795 verwijt'“, zeide zij. „ „Er kwam mij tocn ook niet
197 759 1272 832 schildering naiever of verdiepter ware geweest. God
1278 782 2347 831 meer toe. Tien gulden — was immers genoeg, te veel
208 797 1275 864 was in ons wakker geworden an zou gericht hebben
1277 820 2350 868 zelfs.“* En het oog nog dieper in het zijne: „„Om
201 838 1266 885 over goed en kwaad, toen de dingen nog eenvondig
1276 859 2354 910 nauwkeurig te zijn, preeies tien gulden teveel.“ Iij
200 878 1278 938 sehenen — onzo zelfverheffing. Maar tocn de waar¬
1277 898 2355 947 keek haar strak aan, sloeg de oogen neer. begon te
206 908 1281 970 beid verwikkelder, mülder werd, kwam ecn weeé
1272 921 2360 991 begrijpen. „„Dat kon ik niet weten.““ kwam het
204 955 1271 1019 smaak op onze lippen, het bloedend besef van ge¬
1900 969 2351 1035 „Toch wel““, ant¬
1280 986 1855 1025 toonlocs van zijn lippen.
2136 1004 2226 1047 „
201 999 972 1052 meene schuld — de zelfvernedering.
1286 1022 2163 1066 woordde zij.200 moeiljjk was het niet.“
238 1024 1278 1081 Niets van dat alles. Alle dingen in Schnitzler’s ver¬
1315 1030 2358 1101 Was er geen zachte liefde vóör geweest en die
194 1075 1285 1132 haal bewaren angstvallig den „buitenschijn“, Dat deen
1278 1078 2350 1142 nacht het begeerig lustspel van haar verjaarde wraak?
201 1103 1279 1180 zij zelfs in Fräulein Else, die schljubare belijdenis
1273 1125 2353 1184 Of doorwondde zij zichzelf met het ploegend
197 1140 1270 1213 der ziel. Daar ook doorbreekt de ziel nict opper¬
1280 1161 2360 1218 bewustziin, dat zij, die wilde ziin „van niemand af¬
196 1179 1270 1239 machtig en klaar de dubbelzinnige lichameljjkheid.
1275 1206 2350 1259 hankelijk. als — een man“, zwak en klein in hare
194 1208 1280 1271 Het is de haast speelsche beschrijving — want
1277 1249 2349 1296 liefde zich toch weer gelaten had aan dien nóóit
201 1259 1277 1308 Sehnitzler wéét oorzaak en doeh — van het stum¬
1276 1272 2351 1331 begrijpenden man? Men verwachte van Schnitzler
200 1295 1275 1361 perig, armzalig tasten van buiten af naar dat geheim¬
1278 1314 2358 1376 daar geen antwoord op. Zijn problemen zisn niet
195 1331 1273 1396 zinnige, onnitsprekelijke ding, dat de ziel is, zonder
1280 1349 2358 1394 van psychologischen, maar van mathematischen
192 1372 1280 1433 déör-tastendheid. En als het verhaal uit is, weet
1275 1385 2350 1442 aard: mathematisch zuiver lost hij het psychologische
204 1411 1271 1467 men niet: was het de paradox harer kuischheid, die
1275 1429 2356 1482 probleem in de reactie op. Hoe! Dat is het geheim
191 1445 1274 1502 voor aller oogen den mantel van haar naakte leden
1277 1469 2349 1518 der ziel. „Hoe hij zich er ook tegen verzette, begon
198 1487 1271 1530 vallen liet; toch demi-vierge? Men heeft alleen maar
1276 1508 2351 1567 hij in het diepst van ziin ziel ecn verborgen en toch
190 1530 1273 1580 aandachtig geschonwd naar de stroomlisnen van cen
1281 1546 2350 1592 onontkoombare gerechtigheid te speuren, die, voor¬
192 1566 1272 1616 dier versnellingen van het lot (vooral niet tragisch:
1277 1584 2354 1633 bij het armzalig avontuur, waarin hij gestrikt was,
190 1599 1271 1676 hef is maar een woord), waarin cen mensch
1274 1620 2349 1677 in ziin binnenst wezen greep.? Maar dat woord ge¬
187 1644 1275 1705 ondergaat. En wie zich ten volle rekenschap geeft van
1271 1668 2359 1712 Prechtigheid is van luitenant Kasda, niet van Sehnitz¬
191 1681 1276 1732 datgene wat hem in Schnitzler’s verhalen boeit, wéét
1278 1692 2358 1749 ler. Wat Kasda als gerechtigheid ervaart aan zich¬
193 1713 1281 1776 dat het niet het verhael, maar deze onverzettelijkbeid
1284 1725 2356 1795 zeif, — was de strenge liefde van dit woord
198 1754 1274 1820 van het gebeuren, deze physische geometrie, is, die
1283 1775 2349 1823 misschien de sublimeering der gevoclens van een, die
199 1793 1272 1843 hem bedwingt. — Misschien moet men van wiskunde
1270 1802 2348 1875 ziih gaat verdoen, omdat hij een eereschuld niet op
195 1833 1243 1888 houden, om heelemaal op Schnitzler gesteld te zijn.
1288 1840 2358 1889 tid betaalt? — is voor Schnitzler resultante van
237 1855 1270 1927 Ik kan niet het heele verhaal navertellen. En toch
1284 1886 2361 1940 krachten, die gerechtigbeid kan zijn of ook niet kan
191 1902 1279 1963 zon dat moeten om u, lezer, den dwang van zulver¬
1277 1923 2352 1979 ziin, belacheljjk of tragisch, „cenwig of eenmaal“,
191 1942 1279 1995 heid dezer lotsconstructie te laten voorvoelen. Dwang,
1283 1965 1978 2013 maär resultante. En niets meer.
196 1985 1276 2031 die pas volkomen wordt, door de strikte detaileering
1304 1974 2358 2039 Ik heb kort geleden al cens gezegd, dat me dat
199 2020 1272 2072 van den schrijver, waaraan ik heelemaal geen recht
1282 2027 2363 2086 in Schnitzler zco vasthondt: dat doorgronden von de
194 2060 1277 2123 kan doen. Hoe wordt die luitenant Kasda dien Zon¬
1280 2073 2360 2122 ziel, zonder verraad harer geheimenissen. Dezz ob¬
189 2095 1270 2166 dag door het lot met kleine streekjes naar zich toe¬
1276 2104 2358 2160 jectiviteit. Dit beroepsgeheim als het ware. Dat
198 2135 1267 2193 gebarkt! Eigenlijk was alles wat hij van den dag
1274 2142 2363 2214 boeide me ook au. Voorbij het verhaal. Hij laat geen
198 2174 1268 2227 gehoopt had, dat de familie Kessner hem ten eten
1278 2192 2377 2241 enkele illusie, dat gij luitenant Kasda, Leopoldine
194 2216 1274 2265 zou houden; een beetje om juffrouw Kessner en
1275 2227 2358 2277 nu kennen zondt. Zij blijven zo0 vreemd, als aile dui¬
196 2246 1274 2299 een beetie meer om het lekkere maal. Maar voor de
1278 2254 2368 2317 zenden op een of twee na ons voor het leven vreemd
201 2286 1273 2330 dag aanbreekt valt hem een vroegere kameraad op
1280 2297 2368 2353 blijven en wij voor hen. En wij weten van hen even¬
184 2329 1277 2382 het Jif: hij moet duizend gulden hebben om cen
1274 2330 2362 2386 veel als we van alle duizenden kunnen weten, in¬
202 2369 1269 2422 kasfekort aan te zuiveren voor morgen gecontro¬
1280 2367 2365 2431 dien we maar aandachtig ziin, zonder indringerig
196 2403 1268 2454 Jeerd wordt. Kasda hééft ze niet, kan ze niet krifgen.
1271 2421 2364 2472 te worden. Dat is niet teveel. Maar genoeg om niet
194 2446 1271 2491 maar als hij ’s middags aan de speeltafel wint
1274 2450 2354 2509 méér te willen weten. Alles wat oorzaak is, ligt daar
195 2476 1273 2528 Zonder die belofte zou hij niet eens aan de speel¬
1279 2488 2365 2539 nog onder. Wij zien maar de gegevens. En lossen
201 2508 1276 2574 tafel versehenen zijn. Nu gaat hij, met de bedoeling
1278 2527 2358 2588 daarnit soms ecn vraagstuk op. Maar de zief is on¬
193 2557 1276 2611 naar de Kessner’s weer te keeren; wint; gaat terug.
1279 2571 1556 2625 schendbaar.
1919 2559 2326 2636 JOHAN HUIITS.
190 2596 1276 2641 maar dan is de familie nit en de consul had zoo ver¬
191 2634 1277 2685 achtelijk gekeken toen hij van de speeltafel op¬
192 2656 1283 2725 stond; hi speelt weer, weer wint hij; met zyn
197 2702 1288 2763 winst zou hij nog net den laatsten trein gehaald
194 2754 1287 2797 hebben, als toen niet de Kessner’s aan een der tafel¬
198 2787 1273 2840 tjes gezeten hadden; hiet spel gaat verder tot bij
201 2807 1292 2880 eindelnk verliest, alles en elfduizend gulden meer
203 2866 441 2909 dan dat.
246 2877 1278 2949 Toen waren alle stukken zoo geschoven, dat een
197 2929 1283 3001 vergeten oogenblik uit het verleden zich wreken
200 2966 1280 3024 kon. In een afschuwelijken lachspiegel van het
195 3002 1289 3059 beden wordt het weerkaatst, doodelijk. Hij was waar¬
197 3051 1282 3104 fik te zelfgenoegzaam geweest om dien verren mor¬
201 3086 1287 3138 gen bij het heengaan te beseffen dat hij het bloe¬
195 3122 1280 3178 menmeisje niet betalen kon voor den nacht, waarin
197 3165 1277 3226 zij hem liefgekregen had. Nu is zij de vrouw van
196 3196 1287 3253 zijn oom, die hem niet helpen kan, omdat zijn
199 3234 1284 3290 geld het hare geworden is. Zal zij hem willen
199 3269 1290 3324 helpen? Vast was de ziel haarzelf een randsel,
190 3314 1289 3381 toen zij het wreede spel dier laatste vierentwintig
193 3351 1283 3399 uren begon met dien dommen, dommen man, die pas
201 3395 1281 3450 begreep, toen zij hem betaalde, nu zij, voor weer ccn
189 3421 1285 3483 nacht waarin de ernst van haar hart eenzaam moct
198 3471 1286 3513 zijn geworden in het wisselspell zijner zinnen. Was
187 3495 1280 3550 haar liefde argeloos, haar wraak welberaamd? Als
192 3543 1291 3606 zij weggaat, vroeg in den morgen, legt ze achteloos
200 3584 1286 3640 een bankbiljet van duizend neer, „voor den gepasseer¬
194 3613 1284 3674 den nacht“. „Het dek gleed van Willi's voeten. Over¬
189 3656 1279 3713 eind stond hi, het bloed steeg hem brandend naar
198 3693 1284 3757 oogen en voorhoofd. Als nieuwsgierig keek zij hem
201 3722 1299 3805 aan; verroerde zich niet. En tcen hij geen woord
