3204 4384
98 46 1029 110 -re  chenemene manch mnnt
106 100 1041 161 for von Bogner; he risked his last cent, he
114 129 1037 210 borrowed. He borrowed and lost until he
107 188 1047 252 was eleven thousand gulden in debt to a
110 223 1048 309 South American tradesman whom he openly
106 284 1032 367 despised. Then the game ended. Accord¬
-4 297 92 355 aled
-3 347 93 412 9107
109 340 1039 398 ing to the code, a debt of honor must be
107 397 1042 459 paid within twenty-four hours; and the
23 440 90 499 ry
100 431 1041 509 South American was coldly emphatic in the
103 482 1049 566 matter of promptness, He told Willi that
99 550 1036 612 he would inform the commander of Willi's
100 597 1047 659 regiment if the money were not paid on the
97 639 250 696 hour.
163 691 1042 759 Willi sought bis rich uncle only to find
97 743 1033 815 that during the long period since he had last
102 776 1029 851 found it useful to show some interest in the
97 848 1035 908 uncle’s existence the latter had married a
89 898 1036 955 young harlot and, having turned his wealth
97 952 1040 1000 over to her, had from her only a small
90 1006 1033 1067 allowance. The wife had shown business
6 1038 89 1102 ing
90 1053 1028 1113 enterprise and foresight, and had made
90 1091 1021 1162 much money in speculation and investments;
-8 1139 1029 1220 f a, but she permitted him to see her only on
106 1222 1029 1286 rare occasions and gave him not a penny
109 1253 739 1344 before his allowance was due.
154 1319 1025 1393 Willi found out the address of his aunt
100 1373 1036 1449 and called upon her. He discovered that
93 1419 1022 1495 she had formerly been one of his lights-o’¬
95 1468 1021 1537 love, one whom he had treated rather
92 1528 1028 1602 shabbily. He made upto her and impressed
89 1586 1023 1657 upon her theurgency of his need fo. money,
96 1633 1028 1698 while at the name time playing the ardent
85 1668 1031 1750 lover. They spent a night together and
92 1718 1020 1794 when he believed that she was going to
89 1778 1016 1856 advance him the money she left him a
84 1822 1012 1904 thousand gulden note instead, in payment
84 1887 1021 1950 for their niglit of love — a bit of mockery
91 1939 1030 2014 at the small sum he had left for her when
88 1978 1028 2052 they had last spent a night together — a
80 2040 1022 2105 gesture she had loathed at that time because
86 2078 649 2150 she was in love with him.
131 2133 1020 2202 The thousand was of no use to Willi; but
87 2182 1023 2257 he kept it and sent it to von Bogner. Then
85 2227 1022 2312 he put a bullet through his head. The
82 2283 1014 2366 uncle, having meanwhile prevailed upon his
83 2342 1024 2410 wife to advance him the eleven thousand
81 2383 1015 2465 gulden Willi needed te save his honor,
72 2436 542 2506 arrived just too late.
146 2491 1010 2558 *One always remained an officer, no
85 2522 1011 2615 matter what one did — or at any rate, one
70 2591 1020 2658 became an officer again when one had paid
79 2635 578 2712 one’s gambling debts.“
113 2682 1011 2756 In other words a man of honor was still
82 2726 1009 2818 a man of honor if he blew out his brains
70 2792 1016 2866 rather than be reported to his commanding
66 2834 1015 2918 officer for failure to pay a gambling debt
70 2885 1008 2970 when it was due. If he observed that fine
69 2945 1002 3015 point of the code, he might act the part of
70 2990 1004 3066 the swine in every other particnlar. He
64 3038 1010 3111 might play for stakes higher than le could
68 3099 1010 3156 afford; he might insult one of the players
69 3148 1009 3215 under the aszumption that that player was
62 3194 1003 3266 not his social equal and could not therefore
58 3247 1000 3319 challenge him to a duel; and he could de¬
58 3305 997 3367 ceive his uncle with Fis uncle’s wife, not for
62 3344 997 3417 pleasure but meretriciously, by pretending
56 3398 996 3469 a sentiment he did not feel and asking her
62 3441 904 3519 for money which he could never repay.
98 3511 991 3568 Isaid at the beginning of this review that
61 3537 986 3615 Daybreak“ carried a moral lesson. But
57 3597 987 3676 it is not the conventional and obvious one,
56 3653 989 3724 that gambling is a vice or that the wages of
55 3693 1000 3766 sin is death. We should be taught by this
51 3731 989 3820 little story to examine the central factor in
58 3797 995 3885 the code among those people who make 8o
1553 101 2442 184 iel im Morgengrauen
1219 116 2455 234 34 S . un.   etenetetecen fihe en eh e e   a.
1032 1235 1977 1310 much ado about their honor; for it is very
1039 1291 1968 1365 apt to be a weak, vain, and not very ad¬
1036 1340 1967 1413 mirable one, permitting them a free con¬
1038 1391 1981 1459 science to act discreditably in most of those
1043 1450 1967 1505 relations with human beings which call for
1041 1496 1980 1566 fairness and simple justice, kindness and
1043 1539 1432 1608 common honesty.
1093 1590 1966 1663 That, I believe, was the point Schnitzler
1044 1646 1974 1710 was getting at in this ironic novelette.
1041 1690 1981 1770 There was nothing very tragic in Willi's
1032 1751 1975 1820 suicide; for his life had no real significance
1037 1795 1963 1862 and his character was not worth preserving.
1029 1850 1977 1912 Even in death he was not ennobled. And
1025 1889 1520 1984 that is the final irony.
2584 116 2969 220 box 6/1
