3204 4384
153 42 698 112 e n
94 96 777 158 sordid. In bis latest story ond lig¬
91 141 783 190 ure is prereminent—Willi Kasda, a
91 167 771 228 voung army offieer, amiable, pre¬
96 214 777 260 sentable in appearance, but frivolous
93 259 788 307 and absurdly vain, with a decided!
92 280 539 339 lair for a pretty face
116 324 781 399 The story opens a tdaybreak one
94 355 773 423 sunday morning when Willi is awnk¬
104 412 779 460 ned by a former comrade whom ho
92 436 777 496 las known only casually. Bogner
98 484 784 535 las come to ask the loan of 1,000
103 516 784 574 ulden, having misappropriated funds
98 561 776 618 n bis keeping, and being in immi¬
100 598 779 658 ient danger of detection. Willi has
99 642 776 695 io money, and is at outi with bis
105 672 781 729 ich uncle, but he agrees to try bis
99 722 776 773 uck at cards that evening and hand
98 746 780 808 wer bis possible winnings of Bog¬
92 775 790 842 ler. He wins the required amonnt.
98 826 798 877 ut stopping for a flirtation on bis
99 852 798 912 vay to the station, he misses bis
99 895 798 951 rain to Vienna and is forced tol
94 934 773 988 pend the night at the gamblingg“
98 975 778 1028 ort. To relieve the tedium of eslie
103 1016 770 1069 wening, ho wanders aimlessly back
96 1049 780 1091 o the gaming tables, wins and loses
94 1086 780 1140 u rapid succession, until, exeitement
93 1131 769 1170 overcoming him, he plays for Inger
95 1158 776 1209 and larger stakes and finds himself
94 1205 806 1264 11,000 gulden in debt to a certain.].
90 1240 782 1294 Consul Schnabel. Matters are not
90 1273 792 1328 helped by the Conzul’s declaration
86 1316 784 1384 that he must have the money by¬
85 1351 240 1405 noon.
123 1378 784 1459 Going back to the city Willi in
89 1440 783 1482 desperation seeks his uncle, but the
92 1478 783 1528 uncle has just married and put bis
86 1506 793 1578 money into his wife's business. Willi
87 1547 787 1619 then turns to the bride for help. to
91 1570 776 1642 find she is a former mistress of bis
83 1627 784 1681 whom he had lightly discarde1 some
91 1670 773 1717 years before. Leopoldine docsn't
90 1706 778 1764 give him the money, but abe does
98 1733 777 1789 promise to visit him that evening.
98 1783 780 1833 When she arrives she offers herseif
97 1817 776 1872 instend of the hoped-for money,
78 1850 780 1910 Leaving at dawn, she carelessly tosses
89 1893 513 1941 him a banknote of
511 1897 792 1955 1.000 gulden.
80 1935 790 1985 Humiliated and despairing, knowing
87 1975 781 2020 the consul will not accept this small
98 2001 793 2063 sum, he sends the moncy to Bogner
89 2051 783 2108 and shoots himself. Mediocre in
98 2088 780 2141 overy respect, he as no resouree with¬
96 2126 787 2175 in himself or ithont, to extriente
84 2153 776 2234 #ntraself from the tangle of circum¬
81 2221 786 2290 stances. He has nothing but his
89 2262 787 2335 honor as an officer, and that de¬
91 2292 783 2366 mands death as the only solution of
86 2348 780 2398 the diffieulty. That Leopoldine re¬
73 2370 781 2438 lents and sends him the money later
82 2414 785 2483 in the morning, when it is too late,
73 2457 772 2509 only adds to the pathos and irony
72 2490 776 2565 of the situaion. The scene atho end
75 2532 778 2600 where the uncle, #neeling beuide bis
72 2571 763 2614 dead nephew, entertains ar #nrea¬
73 2603 780 2674 soning suspicion forthe moment, and
77 2641 775 2713 is reassured by the sfervant. shows
78 2664 768 2741 tho author at the heigt of his gening.
104 2720 768 2781 The narrative oves with direct¬
74 2753 769 2815 ness und swif urgency. Its Vone is
65 2786 759 2851 light and laconie, in striking con¬
73 2830 588 2889 trast to the ragedy of
658 2844 764 2895 Eme.
64 2866 768 2927 in thei tragedy that overtakes the
68 2911 762 2973 young Mflicer through two mere for¬
60 2947 761 3011 tuitout scquaint ices, the reader
59 2978 774 3033 feels the irony of fate, the blindness
66 3020 766 3084 of c auce, and he follows the story
71 3056 765 3114 with pitying undersumding to its
66 3108 756 3165 peignant climax at the#secon1 day¬
58 3127 228 3193 Preak.
498 3143 694 3204 M. W
1527 146 2266 208 im Morfendrauen
2400 141 2779 221 box 6/1
1050 137 2266 251 34 Spiel  e ee
1985 325 2080 394 □
2215 343 2355 421 1926
1946 412 2460 502 EVE TRANSCRIPT
1986 481 2389 564 BOSTON MASS
1984 566 2396 650 Dav-BREAK
1817 668 2588 731 European Life as It Is Seen by Arthur
2085 709 2314 785 Schnitzler
1844 766 2034 830 Daybreak.
2079 791 2585 854 Zy Arthur Schnitzler. 31.50.
1810 814 2357 876 New York: Simon and Schuster.
1879 853 2584 916 N his latest novelette Schnitzler con¬
1883 899 2594 952 tinues his extended consideration
1902 924 2590 994 of society. Its manners and mani¬
1851 948 2596 1031 L festations, its taboos and code have
1821 998 2596 1055 long occupied his attention. Never has
1807 1040 2586 1094 he made this obvious, but looking back
1803 1068 2592 1128 to the days of" Anatol' and glimpsing
1798 1116 2565 1161 along the shining line of" Fraulein Else,
1817 1145 2583 1197 Beatrice,“ None But the Brave,“ and
1818 1178 2594 1234 Rhapsody“' one sees that this has really
1793 1194 2587 1270 been the thesis which runs like a wind“
1796 1235 2588 1304 ing thread through all of Schnitzler’s
1796 1280 2585 1338 works. And the Viennese writer has
1805 1326 2583 1375 not yet come to the point where he is
1799 1344 2583 1408 ready to say,Enough.“ Ha is ready
1798 1392 2578 1436 to satirize and exhibit scolety’s folbles
1787 1429 2585 1482 das long as mortal energy Will allow him.
1830 1463 2593 1501 In Daybreak“ Schnitzler again makes
1798 1494 2586 1550 use of an episode to point his critielsm.
1790 1533 2584 1583 The tiele is suggested by the maln astion
1794 1558 2586 1625 Cof the story, all of which takes place
1793 1588 2584 1660 on three different nights and achieves
1790 1637 2582 1694 its highest intent at daybreak. Willi
1791 1657 2583 1723 Kasda is the usual type of Austrlan
1793 1701 2582 1764 army officer, an average young man
1798 1743 2572 1796 who likes Viennese nights, wine, wo¬
1791 1792 2588 1834 men, and song. He trifles with life,
1786 1818 2580 1867 it is a gay bubble, a bubble which
1785 1855 2577 1907 certainly must burst into nothingness
1788 1888 2588 1930 soon or late. To this young lieutenant
1798 1927 2584 1977 comes a casual acquaintance who asks
1800 1950 2568 2007 Willl to resche him from the dis¬
1793 2002 2579 2041 grace which an embezzlement makes
1793 2028 2573 2081 imminent. Willingly enough, Kasda
1795 2063 2558 2110 stakes his last few hundred gulden at
1791 2096 2575 2156 cards in order to raise the thousand
1794 2134 2567 2176 which his friend requires. The tide of
1785 2159 2561 2223 fortune ebbs and flows across the table
1782 2201 2556 2263 as Fate stands at the banker’s right. At
1789 2239 2563 2295 one time Willi is thousands ahead. The
1791 2265 2563 2337 fever comes upon him; he stakes and
1790 2301 2557 2365 loses, and stakes again. At daybreak
1784 2330 2567 2407 he is ten thousand in debt. He turns
1779 2389 2564 2444 to his uncle for ald and fnds that he
1779 2411 2555 2473 has given his fortune and property Into
1793 2448 2551 2507 the care of his young wife with whom
1781 2475 2553 2544 Willi had a casual ampur in the past.
1792 2519 2550 2580 She refases to help hirh, and he recalls
1793 2559 2551 2614 a daybreak when he left her ten gulden
1779 2592 2242 2645 out of kindness and wa
1810 2623 2223 2675 oom leaving behind
2461 2640 2540 2688 ated
1796 2658 2293 2713 love. On a third daybreak
1803 2696 2254 2747 takes leave of him and
1790 2731 1874 2770 guld
1937 2732 2006 2781 note
2067 2738 2265 2784 nWilli's
1996 2769 2185 2822 ate Foung
1797 2797 2289 2854 pected at least ten thousan
2507 2821 2539 2853 18
2355 2813 2391 2853 81
1807 2841 2227 2887 t to him later that. m
2250 2886 2282 2923 a
2150 2881 2193 2925 8
1899 2910 1941 2954 S8
1983 2909 2227 2965 ce of being e
2194 2952 2274 3001 pay
2096 2999 2314 3067 see, is sim
1997 3040 2302 3104 he detail of its
2060 3089 2128 3147 mist
2311 3097 2499 3146 iuendo thi
2156 3091 2260 3144 kable
1998 3127 2038 3164 rt
2034 3161 2165 3212 ler’s otl
2031 3200 2353 3250 read it is to read
2381 3206 2476 3254 Ind
2030 3278 2067 3320 t.
1777 3341 1843 3379 à C
2403 3350 2522 3398 iature.
1794 3372 1848 3420 WVII
2471 3392 2504 3431 el
1784 3412 1815 3451 18
1901 3414 1942 3455 HA
2474 3425 2524 3470 ds
1771 3442 1994 3494 the path of
2059 3457 2162 3499 aver
2382 3457 2531 3506 flicer of
2252 3458 2350 3514 oung
1773 3483 2035 3534 the late Fran
2093 3494 2131 3534 OS
2448 3499 2529 3544 he
1763 3520 2096 3568 accepted good for
2383 3532 2526 3578 S rendy
1759 3562 2131 3604 at hand, or had he,
2347 3569 2536 3616 ous night,
1746 3582 2094 3641 recognized a truc
2130 3598 2223 3645 OVe W
2260 3603 2358 3646 en it
2383 3604 2530 3652 hone in
1762 3637 2532 3692 the eyes of his companion of the evening,
1753 3650 2522 3716 the story in Daybreak' would have ar¬
1764 3696 2537 3757 rived at a different conclusion. But
1763 3731 2546 3785 voung lieutenants of Willi’s type are still
1760 3770 2538 3831 too full of the philandering spirit, of the
1759 3813 2533 3868 gambling urge, to stop forthe moment to
1754 3842 2538 3903 view their advantage. The moment
1752 3879 2531 3932 passed and, as the poets have it, though
1756 3923 2533 3965 good fortune wear a forelock it is bald
1759 3946 2532 4013 behind. Once it has gone by, one may
1747 3983 2068 4035 never grasp it.
1791 4024 2536 4092 Of Schnitzler’s manner little need here
1756 4043 2525 4126 be said. It has all been sald before. He
1752 4091 2528 4159 is as lucent and pleasant in his style as
1776 4131 2091 4181 —
