3204 4384
13 119 198 212 34
342 121 392 190 1
622 124 1221 192 Mordendrauen
201 140 1228 217 Sp  1. .   Gga d a
429 1010 1074 1115 Dr. Max Goldschmidt
436 1088 1070 1179 Büro für Zeitungsausschnitte
802 1140 1253 1232 Teleion: Norden 3051
260 1178 554 1254 BERLIN N4
586 1267 929 1335 Ausschnitt aus:
486 1317 1062 1411 Kölnische Zeitung
772 1463 1130 1572 2 Juni 1927
194 1543 1425 1620 Einen alten, ja etwas abgestandenen Stoff, den verderblichen Reiz
140 1588 1418 1672 des Glücksspiels, behandelt der berühmte Landsmann Saltens Arthux,
158 1652 1421 1704 [Schnitzler in einer Novelle: Spiel im Mörgengre#ml
170 1678 1423 1754 so feiner Meisterschaft des Aufbaus und so fesselnder, kühl, sicher, elegant
162 1713 1417 1782 und knapp hingesetzter Charakterisierung der einzelnen Personen, daß die
144 1789 1418 1861 Erzählung ganz neu anmutet. Ein junger Leutnant mit sehr bescheidenem
160 1835 1416 1894 Einkommen wird von einem frühern Kameraden, der aus Not eine
157 1873 1422 1934 Unterschlagung begangen hat, um ein Darlehen bestürmt, damit er der
153 1910 1421 1950 Schande, seine Familie dem Hunger entgehe. Der gutmütige Leutnant
161 1950 1418 1994 läßt sich erweichen, für seinen Kameraden das Glück im Spiel zu ver¬
162 1992 1414 2049 suchen. Das Glück lächelt ihm; mit einem ansehnlichen Gewinn steht er
161 2022 1420 2072 vom Spieltisch auf. Aber eine unglückliche Verkettung von Umständen
155 2062 1418 2113 führt ihn an demselben Abend wieder zum Spieltisch; die Versuchung
156 2093 1424 2137 wird mächtig über ihn, und als im öden Morgengrauen das Spiel endet,
155 2140 1418 2201 hat er nicht nur seinen Gewinn eingebüßt, sondern schuldet eine große
157 2178 1426 2249 Summe. Sein Gläubiger, ein geheimnisumwitterter, in zweifelhaftem
161 2217 1424 2262 Ruf stehender Konsul eines exotischen Staats, besteht auf Begleichung
158 2258 1412 2318 der Schuld binnen der üblichen kurzen Frist. In seiner Not wendet sich
155 2288 1413 2355 der Leutnant an einen alten Onkel, der ihn früher zuweilen unterstützt
154 2335 1419 2392 hat. Zu des Neffen Unglück hat der Onkel nun heimlich eine frühere
153 2366 1410 2416 Halbweltlerin geheiratet und ihr, die sich als kleines Finanzgenie ent¬
154 2404 1417 2449 puppte, die Verwaltung seines Vermögens übertragen. Mit dieser
141 2440 1413 2508 Halbweltlerin hat der Leutnant früher einmal ein flüchtiges Liebes¬
144 2483 1418 2537 verhältnis angeknüpft, aber es bald ohne weitere Erklärung abgebrochen.
153 2526 1412 2568 Sie aber hat den Leutnant wirklich geliebt. Jetzt rächt sie sich, indem sie
149 2549 1409 2617 ihm Liebe gewährt, ihn aber dann in seiner Geldnot zappeln läßt. Als
155 2596 1418 2650 sie sich eines andern besinnt, und der Onkel mit dem Geld auf die
154 2635 1411 2697 Kasernenstube des Leutnants eilt, ist es zu spät, der arme Teufel hat
156 2674 1410 2738 sich gerade erschossen. Die kurze Inhaltsangabe könnte banal klingen,
153 2710 1408 2766 es sei deshalb nochmals betont, daß die Novelle in ihrer Durchführung
144 2746 688 2810 ein vollendetes Kunstwerk ist.
960 2757 1372 2819 Dr. Walter Schmits.
384 2851 580 3059 24
627 2968 1086 3052 Dr. Max Golds
632 3046 1099 3136 Büro für Zeitungsau
461 3111 742 3197 BERLIN N 4
959 3127 1116 3191 Tele
793 3213 1119 3295 Ausschnitt aus:
664 3284 1157 3368 Berliner Tageb.
857 3367 1181 3470 19. Juni.
338 3461 1517 3531 Arthur Schnitzler. Spiel im Morgengrauen. No¬
290 3496 572 3553 vellen-Vertagss
700 3499 953 3561 Relin
351 3523 1503 3595 Wieder eine von Schnitzlers zargebauten Geschichten, stark
283 3582 1513 3622 ohne ein einziges starkes Wort, spannend durch die Zurückhaltung
281 3613 1513 3682 der Spannungsmomente, wirkungsvoll und fast ohne „Wirkungen“. Etwas
285 3653 1510 3712 altmodisch fürwahr, Ausführung eines verjährten Stoffes: Offiziers¬
289 3700 1502 3740 hasard, Orfizierskatastrophe. Der Leutnant Kasda will einen ehe¬
290 3735 1514 3789 maligen Kameraden retten, geht an den Spieltisch, verliert „Ehre und
289 3768 1519 3823 Leben“. Eine Frau könnte ihm heifen, sie will es tun, da er schon
296 3820 1512 3870 die Kugel im Gehirn hat. Nur dieser Schluss ist „effektvoll“; aber
296 3847 1511 3898 er baut sich auf einer Szene zwischen Kasda und der Frau auf,
287 3891 1519 3941 die den Poeten Schnitzler, den dichteuden Sexualanalytiker, wieder
292 3922 535 3985 ganz verrät.
1336 3924 1469 3993 F. E.
1367 119 1744 208 box 6/1
2011 718 2705 857 kooer schadengeeeden
2229 834 2834 963 E EIN
1808 841 2343 993 W
1891 951 2778 1038 oaSzires erurachts detrunes aussenstrrrndae
1903 1016 2771 1102 BERLIN SO 16, RUNGESTRASSE 22-24
1840 1157 2834 1275 De Telegraf, Amsterdam
1876 1271 2854 1362 Ausschnitt aus der Nummer vom: 1.4. JUK 192
2061 1385 2742 1491 dritur. Schglalenu piet 1n
1823 1366 1997 1503 6
2019 1456 2735 1532 Morgengrauen“. — S. Fischer,
2017 1509 2222 1576 Berlin.
1874 1561 2747 1635 Geheel anders is het den lezer te moede, als
1839 1625 2746 1685 hij een boek van den Oostenrijkschen schrif¬
1840 1661 2748 1716 iver Schnitzler opent, zij het ook weer een no¬
1842 1698 2747 1760 velle, waarin „menige bultensporigheid veroor#
1844 1741 2743 1795 loofd is. „Spiel im Margengrauen“ is en
1843 1775 2739 1832 kunstwerk van den eersten rang. Meer abg,
1838 1812 2749 1871 het is uiterst spannend, dramatischer Plfs
1838 1859 2742 1913 dan vele van Schnitzler’s tooneelwerken. Hét
1842 1901 2739 1953 is de historie van een speler, die eigenlijk geen
1842 1939 2743 1988 speler is. Een jong officier tracht voor zijn
1848 1980 2747 2031 vriend een som gelds te kriigen, die weer
1840 2013 2747 2083 #teruggelegd moet zijn, voordat de bureau-chef
1841 2064 2742 2116 de kas naziet. De vriend, nu koopman, had
1846 2103 2741 2152 destijds wegens ziin schulden afscheid van
1841 2142 2743 2187 ziin regiment moeten nemen. Willi, de jonge
1838 2189 2739 2236 luitenant, is een goeie kerel: hij speelt, wint,
1853 2218 2749 2277 verliest weer alles, wint zeer veel terug, en
1854 2258 2742 2308 verliest ten slotte zijn heele particuliere ver¬
1848 2287 2743 2351 mogen daarbij. Hij gaat naar zijn oom om
1840 2335 2752 2395 redding te zoeken. De oom heeft echter alles
1845 2376 2745 2423 op ziin vrouw overgeschreven, want hij is intus¬
1854 2415 2752 2463 schen getrouwd met een vroegere vlam van
1852 2450 2753 2502 Willi, die nu een grondig financier geworflen
1847 2493 2749 2535 is. Na een bitter-zoet uur van liefde, belooft
1849 2534 2756 2572 de nieuwe tante hein het geld te leenen. Zjj
1854 2573 2757 2625 zendt het echter te laat, want Willi schiet
1857 2617 2760 2679 zich in den vroegen morgen, voordat de com
1857 2650 2461 2698 met het geld verschint, dood.
1895 2678 2747 2741 Nog nooit heeft Schnitzler met zulke een¬
1860 2734 2747 2780 voudige middelen ons de hoogten en diepten
1858 2773 2772 2827 der menschelijke gevoelens zoo nabij gebracht.,
1853 2819 2758 2870 Alleen al de slottirade is inhoudrijker dan een
1862 2849 2545 2909 doziin gewone romanhoofdstukken.
1898 2892 2749 2938 „Robert Wilfram, altijd nog op zijn knieen
1866 2933 2755 2976 voor zijn dooden neef, liet de blik weer door
1862 2982 2756 3059 de kamer zwerven. Nu eerst ontwaarde hij
1862 3045 2764 3087 de tafel met de resten van den maaltijd: de
1861 3086 2763 3139 borden, de flesschen, de glazen. Op den bodem
1865 3131 2755 3179 van het eene glansde het nog goudgeel en
1859 3160 2756 3216 vochtig. Hij vroeg den jongen: „Heeft de lui¬
1863 3205 2761 3253 tenant gisteravond nog bezoek gehad?“ Schre¬
1868 3237 2761 3310 den op de trap. Stemgezoem. Robert Wilfram
1857 3286 2085 3351 stond op.
1850 3300 2763 3371 Ja“, antwoordde Jozeph, die altijd nog recht
1858 3362 2769 3428 stond, als een wachtpost, „tot laat in den
1860 3397 2336 3463 nacht.Een vriend“.
1895 3440 2761 3491 En de zinlooze gedachte, die den oude vluch¬
1867 3483 2767 3533 tig door het hoofd geschoten was, verdween
1866 3524 2002 3575 weer.
1902 3535 2748 3610 De stemmen, de schreden, kwamen nader.
1903 3592 2778 3663 Jozeph stond nog rechter dan te voren, De
1881 3625 2360 3700 commissfe trad binnen.“
