3204 4384
482 131 1239 202 im Mordendrauen
287 136 418 213 pie
16 136 1240 255 34 SL 4 u  Pn ee  ne
107 1408 1387 1490 Other Schnitzler Books in this Series
101 1551 1055 1634 FRAULEIN ELSE—145 Pages, 81.50
241 1619 1259 1688 Schnitzler has never written anything to surpass
248 1671 1244 1734 this, and there are verv few short stories in the
250 1721 1240 1799 world’s literature we should care to place above
694 1769 1109 1838 I. W. G. RANDALL
252 1782 332 1869 it.
724 1803 1350 1902 Saturday Review of Literature.
106 1954 890 2025 BEATRICE—173 Pages, 81.50
247 2023 1245 2076 Into a scant 173 pages, Schnitzler crowds more
249 2073 1240 2139 action than such as Hugh Walpole does in five
250 2123 612 2191 complete novels.
763 2144 1366 2217 —Boston Evening Transcript.
111 2274 1194 2354 NONE BUT THE BRAVE—30 Pages, 31.25
253 2338 1261 2409 As amazingly well done as Fraulein Else and it
254 2394 977 2491 is more amusing, if not so intense.
893 2442 1374 2522 —Cincinnati Times-Star.
115 2563 923 2651 RHAPSODY—167 Pages, 81.50
258 2628 1251 2697 This story is one of the most beautiful gifts of
262 2671 1256 2747 Schnitzler’s muse. The borderland between il¬
257 2723 1261 2781 lusion and reality is wrapped in shadow so
259 2781 1258 2840 artistically that we never know exactly whether
272 2831 1263 2886 Dr. Fridolin actually experienced the fantastie
266 2862 1261 2925 happenings of that night, when his senses were
263 2928 1271 2979 still pulsing from the unaccustomed excitement
268 2974 1267 3027 of the carnival, or whether the visions he sees
262 3011 1096 3078 are merely the figments of his yearning.
738 3052 1395 3140 —New Vork Times Book Review.
1377 117 1702 215 box 6/
1463 1374 1783 1479 DAYBREAK
1536 1944 1707 2000 ARTHUR
1507 1989 1747 2044 SCHNITZLER
1525 2037 1631 2106 mnnchen
1549 2414 1743 2482 LEE
1537 2691 1736 2765 51.50
1484 2743 1784 2837 ernnennnnnnnnneg
1532 3019 1763 3076 SIMON ANn
1529 3067 1773 3119 SCHUSTER
1918 1363 3099 1487 APTHUR-TCHNTTZIEE
2416 1593 3078 1722 RLAK
1954 1647 2203 1721 L
2028 1713 3129 1819 LIFE and love are games of chance is the hypothesi
1899 1813 3131 1881 underlying DAYBREAK, the latest and perhaps the mos
1909 1865 3072 1946 exciting novelette that Arthur Schnitzler has yet written.
1943 1907 3125 2007 Ayoung army oflicer who might be the average yonn
1891 1986 3136 2054 man seeks to rescue a casual acquaintance from the disgrach
1882 2043 3130 2109 attending on failure to pay his gambling debts. In an effor
1906 2084 3139 2176 to win at cards the sum required to save his friend from selh
1900 2139 3133 2211 destruction, Willi becomes himself involved for an amount tei
1907 2186 3139 2278 times as great. For him the only possible saviour is bi
1907 2254 3137 2324 uncle's young wife who had played a part in a casual amou
1908 2330 2187 2397 of the past.
1994 2347 3134 2440 The whole story takes place within a little more than tw
1906 2415 3139 2499 days, and the game which Willi plays on the second nig
1909 2479 3101 2549 comes to a poignant conclusion at the second daybreak.
1919 2523 3145 2607 the young officer had been willing to accept good fortune whe
1915 2582 3146 2669 it had faced him, or to acknowledge love when it was in b#
1920 2645 3135 2724 arms, there might have been a different conclusion to the gam
1913 2699 3139 2776 of the second night. But Schnitzler, as always, is honest wit
1918 2752 3147 2831 his characters and with his reader, and if the cards secm to
1928 2806 3139 2888 stacked against any one of the participants in this life gambl
1920 2869 3120 2954 they were stached by Fate, the dealer, and not by Schnitzler.
1935 2968 3152 3141 HONANDCHETTEE
