3436 4256
484 235 1414 297 iel im Mordengrauen
1551 235 1924 325 box 6/1
201 234 1402 351 34S     en
2320 307 2929 382 MTTMOF 4 Uarlaud) POST
2368 369 2918 450 endar. May 19. 1931
2314 446 2948 599 Novarro, Soldier
485 532 1138 618 NAETFORD TCaanacGiaan) TDrEr
517 588 1096 675 Friden. Muy 15. 1931
2313 574 2839 681 Once Again in
521 657 644 707 asestate saere
730 683 1299 749 Manian Mnen Anuu
2309 653 2789 762 Newest Film
755 727 1531 803 In“Svengali, Now At the Strand Theater
424 723 734 822 91—
938 776 987 808 —
2318 792 2987 879 [Daybreak,' at Stanley, So¬
506 783 1026 891 □ PLONELY WIVES‘
1141 811 1849 910 ccme to think of lore as only a game,
2360 855 2943 944 phisticated Stery of Pre¬
1154 870 1858 939 as something which gan never be serl¬
440 882 1139 975 And Daybreak“ Shown at Regal
1152 908 1843 960 ous. But Laura, done hy Helen Chan¬
732 934 918 990 Theater.
2504 920 2819 1000 War Vienna
1143 947 1847 1019 dier, comes into his life and##
1140 964 1843 1040 philosophy is upset. Changed from a
484 960 1131 1041 A love story of Vienna before the
1157 1010 1841 1075 sweet girl into a sophisticated woman
442 996 1141 1071 war, written by Dr. Arthur Schnitzler.
2346 1008 2993 1072 Famon Novarro and Jean
1149 1038 1837 1103 bst her experience with Novart., Miss
448 1026 1134 1108 famons Austrian writer, is told.
2308 1068 3010 1118 Heraholt have teamed up again in
1145 1070 1846 1148 Chandler provides the culminating
445 1077 1808 1158 Daybreak,“ starring Ramon Novarre peint für later scenes in the picture.
2320 1106 3001 1150 the movies in a film that is rather
447 1106 1321 1201 and beading tht new program at che#
2321 1131 3001 1179 reminiscent of the pair’s Student
442 1140 1150 1223 Regal theater. The co-feature 1s
2318 1173 3002 1233 Prince“ dagn. At least, it has the
452 1179 1165 1244 Lonely Wives.“ a farce, in which Ed¬
2307 1205 3003 1267 atmosphere of gay uniforms and
437 1204 1143 1281 ward Everett Horton, Patsy Ruth
2306 1240 3005 1310 drinking festivities. Also the same
429 1231 1147 1317 Miller, Laura La Plante and Esther
427 1271 854 1336 Balston are featured.
2309 1288 2818 1337 excellent brand of acting.
473 1316 1149 1382 Lesseehm as a continental flaver.
2346 1325 3014 1380 The new piece—by way of adding
1427 1303 2048 1393 BALTINTORB IMarland) NEWS
423 1351 1143 1404 due to tne fact that its author and
2315 1350 3007 1409 to its further claims—is a droma
1460 1371 2002 1452 Mendar. May 18. 1931
426 1371 1129 1445 director, Jacques Feyder, a French¬
2298 1398 2995 1450 from ihe pen of the noted Viennese
436 1414 1145 1495 man, are both Europeans. Novarro
2317 1435 3001 1484 writer, Dr. Arthur Schnitzler. It is
433 1451 782 1494 plays Willi Kasda.
2309 1470 2994 1524 called Daybreak“ and is the fca¬
465 1480 1134 1547 Tlie story is done in the best sophis¬
2318 1504 3000 1571 ture offering of the Stanley Theater
1401 1485 2085 1569 neue seCopn play of the trilogy is
417 1497 1130 1581 ticated style of Schnitzler, the distin¬
2306 1543 2601 1603 for the werk.
1406 1556 1933 1606 laid alard a clipper ship.
417 1550 1132 1627 zuisled author of The Affairs of Ans¬
2460 1578 2846 1649 Continental Story
420 1586 1123 1650 tol.“ It ic, like Anatol, a tale abont
415 1621 1122 1671 a gay love adventureh, hut the similar¬
2346 1613 2990 1697 Daybréak“ is one of those smart,
412 1645 1133 1705 tty stops tliere. The pieture starts on
2306 1678 2998 1727 gay Continental affairs set in Vien¬
1375 1663 2068 1759 STANEET HAs
461 1694 1139 1754 hote of garest comedy and swings
2300 1703 3004 1769 na before the war. The Hero is
411 1716 1131 1785 through tüe emtire gamut of emotions,
2302 1745 3007 1799 Lieut. Willi Kasda, ctherwise No¬
457 1760 1119 1821 Kasda, the lover, hes berome 5
2306 1787 3003 1839 varro, and the heroine, who should
407 1791 1142 1872 accustomed to conquests, that he-has
1439 1741 2016 1871 NOVARRO’S
2308 1817 3002 1864 have been menticned earlier, is
2301 1847 3007 1909 Laura Taub. Sheut# elso Helen
2303 1890 2985 1955 Chandler, favgnabfy knöwn for her
1525 1904 1918 1987 LATEST
2298 1931 3002 2007 rechnt screeff ppearances in Quto¬
2312 1976 2856 2021 ward Böund“ and Dracula.“
1438 1978 2063 2055 RAMON NOVARRO makes his
2352 2011 3006 2067 Without spolling the story with
1394 2042 2066 2102 latest screen appearance today
2298 2046 3000 2102 an attempted synopsis, it mar be
536 2041 1197 2122 NERTTORD TCasbedem) 1017.
2308 2073 2992 2134 revealed that Willi is a gay sung
1397 2081 2054 2144 at the Stanley Theatre in a talkie
546 2105 1189 2179 Wednesdar. May 13 1931
2312 2120 2987 2168 blade of an vmv officer and Laura
1404 2135 2063 2197 adaptation oftde Arthur Schnitz.
2308 2155 2987 2206 is a music teacher. Willt rescues
1396 2167 2047 2247 Der drama, Saybreak,“ a ro¬
2296 2187 2998 2261 Laura from the unpleasant idvances
1420 2218 2062 2288 nance of Vienna before the war.
2299 2239 2980 2284 of one Herr Schnabel (Hersholt)
2312 2270 2989 2323 and receives more gratitude than
1439 2275 2062 2326 The star deserts his recent
2299 2303 2989 2357 the young woman should have af¬
1410 2300 2056 2372 Spanish characterizations for the
763 2304 899 2381 #
2296 2342 2999 2394 forded As a result, she 5 sadly!
1399 2336 2082 2422 role of Wili Kasda, Zieutenant in
2305 2381 2985 2436 disillusioned when Willi very gently
1403 2395 2060 2465 the Royal Guard the most dash¬
2299 2417 2896 2481 tells he cannot afford a wife.
662 2418 987 2503 TDAYBREAK“
1399 2444 2041 2505 ing officer’s corps in all Austria.
2423 2456 2864 2517 Sophistication Rules
1442 2494 2068 2556 Kasda meets Laura, a seam¬
2333 2505 2993 2557 That’s a sophisticated start for a
458 2507 1191 2583 Ranzon Novarro Film and Lonely
1414 2530 2069 2580 ler drama, Daybreak, a ro¬
2291 2542 2981 2608 story, and it keeps right on being
501 2564 1160 2618 Wives“ at Regal Starting Thursday.
1407 2563 2069 2626 unwelcome attentions of Schna¬
2302 2591 2989 2631 sophisticated as the film unwinds,
488 2600 1174 2662 Ramon Novarro’s latest picture,
1419 2612 2059 2658 bel, a gross but wealthy civilian.
2294 2615 2985 2675 featured by Laura’s determined fling
473 2647 1185 2697 Daybreak, which was made from a.
1412 2639 2066 2698 „In a whirlwind courtship he wins
2294 2665 2991 2709 at life and Willi’s belated determin¬
466 2688 1179 2727 story by Arthur Schnitzler, a love story
1425 2675 2077 2745 the heart of Laura. Welen Chas“
2302 2701 2854 2751 ation t: win back her love.
465 2684 1241 2756 of Vienna before the war, will head the
1420 2715 1845 2785 dler is the heroine.
2331 2728 2997 2784 Another actor who will be greatly
473 2743 1190 2798 new program which starts at the Regal
2299 2765 2995 2831 enjoyed is C. Aubrey Smith, he of
459 2790 1193 2839 theater on Thursday. The co-feature
2310 2808 2987 2862 Bachelor Father“ fame. Still
488 2817 1187 2858 will be Lonely Wives,“ a farce, with
2301 2852 3000 2902 others in the able cast are William
462 2844 1188 2897 Edward Everett Hortof, Esther Ralston,
2291 2882 3005 2941 Bakewel! Karen Morley, Glen Try¬
454 2896 1188 2948 Laura La Plante and Patsy Ruth Mil¬
2306 2917 2710 2972 on and Clyde Cook.
468 2923 552 2979 ler
521 2945 1188 2999 Iron. Man.“ with Lew Ayres and
2342 2953 2978 3011 For an evening’s entertainment,
464 2976 1190 3025 Jean Harlow, and God’s Gift to
2305 2973 2981 3035 Daybreak“ can be recommended
481 3014 1188 3076 Women,“ starring Frank Fay, will be
2318 3027 2669 3090 — ichout hesitation.
2772 3033 2984 3090 J. MC.
470 3058 1058 3118 snown for the last time to-day.
513 3083 1185 3142 Daybreak“ is an adaptation by Ruth
469 3120 1192 3165 Gummings and Cyril Hume of Dr. Ar¬
471 3158 1190 3209 thur Schnitzler's highly successkul re¬
464 3202 1193 3235 mance of Vienna before the war. Jac¬
1956 3191 2261 3270 N T SUN
469 3231 1190 3274 ques Feyder, of Paris, was assigned to
465 3249 1190 3302 direct this opus, in erder that all of
471 3285 1192 3359 its distinctive Continental flavor might
2102 3295 2219 3378 TE
476 3334 726 3382 be retained.
510 3345 1190 3407 The stellar character is Tleutenant
1811 3357 2185 3424 At the Capitot.
483 3401 1184 3438 Willi Kasda, debonair officer and love
1661 3386 2363 3478 Arthur Schnitzler's Daybrcak“ is
465 3430 1188 3486 adventurer. Love has been just a game
1644 3448 2350 3518 now a picture adapted by Ruth
462 3462 1188 3529 to hhn, until he meets Laura. He can¬
1640 3485 2352 3547 Cummings and Cyril Hume as a
471 3496 1188 3546 not marry her, because an impecuniovs
1638 3513 2351 3594 starring film for Ramon Navarro.
477 3537 1189 3586 officer must marry a wealthy girl. This
481 3565 1197 3619 situation starts un a train of highly
1647 3567 2357 3626 The star plays the young Austrian
488 3601 1123 3655 dramatie circumstances, involving
1637 3592 2358 3654 officer who becomes entangled in
475 3635 1197 3695 noveau riche money-lender, Schnabel.
1633 3633 2361 3702 a love affair with a pretty musie
512 3669 1191 3718 The pripelpal feminine pleyer is
1650 3661 2359 3743 teacher. The girl, played by Helen
468 3696 1190 3750 Helen-Chandler, who scored in Out¬
1642 3709 2357 3777 Chandler, is bitterly disillusioned
475 3735 1181 3803 ward Bound“ and:Dracula.“ Other
1645 3750 2354 3818 and determined to have her fling at
468 3772 1190 3828 players of note include Jean Hersholt,
1652 3797 2361 3849 life. Jean Hersholt and C. Aubrey
527 3800 1187 3857 Aubrey Smitte. William Bakewell,
470 3817 529 3858 C
1656 3821 2354 3888 Smith are prominent in the support¬
470 3842 1188 3898 Karen Morley, Kent Deugises and
1656 3859 2357 3929 ing cast. Jacques Feyder directed.
465 3886 740 3947 Glenn Tryon.
1681 3904 2355 3953 Fred Waring and his Pennsylvan¬
1657 3946 2354 3990 ians head the Capitol stage show.
1660 3977 2360 4035 Evelyn Nair, the Three Girl Friends,
1655 4019 2377 4086 Kate Smith and Tonita ars among
1662 4059 2188 4119 the principal entertainers.
