3204 4384
1030 138 1233 195 auel
533 134 801 207 im Moi
50 133 1247 248 34. Spiel geng
422 1928 616 2065 0
538 2231 1039 2332 ARTHUR SCHNITZLER
167 2361 1036 2461 ICHNITZLER’S notebooks are re¬
163 2402 288 2529 S
280 2442 1047 2524 plete with unwritten books—not
178 2496 1060 2575 one, hundreds of them. He has folders
169 2569 1023 2640 labelled, Plans, Novel Material,
178 2634 1041 2718 Drama Material, etcetera. When¬
173 2698 1057 2765 ever an idea occurs to him, he jots it
169 2763 1056 2849 down, and it is then filed away in its
177 2832 1058 2915 proper folder. When he is in need of
570 2912 1047 3003 (Continued on back flap)
1429 115 1751 200 box 6/1
2125 1293 2635 1374 (Continued from front flap)
2123 1379 2990 1460 material, he glances over these note¬
2113 1441 2998 1505 books and finds what he wants. Often
2114 1493 2996 1571 he sees that a plan for a book has
2112 1561 3003 1654 grown within him, while he was totally
2123 1628 2998 1710 unaware of it. A chance word jotted
2123 1699 3003 1770 down, perhaps years ago, brings up
2124 1768 3003 1828 a whole situation that has been grow¬
2128 1842 2993 1911 ing in his mind. Some recent happen¬
2132 1905 3013 1960 ing may throw light on a sentence
2130 1958 2717 2044 here, on a thought there.
2173 2018 3007 2106 Daybreak For instance, appeared
2128 2087 3003 2170 thirty-five years ago as an eight-page
2138 2149 3009 2247 zketch. At that time it was to him an
2140 2230 3013 2281 unimportant piece of work, a mere
2133 2275 3009 2359 outline of a situation that occurred to
2138 2344 3021 2431 him at the time. Ever since then he
2128 2419 3013 2496 has felt that the matter was not set¬
2136 2467 3015 2545 tled; it bothered and pursued him like
2133 2543 3020 2624 a duty undone. Here we have the
2140 2610 3019 2687 novelette: the mature work of a ma¬
2145 2682 2416 2764 ture artist.
