3204 4384
60 91 243 185 34
468 93 585 176 1 1
630 107 1275 178 Mordengrauen
1414 95 1786 197 box 6/1
232 114 1324 225 Spie. II 1.  6—
1397 1192 1866 1285 Rwtkkais-
1483 1252 1747 1333 GRTBINE
1358 1301 1899 1415 November 18, 1927
1315 1417 2003 1515 SCHNITZLER AT HIS BEST
976 1591 2389 1678 If you believe that the content of a story counts
790 1661 2339 1735 for anything at all you are likely to get only a tepid
787 1713 2389 1784 pleasure out of Viennese literature; if Vienna produces
784 1760 2378 1848 cnaracters worth writing about, as so large a city must,
793 1816 2299 1892 Viennese authors rarely vrite about them.Daybreak“
789 1877 2315 1955 (Simon and Schuster), Schnitzler’s latest, deals with
781 1941 2278 1996 the last forty-eight hours in the life of Lieutenant
779 1990 2383 2083 willi Kasda, the average sensual Austrian officer, fet,
776 2050 2385 2112 as you read on, you forget that it is about so trivial a
777 2105 2397 2170 person as willi Kasda in admiration for Schnitzler's per¬
779 2161 2328 2231 fect handling of the story; and then suddenly the plot
779 2227 2363 2298 explodes like a skyrocket, and in the light of dropping
778 2268 2324 2327 stars you see all the life of willi Kasda suddenly 11¬
782 2327 2300 2382 Lumined, and a good many more lives with it. For the
773 2376 2223 2451 act that ruined Willi was comnonplase and ordinary
777 2426 2291 2511 even, it might have seemed at the moment, almost gen¬
783 2503 2271 2567 erous; the sort of thing that in one form or another
777 2546 2297 2601 is done half a dozen times a week by ordinary, thick¬
774 2607 2283 2676 witted, well meaning human beings And then
784 2644 2330 2707 the light goes out and Vil11 Kasda with it and you are
773 2710 2426 2783 left shivering in the dark, rather wishing that Schnitzler
771 2769 2373 2851 had never let the Lieutenant be so ilIumined by the par¬
764 2818 1046 2887 ticular
