3204 4384
866 338 994 393 Caj.
1028 320 1517 408 Pabutdei un Aeren
2115 347 2530 431 Uter Nr Narr
761 357 1931 452 geordneten Karl Csäk, Koloman Daränyi, Stefan
1934 393 3094 475 und feierten den Ministerpräsidenten mit anhaltenden Eljen¬
763 408 1934 476 Görgey und Dionys Patacsy zu Mitgliedern des In¬
1933 455 3094 535 rufen. Als sich der Beifallssturm gelegt hatte, ergriff
762 462 1934 538 kompatibilitätsausschusses der Partei gewählt.
1931 500 3104 583 Ministerpräsident Graf Stesan Bethlen das Wort zur
852 517 1933 574 Der Konferenz schloß sich das übliche Parteisouper
1926 540 3103 640 Erwiderung. Seine Rede veröffentlichen wir an der Spitze
751 549 1932 625 an, in dessen Verlauf Abgeordneter Dr. Kencz einen Trink¬
1928 566 2298 655 unseres Blattes.
2002 641 3043 731 Konferenz der Christlichsozialen Wirtschaftspartei.
750 651 1939 732 die uns vertraut und doch fremd sind, und an denen wir
2008 699 3094 782 Die Christlichsoziale Wirtschaftspartei hielt heute abend
759 727 1927 800 nicht nur die Nebenmenschen, sondern auch uns selbst ver¬
1933 749 3090 825 unter dem Vorsitze Karl Hußärs am Vorabend der Wie¬
752 771 1918 835 stehen lernen. Im „Anatol“, in „Liebelei“, in „Freiwild“
1929 783 3095 858 deraufnahme der Parlamentstätigkeit eine Konferenz ab, zu
755 808 1932 887 und in dem vielverlästerten und trotzdem überaus geist¬
1926 839 3096 907 der die Mitglieder der Partei in großer Anzahl erschienen
751 867 1929 934 vollen „Reigen“ tauchen die Sünden der modernen
1935 887 3097 950 waren. In seiner Eröffnungsrede gedachte Karl Hußär in
749 914 1889 978 Erotiker auf, in dem prachtvollen „Grünen Kakadu“ —
1928 922 3097 982 pietätvollen Worten Ignaz Daränyis, dessen Schöpfun¬
747 955 1927 1029 wohl die packendste kleine Tragödie der neueren Litera¬
1947 974 3089 1041 gen die Grundsteine der christlichen Wirtschaftspolitik bilden.
1926 1005 3086 1079 Referent Abgeordneter Petroväcz erörterte das Bud¬
753 1012 1928 1076 tur —, im „Medardus“, im „Schleier der Beatrice“ und
1958 1057 3101 1132 jet des Kultusministeriums, worüber sich eine
752 1070 3105 1192 in den tiefen Erzählungen „Die Toten schweigen“ und eingehende Debatte entspann. Abgeordneter Gyömrey
756 1097 1925 1172 „Sterben“ weht uns der Schauer des Vergehens an; im
1918 1131 3092 1213 brachte die Frage der Bürgerschulen zur Sprache.
751 1163 1922 1216 Schauspiel „Professor Bernhardi“ wird dem zeitgenössi¬
1920 1175 3097 1251 Abgeordneter Dr. Esilléry urgierte die Behebung der
747 1203 1925 1275 schen Rassenzelotismus die Maske vom Gesicht gerissen,
1914 1232 3089 1298 Mängel an den Universitätskliniken und Spi¬
747 1246 1233 1315 und in „Literatur“
1249 1264 3098 1335 - sicherlich eines der köstlichstenstälern. Es sprachen noch die Abgeordneten Haller,
744 1306 1930 1368 Lustspiele unserer Tage — wird mancher Gernegroß des
1924 1302 2326 1384 Frühwirth, Hr.
2489 1325 3086 1379 kossalka, Dr. Erußt und
1921 1356 2186 1413 Dr. Czeti
744 1357 1927 1409 Schrifttums mit seinen Wallungen und Ballungen aufs
2318 1347 3094 1424 # Paul Joanovich und Julius
1930 1400 3090 1466 Szöke. Abgean sprach über die materielle
737 1419 1918 1476 Korn genommen und vom Pfeil der Lächerlichteit ver¬
1916 1445 2428 1492 Lage der Professoren und
2622 1452 3087 1516 kündigte an, daß er im
746 1436 1912 1516 nichtet. Auch zahlreiche Typen der k. u. k. Armee hat, w#
1942 1478 3085 1576 ife der Budgetdebatte über die Frage im Hause sprechen
735 1499 1916 1571 schon bemerkt, der Tichter in seinen Werken gezeichne
1945 1528 2043 1592 wer
734 1543 1923 1606 darunter die merkwürdigsten vielleicht in der neuen
737 1583 1917 1663 Novelle „Spiel im Morgengrauen“, und wenn uns die
1927 1581 2615 1671 Ueberreichung des Beglaubigungss
2653 1575 3088 1688 speus des ungarischen
739 1641 1916 1708 hier auftretenden Offiziere mit ihren Ehrbegriffen ein
2238 1650 2779 1717 Gesandten für Albanien
739 1686 1926 1767 wenig antiquiert erscheinen mögen, ritterlich und männlich
1995 1681 2888 1767 Aus Firana wied telegraphiert: Der ##nge
744 1735 1927 1810 waren sie sicherlich. Wir fühlen mit ihm, daß das alte
1924 1728 2942 1803 fandie in Rom Andreas" Höry, der mit der Ver
1925 1788 3088 1841 Ungarns auch in ###ba##n betraut worden war, hat heute
747 1797 1918 1858 Heer einen besseren Ruf verdient hätte als den, den es nun
1919 1833 2504 1896 nachmittag Achmed Jogus, d
2546 1841 3087 1899 Peösidenten der albanischen
737 1837 1914 1902 zu tragen hat. Jedes Werk Schnitzlers zeigt den Dichter
1919 1867 2475 1936 Republik, sein Beglaub
2674 1878 3079 1947 chreiben über¬
735 1880 1918 1947 und den Menschenkenner, aber auch den allen Rätseln
1920 1911 2548 1995 reicht. Die Audienz des Gesand
2702 1922 3086 1986 # im Rahmen einer
740 1931 1920 2003 des Daseins nachgrübelnden Philosophen. Bilder und
1920 1954 2516 2021 feierlichen Zeremonie. Vor dem
2497 1973 3085 2025 alast des Staatsoberhauptes
734 1975 1911 2046 Szenen aus Gegenwart und Vergangenheit läßt er vor
1911 2002 3089 2083 hatte eine Ehrenkompagnie Aufstellung genommen und als der
740 2024 1915 2098 uns abrollen. Wir sehen die „Puppenspieler“ des All¬
1912 2043 3089 2133 Gesandte vor dem Palais anlangte, spielte die Militärkapelle
731 2089 1900 2147 tags, die grotesken Figuren des „Großen Wurstels“,
1908 2085 3083 2143 den ungarischen Hymnus. Der Präsident gewährte dem Ge¬
734 2140 1909 2197 und überall das grausame Spiel des Zufalls, hin und
1912 2135 3081 2196 sandten v. Höry eine dreiviertelstündige Audienz, der sodann
737 2177 1908 2236 wieder auch den brutalen Zufall des Spiels. Die große
1908 2174 3079 2236 die in seiner Begleitung befindlichen Legationssekretäre Dr.
1907 2232 3076 2287 Johann Vörnle und Konstantin Schindler vorstellte
733 2209 1905 2292 Komödie des Lebens ersteht im Werk Artur Schnitzlers
1917 2275 3077 2356 Der albanische Außenminister wird zu Ehren des ungarischen
734 2256 1906 2363 und er beweist uns, daß sie häufig bloß eine kleine
1911 2308 2830 2387 Diplomaten morgen ein Galadiner veranstalten.
734 2307 1327 2406 „Komödie der Worte“ ist.
2205 2362 2784 2452 Die Kecskeméter Petition.
1624 2360 1877 2453 X. I. Z.
1976 2421 3067 2506 Der Szinyei=Merse=Senat des Verwallungs¬
1892 2481 3085 2573 gerichtshofes setzte heute vormittags 10 Uhr die Ver¬
