3532 4256
613 145 1556 230 piel im Morgendrauen
1695 152 2080 245 box 6/1
354 161 1567 273 34 S
508 1504 704 1582 wird um.
1335 1528 1687 1624 Fischer.
431 1546 495 1633 n.
500 1557 900 1642 Berlin, erscheien.
1633 1601 1958 1674 odes griechisel
864 1596 1304 1682 Ein neuer Schnitzler.
1730 1660 1941 1713 Massimo
589 1652 1663 1745 Nachdem das Theater in der Stresemannstrasse, Berhn
1670 1678 1909 1753 Reclam jun
503 1701 1659 1769 eine Neueinstudierung von Arrliur Schnitzlers Professor Bern¬
1739 1737 1943 1793 Ferdinan
507 1733 1648 1816 hardi mit Kontner monatelang mit grösstem Erfolg gespielt hat.
1673 1753 1809 1841 Berlin.
492 1764 1659 1854 bereitet die Volksbühne. Berlin, eine Dramatisierung der No¬
1730 1801 1930 1878 André (
502 1810 1174 1877 velle: Spiel im Morgengrauen vor.
1661 1837 1917 1911 stalt, Stuttg
409 1857 490 1907 fur
561 1858 1656 1921 Und wann sicht man in Deutschland das bisher nur i.
1723 1889 1911 1945 Arnold
503 1880 1666 1991 Wien und Prag gespieke, jüngste Werk Schnitzlers: Im Spiel
1715 1929 1911 1984 Ilja Eh
494 1924 893 1991 der Sommerlüfte?.,
430 1935 490 1996 ch
1652 1942 1814 2023 Berlin.
620 1973 1592 2046 Eine Million Remarque — in deutscher Sprache.
1727 1996 1897 2060 Gaston
392 2023 494 2079 tes
552 2005 1890 2107 Der Propyläen-Verlag giebt soeben bekannt, dass die lag. Strast
393 2061 489 2111 en,
490 2040 1657 2127 deutsche Auflage des vielumstrittenen Kriegsbuches von Erich
1719 2084 1868 2138 Hans
404 2102 492 2148 ie-
489 2089 1650 2167 Maria Remaroue: Im Westen nichts Neues die erste Million
1664 2098 1870 2179 & Co Ver
391 2140 1880 2234 rn-überschritten hat. Diese Absatzziffer, die in 15 Monaten er¬ Raine
595 2167 846 2230 Pirde ctalle
2268 282 3136 374 CAIINOS IN OSTERREICH
2356 373 3046 421 BadenSalzburg Semmering
2265 409 3126 464 Roulette — Baccara — Chemin de fer
2268 477 3123 538 Osterreichische Casino A. G.
2264 523 3136 561 Wien III, Schwarzenbergplatz 5a
2257 626 2745 724 „OBSERVER“
2507 698 3129 753 I. österr. behördlich konzessioniertes
2498 740 3129 788 Unternehmen für Zeitungs-Ausschnitte
2512 781 3134 820 Wienl, Wollzeile 11, Telephon R-23-0-43
2258 944 2630 1025 Ausschnitt aus:
2622 992 2982 1093 Bsdener Zeltg
2269 1174 2409 1228 vom:
2558 1174 3039 1299 1 4. MiZ. 1836
2273 1332 3261 1428 On parle français — English spoken —
2182 1383 3258 1475 Si parla italiano. Auch in der Kurstadt hat jedes
2205 1441 3245 1536 Kaffeehaus seine von Mokka und Zigarettenduft
2201 1502 3236 1561 unabhängige besondere geistige Atmosphäre. Da
2193 1530 3240 1609 gibt es das mondäne Etablissement mit Musik¬
2190 1600 3232 1674 betrieb, das ruhig=vornehme Café, in dem Kur¬
2193 1636 3247 1735 gäste und Einheimische ungestört ihre Zeitung
2202 1696 3237 1783 lesen können, das gediegene Stammlokal der Ge¬
2196 1749 3232 1825 schäftswelt, das unblutige Operationsfeld der
2200 1789 3221 1872 Arzteschaft usw. Außerdem gibt es noch das histo¬
2188 1826 3233 1924 rische Kaffeehaus, dessen gut erhaltener Bau aus
2192 1896 3237 1980 dem Jahre 1802 mit der später errichteten schönen
2191 1928 3231 2017 Kolonnade von Altwiener Meistern oftmals ge¬
2194 1995 3236 2069 zeichnet und gemalt wurde und dem nicht nur
2188 2048 3234 2114 der vaterländische Dichter Castelli in seinen Wie¬
2177 2062 3231 2167 ner Lebensbildern“ (1844), sondern auch Artur
2194 2131 3223 2210 Schnitzler in seiner Novelle „Spiel im Morgen¬
2190 2182 3230 2249 grauen“ ein literarisches Denkmal setzte. Dieses
2194 2237 3228 2307 Kaffeehaus besitzt Tradition. Schon vor hundert
2197 2280 3232 2345 Jahren traf sich dort, was in Baden Rang und
2177 2314 3233 2387 Namen hatte, und so mancher erlauchter Geist
2183 2395 3232 2466 mag in den anheimelnden Räumen Inspiration
2177 2431 3229 2487 zu künstlerischem Schaffen empfangen haben.
2190 2478 3226 2561 Noblesse oblige! Noch heute ist es das Zentrum
2187 2524 3230 2595 der Badener Intellektuellen. Also ungefähr das,
2177 2584 3215 2653 was für Paris das Café „du Döme“ für Berlin
2182 2625 3202 2702 das „Romanische“ für Wien das Café „Central“
2175 2659 3218 2740 bedeutet. Auf diesem gastfreundlichen Boden lau¬
2178 2724 3210 2804 tet die unausgesprochene Parole: Verständigung.
2172 2778 3217 2841 Verständigung von Mensch zu Mensch, von Land
2171 2818 3228 2895 zu Land, von Nation zu Nation. Das wichtigste
2174 2869 3212 2950 Verständigungsmittel ist bekanntlich die Sprache,
2166 2914 3221 3008 und so verfiel die Besitzerin, die selbst mehrere
2179 2964 3216 3044 Sprachen meistert, auf die glückliche Idee hier
2173 3023 3221 3091 einen Club polyglotte zu gründen, der seinen
2171 3074 3203 3140 Mitgliedern Gelegenheit geben sollte, sich in frem¬
2163 3105 3218 3201 den Sprachen zu üben. In einem stillen Winkel
2162 3154 3215 3247 versammelt sich unter Leitung einer „Eingebore¬
2168 3204 3207 3284 nen“ jeden Dienstag abends der englische, Mitt¬
2159 3251 3213 3331 woch der italienische, Freitag der französische
2161 3309 3220 3383 Cercle zu angeregter, zwangloser Konversation.
2162 3374 3217 3441 Selbstredend ist dies kein Unterricht, es wird auch
2162 3412 3211 3479 weder ein Honorar, noch ein Mitglieds= oder
2165 3457 3204 3535 Spesenbeitrag eingehoben. Jeder Gast ist gern ge¬
2156 3514 3208 3574 sehen, bzw. welcome, bien-venu und benvenuto.
2160 3568 3219 3628 Insbesondere soll dem ausländischen Kurgast die
2154 3613 3204 3679 Möglichkeit geboten werden, sich in seiner Mutter¬
2154 3656 3214 3722 sprache zu unterhalten und geselligen Anschluß zu
2158 3697 3212 3781 finden, eine Möglichkeit, die für die Förderung
2157 3753 3196 3826 des Fremdenverkehrs nicht zu unterschätzen ist.
2143 3803 3186 3872 Darum versäume niemand, den sein guter „Stern“
2145 3864 3205 3915 hierhergeführt hat, die günstige Gelegenheit beim
2330 3898 3176 3974 zu packen! Margarethe Kollisch.
