3204 4384
298 198 434 267 16
449 190 1236 267 im Morgengrauen
946 185 1745 307 uae box 6/1
-3 187 947 306 34. Spiein hergeng
980 856 1200 947 Wiener
542 971 656 1067 S
643 916 2165 1083 Allgemeine Zeitung
661 1398 2016 1646 NCUNdS
2699 1567 2873 1659 S
142 1637 458 1722 n
661 1645 2787 1748 Wechenrübrik der „Wiener #ligemeinen Seitung
67 1701 687 1814 R
1157 1730 2173 1817 füretteratur und t.
1990 1818 2914 1899 Abenteuers in die Enge eines Kommiß¬
61 1832 163 1912 18
149 1806 1091 1932 Mariette Lydis, die
1106 1800 1991 1951 mondäne Malerin
1994 1881 2925 1939 leutnaatslebens zaubert, aus der Lächer¬
1986 1934 2909 1995 lichkeit der Begriffe den Sturm der Tat¬
540 1925 1611 2004 Ein österreichischer Erlolg in Paris
1994 1987 2918 2052 sachen zwingt und die seltsam halbwachen,
460 1991 1675 2053 Luxembourg kauft bereits ihr drittes Bild
1992 2017 2926 2106 fast grauenhaft unbestimmt=scharfen Ge¬
261 2036 1038 2123 So wie eine Malerin nicht auszusehen
1108 2041 1956 2123 Paris, wo sie seither lebt, das größte Auf¬
1991 2067 2919 2146 stalten vorüberwehen# Erscheinung:
193 2096 1052 2156 pflegt, sicht sie aus. Eine sehr mondäne, eine
1111 2109 1957 2171 sehen. Eben erst wurden zwei Heiligenbilder
1996 2125 2920 2191 Morgengrauen im Traum könnte die Mei¬
200 2153 1047 2200 sehr schöne und sehr elegante Dame ist
1113 2154 1955 2220 von ihr neuerdings vom Musé de Luxembourg
1998 2171 2922 2260 sterepisode lössiger Bitternis nicht minder
1111 2198 1964 2269 angekauft. Ihre letzte Ausstellung in der
181 2194 1052 2260 Mariette Lydis. Und doch — gegen diesen
1998 2228 2164 2306 heißen.
199 2241 1054 2302 äußeren trügerischen Schein — steckt in ihr
1117 2253 1957 2302 Gaierie Girard brachte einen solchen Erfolg.
1117 2280 1965 2335 daß sie mi Aufträgen überhäuft wurde. Im
200 2282 1042 2341 eine wirkliche Künstlerin, die sich in ihren
2085 2287 2917 2365 Unheimlich hängt darüber mit zartem
1117 2329 1955 2398 Laufe dieses Jahres finden nicht weniger als
191 2328 1051 2388 heiterne, sarbenreichen, kapriziös=luxuriösen
1999 2326 2909 2403 Pastellstift geführt, Duft und Nacht eines
191 2381 1046 2435 Illustrationen ebenso verrät wie in der Ge¬
1122 2373 1960 2440 funf Ausstellungen ihrer Arbeiten statt: im
107 2372 163 2436 e,
1993 2382 2909 2448 sinnlos süßen Frühlings, Dichters berau¬
201 2409 1048 2477 staltung tragischer Probieme des mensch¬
1125 2412 1962 2482 Juni in Paris, im August in Ostende, im
115 2428 174 2496 n
1991 2431 2920 2517 schende Laune. Und bleibt wie eine Wolke
200 2457 1045 2523 lichen Verbrechens. Sie malt die gewagtesten
1125 2457 1957 2527 Septemebr in Biarritz, im Oktober in
1989 2489 2917 2572 verhauchender Dämmerung, schwebend über
193 2501 1045 2570 Dinge mit dev. Ernst des Realismus und
1122 2502 1946 2573 Amsterdam, im November in New=York.
2007 2539 2330 2615 den Schatten.
193 2555 1040 2609 der leichtbeschwingten Grazie ihrer tempera¬
1112 2550 1960 2626 Augenblicklich arbeitet sie an der Illustration
1116 2597 1481 2660 von fünf Büchern.
197 2599 1044 2657 mentvollen Phantasie. Jeder Strich, den sie
2314 2578 2902 2677 Ludwig Ullmann. #
1177 2618 1962 2715 Mariette Lydis ist in Wien geboren. Sie
202 2643 1047 2705 zeichnet, besitzt Persönlichkeit. Ihre Bilder
68 2658 157 2744 en
1115 2676 1960 2745 hat nie einen Lehrer gehabt. Sie verspürte
197 2685 1047 2753 sind in erster Linie interessant, sie sind ein
2051 2705 2912 2771 Paul Frank, „Der Ruf durchs Fenster“, Lutz¬
58 2722 171 2785 er
1123 2735 1962 2794 frühzeitig eine große Reiselust und sie reiste
187 2731 1045 2794 aufgezeichnetes Paradoxon aus Romantik und
1986 2755 2905 2810 Verlag; — Wie wenige versteht es Paul Frank,
64 2772 169 2835 #re
1114 2783 1962 2832 in der Welt herum, von Rußland bis nach
193 2777 1049 2854 Modernität, aus Realität und Traum, aus
1984 2802 2918 2860 orignelle literarische Wege zu gehen, eigenärtig
54 2814 166 2881 er¬
195 2819 633 2895 Aenteuer und Astese.
1117 2828 1964 2894 Amerika. Sie hat wahrscheinlich ihre Malerei
1984 2835 2915 2886 in der Erfindung, spannend und prächtig aufge¬
1120 2873 1962 2923 anfangs selbst gar nicht ernst genommen.
267 2860 1047 2933 Heute steht sie mitten in einer sich über¬
1981 2873 2920 2934 baut der Struktur nach. Der berühmte Schau¬
1994 2905 2913 2965 spieler, den ein kleiner Unfall aus dem wissen¬
1122 2918 1962 2974 Aber ein wahrer Künstler gelangt selbst auf
198 2917 1040 2973 stürzenden Karriere. Nachdem gerade vor
1987 2954 2903 3007 den Leben wirft, ist an sich eine Figur. d#e die
1122 2956 1957 3037 den merkwürdigsten Wegen zu seiner Kunst.
186 2971 1039 3026 eiem Jahr das Musé de Luxembourg ihr
63 2968 155 3026 no
1991 2987 2907 3064 Phantasie befruchtet. Die Verbindung dieses
1850 3007 1913 3065 S.
190 3001 1048 3076 Selbstbildnis erworben hatte, erregte sie in
60 3002 168 3078 n=
1991 3024 2948 3088 Schicksals mit dem Theater, die strenge Logik
56 3065 162 3139 ler
1991 3079 2915 3128 einer Handlung, die, im grellen Licht des Tages
1988 3107 2919 3172 geschehen, eigentlich gespenstische Wiederholung
56 3120 155 3173 n,
159 3127 1072 3199 tische Wucht; der Marmorschritt dieses so¬
1986 3153 2915 3194 von der Bühne her ist. Die innige Verflechtung
1075 3126 1988 3218 genießerischer Revolte, heute ein Glanz Er¬
1993 3194 2917 3239 von Schein und Wahrheit sind nicht nur überaus
162 3187 1077 3250 zusagen felsenfest taumelnden Stils, einer
1082 3197 1992 3273 innerung und Blüte eines fernen Früh¬
1983 3225 2915 3283 reizvoll, sondern auch auf dem Hintergrunde
165 3247 1071 3313 Verworrenheit, hinter der ungemein heller
1080 3242 1980 3303 lings: Vorkriegsbiedermaier. Kaum weni¬
2774 3271 2906 3318 zum
1988 3261 2781 3322 krimineller Vorgänge spannend bis
166 3283 505 3361 Plan leuchtet.
1075 3298 1981 3362 ger fern, als die tragischen weißen Waffen¬
1992 3306 2900 3356 Aeußersten. Ein Buch ist es, das den Laser nicht
252 3316 1081 3400 Vielleicht nur Kenner, aber Kenner,
1985 3340 2914 3398 aus seinem Bann läßt, dabei erfeuend durch
1084 3343 1986 3409 röcke, die in jenem heroisch=schwermütigen
1992 3383 2916 3452 schöne Sprache — ein Gewinn also in doppelter
165 3374 1065 3442 bezaubert, bezwingt, berauscht der stolze
1075 3399 1983 3452 Offiziersdrama ins Dunkel reiten. Eine
2747 3427 2878 3482 608.
1989 3423 2173 3486 Hinsicht.
164 3442 1075 3509 Strom dieser Sprache, ihr unbekümmerter
1072 3435 1979 3493 Welt, die Erschütterung zaubert aus Vor¬
2051 3455 2907 3525 Von Francis Jammes, dem Dichter des viel¬
167 3479 943 3563 Fluß zwischen Traumspielufern .
1081 3488 1989 3551 urteilen. Doch bedürfte es der Vorurteile,
1991 3519 2909 3567 gelesenen Mädchenromans „Almaide“ ist im Ver¬
1083 3533 1976 3599 Dogmen, Kommentare nicht. Die Jugend,
1983 3556 2914 3606 lag Jakob Hegner in Hellerau ein neuer Mädchen¬
75 3554 171 3628 fe.
1070 3566 1983 3643 die hier grausam jäh endet, zerschellt an
1983 3593 2912 3666 roman „Die kleine Berhardine" erschienen. Das
161 3589 1067 3660 Aathur Schnitzlers Gegenstück
1991 3637 2829 3700 Buch enthält die Geschichte eines Säuglings.
1077 3631 1977 3688 einem Gefühlsirrtum, am Leichtsinn des
55 3628 159 3717 ns
286 3651 924 3739 zu „Leutnant Gustl“
1080 3681 1982 3746 Gefühls, nicht der Sitte. An einem fahr¬
2041 3672 2913 3749 Von Paul Claudel erschien im Verlag Jakob
1081 3728 1978 3791 lässigen Eroticon, aus dem tückische Schick¬
158 3723 1066 3809 Die Novelle: „Spiel im Morgen¬
1986 3726 2915 3790 Hegner, Hellerau, das Drama „Der erniedvigte
1991 3776 2917 3844 Vater". Mit diesem Werk ist Claudels große
1079 3780 1984 3833 salsrache Scham und Schmach bannt. Hand
201 3781 1034 3848 grauen“, S. Fischer=Verlag, Berlin
108 3799 165 3856 1=
1070 3808 2917 3902 und Sinn des Dichters: Magie des bunten Trilogie, von der bis jetzt in Uebersetzung die
253 3823 1069 3915 Und es ist auch der Ton jenes bitter¬
1092 3875 1174 3933 97
104 3866 860 3950 P rshmerks Damale
