3204 4384
504 133 818 203 im Mor
972 137 1234 203 rauen
830 141 976 205 fen
1380 131 1755 222 box 6/1
34 135 1231 223 34 Spiel
308 653 1697 863 egnsche Gercretn
886 1345 1488 1441 Duitsche Letteren.
658 1413 1717 1508 ARTHUR SCHNITZLER. SPIET, in4 MondENcRAuEN. (Berlijn.
720 1467 983 1537 S Fischer).
674 1521 1724 1581 Men is een ordentelijk jong officier, maakt niet
659 1574 1726 1616 meer schulden dan men betalen kan, speelt niet
649 1596 1721 1669 hooger dan men verliezen kan, „cen jonge, niet al te
653 1654 1725 1709 elegante officier, maar riizig, nog al aardig, niet on¬
653 1707 1724 1749 aangenaam om te zien voor de jonge dames nit de
646 1719 1725 1784 meest verschillende kringen“. En achtenveertig nur
651 1766 1148 1811 later niets meer, dood.
686 1794 1717 1873 Wat daartusschen gebeurd is, had tragisch kunnen
643 1849 1720 1904 ziin, indien een ander het verteld had. Obstfelder,
649 1882 1721 1933 dien u zich niet herinnert, maar die in Net Kruis
644 1926 1723 1973 cen vertwijfeld boekje geschreven beeft, d.t vergetel¬
651 1962 1708 2014 heid niet doodte zou u na deze acht-en-veertig nur
646 2002 1720 2051 gebroken, doorwond verlaten hebben. Maar Schnitzler
650 2041 1732 2085 breekt niet, wondt niet: hij kijkt maar en vertelt pre¬
1705 2080 2792 2157 uit kon brengen — als vragend: „„'t Is toch niet te
640 2085 1709 2154 eies wat hij ziet. Vertelt het alsof het hem noch n
1708 2135 2782 2193 weinig? Wat had je dan eigenlijk verwacht? Dui¬
638 2142 1698 2194 dets aanging, wat daar gebeurde. Gaat het ons iets
2052 2185 2787 2238 Van jou heb ik er toen maar tien
1719 2174 2052 2232 zend gulden! —
637 2180 1704 2230 aan? Het zijn immers maar menschen. Misschien heh¬
1709 2222 2781 2270 gehad, weet je nog!““ Hij deed een paar stappen naar
636 2212 1694 2262 ben zij gedacht, gewild, berouwd. Maar misschien is
1714 2254 2779 2302 haar toe. Leopoldine bleef rustig aan de deur staan.
641 2258 1696 2308 het heelemaal „zoo geloopen“. Voorbij alle bewust¬
1717 2291 2782 2342 Nu greep hij met een brunske beweging naar het
633 2305 1393 2345 beid, onberaamd en onherstelbaar.
1709 2328 2786 2374 bankbiljet, frommelde het ineen, zijn vingers trilden,
665 2327 1701 2387 Ja, als we dat wisten: als die mensehen, als dat mom
1713 2367 2783 2425 het leck dat hij haar het geld voor de voeten zou
633 2372 1697 2431 hunner gedaanten was gaa##ven, doorgebrand was
1706 2392 2778 2451 werpen. Toen liet ze de deurknop los, kwam naar
642 2407 1699 2467 door de bewogenheden der ziel, ja dan...... Dan had
1711 2444 2785 2499 hem toe, bleef oog in oog met hem staan. „ „Het is geen
642 2453 1702 2501 er nog van allerlei kunnen gebeuren, al naar mate de
1717 2485 2784 2521 verwijt'“ zeide zij. „ „Er kwam mij toen ook niet
641 2491 1704 2539 schildering naiever of verdiepter ware geweest. God
1709 2520 2782 2580 meer toe. Tien gulden — was immers genoeg, ie veel
633 2527 1693 2581 was in ons wakker geworden en zou gericht hebben
1708 2549 2783 2614 zelfa.“* En het oog nog dieper in het zijne: „ „Om
635 2563 1697 2618 over goed en kwaad, toen de dingen nog ecnvondig
1707 2600 2783 2637 nauwkeurig te zijn, precies tien gulden teveel.?“ Hij
633 2615 1686 2656 sehenen — onze zelfverheffing. Maar tocn de waar¬
1708 2631 2777 2669 keek haar strak aan, sloeg de oogen neer. begon te
635 2644 1695 2694 beid verwikkelder, milder werd, kwam een weeé
1706 2668 2778 2725 begrijpen. „„Dat kon ik niet weten.““ kwam het
637 2682 1705 2734 smaak op onze lippen, het bloedend besef van ge¬
1705 2714 2331 2767 toonlocs van zijn lippen. —
2325 2707 2772 2762 „Toch wel' “, ant¬
637 2728 1395 2774 meene schuld — de zelfvernedering.
2583 2747 2652 2795 „
1705 2745 2589 2801 woordde z1j.200 moeiljjk was het niet.“
666 2763 1693 2808 Niets van dat alles. Alle dingen in Schnitzler’s ver¬
1749 2786 2800 2835 Was er geen zachte liefde vóör geweest en die
626 2790 1700 2860 haal bewaren angstvallig den „buitenschijn', Dat doen
1712 2826 2794 2886 nacht het begeerig lustspel van haar verjaarde wraak?
623 2837 1688 2883 zij zeifs in Fräulein Else, die schijnbare belijdenis
1709 2857 2775 2910 Of doorwondde zij zichzelf met het ploegend
629 2872 1693 2926 der ziel. Daar ook doorbreekt de ziel nict opper¬
1710 2892 2774 2957 bewustziin, dat zij, die wilde ziin „van niemand af¬
624 2906 1693 2956 machtig en klaar de dubbelzinnige lichameljjkheid.
1705 2932 2772 2982 hankelijk, als — een man“, zwak en klein in hare
624 2953 1688 3001 Het is de haast apeelsche beschrijving — want
1706 2978 2771 3023 liefde zich toch weer gelaten had aan dien nóóit
633 2994 1685 3035 Schnitzler wéét oorzaak en doel — van het stum¬
1707 3009 2767 3067 begrijpenden man? Men verwachte van Schnitzler
628 3032 1686 3080 perig, armzalig tasten van buiten af naar dat geheim¬
1701 3046 2774 3099 daar geen antwoord op. Zijn problemen zijn niet
627 3058 1689 3113 zinnige, onnitsprekelijke ding, dat de ziel is, zonder
1704 3084 2774 3125 van psychologischen, maar van mathematischen
624 3102 1695 3150 döör-tastendheid. En als het verhaal uit is, weet
1701 3123 2766 3181 aard: mathematisch zuiver lost hij het psyehologische
621 3144 1697 3191 men niet: was het de paradox harer kuischheid, die
1704 3167 2775 3221 probleem in de reactie op. Hoe? Dat is het geheim
626 3179 1695 3226 voor aller oogen den mantel van haar naakte leden
1705 3212 2765 3259 der ziel. „Hoe hij zich er ook tegen verzette, begon
626 3218 1685 3261 valllen liet; toch demi-vierge? Men heeft alleen maar
1706 3244 2769 3289 hij in het diepst van zijn ziel een verborgen en toch
622 3260 1685 3307 aandachtig geschouwd naar de stroomlijnen van cen
1697 3286 2771 3330 onontkoombare gerechtigheid te speuren, die, voor¬
621 3292 1685 3354 dier versnellingen van het lot (vooral niet tragisch:
1702 3322 2765 3373 bij het armzalig avontunr, waarin hij gestrikt was,
611 3327 1681 3375 het is maar cen woord), waarin cen mensch
1702 3356 2771 3396 in zijn binnenst wezen Freep.' Maar dat woord ge¬
618 3372 1680 3412 ondergaat. En wie zich ten volle rekenschap geeft van
1707 3393 2767 3433 rechtigheid is van luitenant Kasda, niet van Sehmtz¬
618 3407 1686 3464 datgene wat hem in Schnitzler’s verhalen boeit, wéét
1706 3433 2761 3476 ler. Wat Kasda als gerechtigheid ervaart aan zich¬
617 3439 1681 3493 dat het niet het verhaal, maar deze onverzettelijkheid
1705 3469 2770 3517 zelf, — was de strenge liefde van dit woord
626 3482 1684 3531 van het gebeuren, deze physische geometrie, is, die
1702 3503 2767 3564 misschien de sublimeering der gevoelens van ecn, die
614 3522 1684 3579 hem bedwingt. — Misschien moet men van wiskunde
1699 3541 2756 3589 zich gaat verdoen, omdat hij ccn eereschuld niet op
614 3563 1649 3607 houden om heelemaal op Schnitzler gesteld te zijn.
1705 3589 2758 3628 tid betaalt? — is voor Schnitzler resultante van
659 3593 1683 3639 Ik kan niet het heele verhaal navertellen. En toch
1703 3614 2767 3672 krachten, die gerechtigheid kan zijn of ook niet kan
617 3629 1684 3679 zou dat moeten om u, lezer. den dwang van zuiver¬
1688 3656 2763 3721 ziin, belacheljjk of tragisch, „cenwig of eenmaal“,
620 3678 1684 3718 heid dezer lotsconstructie te laten voorvoelen. Dwang.
1698 3703 2379 3746 määr resultante. En niets meer.
619 3709 1682 3758 die pas volkomen wordt, door de strikte detaileering
1722 3723 2762 3780 Ik heb kort geleden al ecns gezegd, dat me dat
622 3747 1678 3790 van den schrijver, waaraan ik heelemaal geen recht
1686 3775 2758 3815 in Schnitzler zoo vasthondt: dat doorgronden van de
615 3785 1680 3838 kan doen. Hoe wordt die luitenant Kasda dien Zon¬
1691 3816 2763 3855 ziel, zonder verraad harer geheimenissen. Deze ob¬
606 3825 1676 3875 dag door het lot met kleine streekjes naar zich toe¬
1689 3841 2761 3896 jectiviteit. Dit beroepsgeheim als het ware. Dat
610 3861 1677 3904 gebarkt! Eigenlijk was alles wat hij van den dag
1692 3888 2759 3942 boeide me ook nu. Voorbij het verhaal. Hij laat geen
611 3903 1681 3948 gehoopt had, dat de familie Kessner hem ten eten
1694 3928 2761 3971 enkele illusie, dat gij luitenant Kasda, Leopoldine
608 3932 1671 3980 zou houden; een beetje om juffrouw Kessner en
1688 3957 2766 4003 nu kennen zondt. Zij blijven zo0 vreemd, als alle dui¬
608 3972 1670 4015 cen beetje meer om het lekkere maal. Maar voor de
1687 3999 2757 4047 zenden op een of twec na ons voor het leven vreemd
611 4013 1677 4058 dag aanbreekt valt hem een vroegere kameraad op
1693 4029 2760 4074 blijven en wij voor hen. En wij weten van hen even¬
613 4048 1668 4095 het Jiff: hij moet duizend gulden hebben om een
1691 4069 2755 4114 veel als we van alle duizenden kunnen wetch, in¬
613 4088 1673 4129 kastekort aan te zuiveren voor mörgen gecontro¬
2029 4114 2204 4145 andacht
1669 4111 2014 4145 dien we maar
2544 4112 2733 4154 IOPIRBETN
2346 4113 2492 4155 Kontler
