3296 4320
446 16 548 83 D 1
662 16 1402 95 im Morgendrauen
177 4 1399 133 34 SS S nen Sdeen den eneen
1538 25 1912 123 box 6/1
1556 1720 2315 1820 Schnitzler: Spiel im Morgesigrauen.
1438 1759 2512 1897 Die neue Arbeit Arthur Schnitzlers, die Novelle
1364 1825 2516 1944 „Spiel im Morgengrauen“ die soeben bei S. Fischer,
1383 1869 2512 1973 Berlin, herausgekommen ist, erinnert im Aufbau und auch
1375 1907 2510 2030 im Inhalt an ein Frühwerk des Dichters, an die virtuos
1381 1942 2514 2055 erzählte Skizze „Leutnant Gustl“. Da hatte sich in der
1387 1985 2519 2084 Geschichte einer Nacht das Schicksal eines Menschen vollenders
1384 2011 2533 2138 Nicht anders hier in Schnitzlers neuestem Werk. Inhalt
1390 2063 2535 2168 eines Menschenl bens drängt sich auch hier wieder in einen
1392 2099 2533 2208 Tag, in eines Daseins letzte Stunden zusammen. Nicht in
1396 2134 2527 2252 behaglich evischer Breite, sondern in präzifester Fixierung
1394 2163 2538 2282 erzählt Schnitzler, wie das Verhängnis einen jungen Offizier
1400 2221 2531 2326 tiefer und tüeser verstrickt, bis er schließt keinen Rat
1400 2253 2536 2355 mehr weiß und sich erschießt. Ein paar M####ten zu früh,
1405 2302 2535 2409 denn Rettung war schon unterwegs, mit ihr das Geld, die
1412 2345 2550 2436 Ehrenschuld einzulösen. Von neuem bewundert man bei
1401 2384 2544 2488 Schnitzler die subrile Kunst der Menschenzeichnung, der ein
1410 2430 2556 2526 paar zart andeutende Striche genügen, das Bild, den Cha¬
1417 2448 2554 2558 rakter der Personen zu entschleiern. Man bewundert nicht
1413 2492 2568 2604 weniger die Oekonomie der Mittel. Es ist eine Spieler¬
1409 2531 2556 2627 geschichte, ober nichts ist dick aufgetragen, die Spannung
1427 2563 2559 2680 wird nicht durch brutale Effette erhöht, sondern die Span¬
1429 2605 2562 2727 nung liegt in der Atmosphäre, in der Preisgabe an ein
1426 2654 2563 2764 unentrinnbares Fatum. So wirkt nichts zufällig, sondern
1424 2703 2572 2785 notwendig; alles hat so kommen müssen, hat diesen Weg
1430 2722 2572 2824 nehmen müssen. Erschüttert legt der Leser das Buch bei¬
1428 2759 2572 2881 seite, Mitgefüht ergreift ihn mit dem jungen Offizier, der
1448 2794 2572 2910 nicht eigentlich aus Lust am Spiel, sondern um einen
1438 2833 2575 2958 Kameraden zu retten, die Kraft nicht mehr besaß, den
1445 2884 2592 2984 Spieltisch zu verlassen und bis in den dämmernden Morgen
2434 2924 2543 2965 60.
1438 2944 2296 3050 sitzen blieb und Gut und Leben verspielte
