3204 4384
658 117 806 186 Mor
874 135 1262 187 engrauen
42 116 1250 232 34. Spiel in
372 386 428 561 9
530 571 1166 665 Dr. Max Goldschmidt
527 659 1156 746 Büro für Zeitungsausschnitte
336 720 638 794 BBRLIN N4
887 734 1335 808 Telefon: Norden 3051
674 829 1018 901 Ausschnitt aus:
469 868 1225 969 Neue freie Presse, Wien
790 957 1230 1078 28.Mai1927
349 1067 1513 1266 Was der Dichter nicht weiß.
346 1290 1510 1379 Zur Analyse von Schnitzlers Novelle „Spiel im
730 1360 1162 1422 Morgengrauen“.
557 1410 1242 1521 □ Von Dr. Alfred Winterskein.
790 1520 1509 1585 „Du denkst, wir leben mit ihm unter
696 1572 1509 1639 Sonne und Sternen, und wir sind ihm nichts
705 1623 1325 1692 als Partner an einem Spieltisch“
807 1682 1475 1741 Schnitzler: „Der Ruf des Lebens.“
444 1759 1512 1842 Jedes vollendete künstlerische Kunstwerk gleicht einem
356 1841 1511 1901 Organismus. Wo ein Sprung im Zusammenhange der Teile
354 1881 1510 1935 sichtbar wird, regt sich der Verdacht, daß die restlose künst¬
355 1930 1504 1984 lerische Gestaltung an der Unmöglichkeit gescheitert ist, den
359 1970 1506 2028 an Widersprüchen reichen unbewußten Anteil der
349 2006 1515 2057 Dichtung völlig zu sublimieren. Auch bei der Lektüre von
351 2061 1513 2124 Schnitzlers neuester mit dem unnachahmlichen Tonfall ihres
357 2086 1512 2169 Dichters erzählten Novelle fiel mir eine Anzahl scheinbar
356 2153 1512 2198 unmotivierter Züge und Wendungen als künstlerisch un¬
355 2200 1510 2258 befriedigend auf. Dies gab mir Anlaß zu einer Problem¬
359 2235 1512 2307 stellung, die ich mit Hilfe psychoanalytischer Erkenntnisse zu
360 2278 690 2351 lösen versuchte.
446 2332 1502 2418 Der Held der Erzählung, der Infanterieleutnant Willi
355 2399 1507 2467 Kasda, wird vom Dichter als ausgesprochen narzißischer
347 2458 1505 2509 Typus geschildert. Es fehlt ihm jede tiefere Beziehung zu
351 2495 1510 2541 seinen Nebenmenschen, er ist auch keiner rechten Hingabe an
345 2536 1509 2596 eine Frau fähig; sein Interesse ist ausschließlich auf seine
354 2577 1517 2645 eigene Person in ihrer äußerlichsten Form, auf seine Uniform,
349 2631 1514 2688 sein Portepee und seine Kappen gerichtet. Dieser selbe Mann
358 2671 1514 2728 entschließt sich aber ganz plötzlich, einen Kameraden, mit dem
353 2715 1509 2774 ihn nicht einmal eigentliche Freundschaft verbindet, dadurch
354 2762 1508 2817 zu retten, daß er für ihn den größten Teil seines bescheidenen
351 2808 1507 2866 Barvermögens im Hasardspiel riskiert. Oberleutnant
348 2855 1511 2906 Bogner, der wegen einer „dummen Spielgeschichte“ den Dienst
353 2901 1512 2959 quittieren mußte und Kassier geworden ist, hat sich nämlich
341 2942 1501 2994 aus der ihm anvertrauten Kasse Geld ausgeliehen und be¬
354 2985 1505 3037 fürchtet nun seine Entdeckung. Wir gelangen ein Stück
350 3029 1506 3084 näher zum Verständnis der befremdenden Handlungsweise
347 3078 1506 3127 Willis, wenn wir Bogner geradezu als Doppelgänger
345 3119 1510 3176 des Leutnants, mit allen durch die Psychoanalyse aufge¬
345 3166 1489 3216 zeigten Eigentümlichkeiten eines solchen, auffassen. Ich er¬
337 3212 1503 3268 wähne nur den Umstand, daß Bogner gleichzeitig mit Willi
344 3258 1506 3311 sein Glück im Spiel (beim Rennen) versucht. Bogner ist aber
342 3297 1500 3347 auch irgendwie ein in die Zukunft projizierter Willi.
335 3346 1504 3391 Zwischen dem Menschen und seinem Doppel=Ich besteht
341 3390 1495 3437 natürlich eine schicksalshafte Verkettung, die sich einer¬
339 3431 1495 3485 seits in einer rätselhaften Anziehung, anderseits in
347 3479 1495 3540 einer heftigen Angst und einem Abscheu vor dem ver¬
339 3510 1498 3574 folgenden Doppelgänger (Willi bezeichnet Bogner einmal
347 3572 1495 3617 als zudringlich und unverschämt) äußert. Mit der narzißi¬
339 3627 1502 3678 schen Bedeutung hängt dann auch die Todesbedeutung aufs
346 3658 1498 3712 engste zusammen. Der Verfolger ist aber nicht nur das
338 3708 1495 3768 eigene Ich, die ehemals geliebteste Person, sondern häufig
333 3758 1498 3813 auch ein Vertreter des Vaters oder des (älteren) Bruders.
333 3798 1496 3839 Von dem Oberleutnant Bogner wird berichtet, daß er
335 3835 1497 3902 verheiratet und Vater eines Knaben ist. Der Dichter deutet
349 3879 1488 3932 an, daß er eine nicht standesgemäße Verbindung einge¬
337 3931 1491 3984 zangen ist (ähnlich wie Willis Onkel Robert Wilram). Aus
346 3974 1494 4029 der Rivalitätseinstellung zu Vater und Bruder erklärt sich
344 4018 1500 4069 gleichfalls der Haß gegen den Doppelgänger. Daß sich Willi
336 4067 1487 4114 für Bogner sozusagen opfert, ist bloß ein durch das Schuld¬
1395 113 1771 196 box 6/1
1515 544 2689 631 Bedeutung des abgenommenen Hutes, die mit gewissen
1525 615 2687 667 feindseligen Wünschen des Oedipuskomplexes in Beziehung
1526 651 2701 691 steht, will ich hier nur hinweisen.) Es erscheint bloß als
1529 692 2688 739 eine Projektion der eigenen verbrecherischen Tendenzen,
1536 741 2690 803 wenn Schnabel als abgestrafter Verbrecher bezeichnet wird
1529 772 2692 848 Auch die bevorstehende Reise des Konsuls nach Amerikä
1531 837 2698 891 fügt sich in diesen psychologischen Zusammenhang gut ein:
1534 885 2696 943 Amerika ist ja nicht nur eine Zuflucht der Verbrecher,
1535 920 2696 984 sondern das Land jenseits des großen Wassers ist auch
1538 968 2694 1011 symbolisch das Land des Todes. Betrachten wir die andere
1526 1013 2692 1054 Seite des Oedipuskomplexes, die Einstellung des Sohnes
1530 1058 2699 1122 zur Mutter, so finden sich genug Hinweise auf die Fixierung
1534 1111 2682 1159 Willis an den mütterlichen Typus. Auch die Liebes¬
1538 1142 2694 1200 bedingung des „geschädigten Dritten“ (des Vaters) scheint
1534 1192 2693 1244 nicht zu fehlen. Der Leutnant ist gegen Frau Keßner früher
1528 1250 2694 1293 einmal aggressiv gewesen (indes er sich gegen ihre Tochter
1521 1283 2695 1344 wie überhaupt gegen junge Mädchen recht passiv verhält):
1530 1334 2698 1386 er steigt im Kurpark einer Dame nach, die einen Knaben
1540 1367 2691 1419 an der Hand führt, also wohl verheiratet oder verwitwet ist.
1530 1419 2695 1470 Der Konsul hat eine Freundin, eine kleine Schauspielerin,
1540 1460 2691 1515 Fräulein Rihoschek, die Willis Phantasie lebhaft be¬
1535 1514 2695 1568 schäftigt, zumal sie gleichzeitig ein Verhältnis mit einem
1533 1559 2683 1610 jungen Schauspieler hat, in dem wir unschwer eine Ab¬
1534 1600 2697 1654 spaltung des Leutnants erblicken dürfen. Wir sind nun
1532 1646 2695 1701 auch so weit gelangt, um die unbewußte Bedeutung der
1538 1688 2684 1736 Spielpartie zwischen dem Konsul und Willi zu erraten.
1530 1736 2690 1779 Dieser will dem Konsul, „der auf seinem Geld wie ein
1534 1779 2694 1821 Drachen sitzt,“ sein Vermögen entreißen, „um köstliche
1526 1818 2695 1872 Weiber zu gewinnen,“ das heißt, wohl letzten Endes die
1531 1859 2684 1920 Mutter. (Die Besessenheit des Spielers erklärt sich eben
1529 1923 2680 1972 aus der Unerfüllbarkeit dieses Wunsches. Er ist ein ähn¬
1522 1952 2694 2014 licher Typus wie der Don Juan.) Daß eine Frau den
1533 2005 2692 2052 eigentlichen Kampfpreis darstellt (ich erinnere hier an die
1526 2048 2687 2109 Variation dieses Motives in „Casanovas Heimfahrt"), geht
1528 2094 2691 2158 aus gewissen dem Unbewußten Willis entstammenden Ein¬
1534 2141 2687 2196 fällen unzweideutig hervor. Die Kartenkönigin nimmt für
1522 2184 2690 2229 ihn beim Spiel die Züge des Fräuleins Rihoschek an, und
1528 2233 2687 2275 als im Bette die Karten vor dem inneren Auge des Er¬
1531 2271 2687 2338 müdeten vorübertanzen, denkt Willi: „Die Herzdame war
1529 2335 2691 2382 eigentlich das Fräulein (?) Keßner.“ Es ist auch gewiß
1520 2365 2683 2417 kein Zufall, daß die Zahl neun beim Kartenspiel eine so
1524 2406 2687 2456 besondere Gefühlsmarke erhält („sie klang geisterhaft durch
1531 2455 1780 2515 den Raum“
1775 2462 1838 2507 ).
1833 2460 2683 2506 Nur so viel sei hier bemerkt, daß die
1538 2505 2691 2550 symbolische Bedeutung der Neun mit dem Inhalte des
1529 2548 2687 2615 Oedipuskomplexes in einem gewissen Zusammenhange zu
1536 2582 1815 2665 stehen scheint.
1597 2651 2692 2728 Der Leutnant unterliegt im Spiel gegen den Konsul.
1523 2711 2684 2762 „Die blanken Tausender, die er aus der Brieftasche
1524 2756 2690 2819 Schnabels in seine herübergezaubert hat“, verliert er alle
1526 2799 2689 2842 wieder, ja mehr als das, er ist am Schlusse dem Konsul die
1533 2852 2679 2910 Summe von elftausend Gulden schuldig und dieser ein un¬
1527 2897 2684 2945 erbittlicher Gläubiger. Angst und Schuldgefühl wegen der
1522 2938 2686 2982 gegen den übermächtigen Vater gerichteten unbewußten
1530 2979 2686 3048 Todeswünsche bemächtigen sich nun Willis und hier setzt die
1527 3035 2687 3106 scelische Peripetie bei ihm ein. Er sinnt auf einen Ausweg
1519 3080 2690 3132 aus dieser furchtbaren Situation und beschließt, sich an seinen
1520 3125 2683 3162 Onkel Robert Wilram um Hilfe zu wenden, der ihn nach
1513 3159 2686 3222 dem Tode seiner Mutter bis zu einem gewissen Zeitpunkte
1519 3216 2697 3265 mit Geldsendungen regelmäßig unterstützt hatte und für ihn
1524 3247 2687 3314 wohl einen Vaterersatz darstellt. Der gütige Vater soll ihm
1522 3312 2687 3363 gegen den bösen, der ihn zugrunde richten will. helfen. Doch
1520 3348 2687 3400 jener hat bereits sein ganzes Vermögen o“ ne Frau, ein
1519 3396 2680 3457 ehemaliges Blumenmädel, überschrieben mit dem Willi
1523 3437 2688 3501 seinerzeit seinen Onkel sozusagen betrog. hatte. Dieser
1522 3483 2296 3533 selbst bezeichnet sie geradezu als Dirne,
2388 3485 2678 3545 ihr aber bei
1517 3535 2684 3575 aller seiner symboliich angedeuteten erotischen Unzulänglich¬
1519 3569 2679 3637 keit masochistisch verfallen. Leopoldine, in der Willi seine
1517 3623 2669 3669 einzige Retterin erblickt, ist zweifellos eine Mutterrepräsen¬
1521 3666 2671 3725 tantin; der ihr zugeschriebene Dirnencharakter, der doch im
1517 3703 2676 3764 schärfsten Gegensatze hiezu zu stehen scheint, entspricht den
1516 3763 2679 3817 von Freud aufgezeigten Liebensbedingungen eines be¬
1517 3795 2682 3867 stimmten Typus der männlichen Objektwahl und leitet sich
1514 3848 2680 3895 aus gewissen neurotischen Pubertätsphantasien ab. Willi
1507 3892 2668 3940 sucht nun Leopoldine, die von ihrem Manne getrennt lebt,
1511 3929 2679 3995 auf und trifft zu seiner Ueberraschung eine Geschäftsfrau
1516 3975 2670 4023 mit einem Zwicker auf der Nase an, eine Art Wucherin. Der
1516 4022 2672 4081 seltsame, fast gespenstische Eindruck, den diese unmotivierte
1505 4061 2652 4130 Wandlung auf den Leser ausübt. beruht wohl darauf, daß
