3204 4384
1377 131 1763 232 box 6/1
1011 153 1230 218 auen
507 143 989 225 im Mordeng
287 152 471 225 biel
33 154 1248 262 34. 511
571 1530 1877 1608 und wie in allen seinen Werken, selbst den nicht in Oesterreich spielenden,
578 1594 1882 1652 weht hier Wiener Luft, die den Alltagsdingen manches von ihrer Erden¬
588 1634 1895 1702 schwere nimmt und die Tatsachenhärte erschütternder Vorgänge mildert.
697 1691 1881 1739 „Spiel im Morgengrauen“ gehört in mancher Beziehung nicht
577 1703 1886 1784 zu den stärksten Schöpfungen Schnitzlers (der Schluß wirkt theaterhaft
581 1769 1904 1823 konstruiert). Aber der atmosphärische Reiz dieser Umwelt, ein heimlich
586 1811 1882 1865 mitschwingender Walzerrhythmus, ein leiser Beiklang von Schubertscher
589 1857 1872 1906 Musik — das ist doch wieder echter Schnitzler. Der Funfundsechzigjährige
588 1902 1881 1954 kommt auf seine alten Lieblingsthemen und =Gestalten zurück. Im
592 1941 1868 2001 Grunde hat er sie ja nie verlassen. Er war, ist und bleibt ein Jausen¬
583 1988 1870 2043 Hebbel, wie Kerr ihn nennt (Jause ist ein österreichischer Ausdruck für
588 2029 1873 2086 Vesper, Nachmittagskaffee), ein Ibsen des Dreivierteltakts. Die feschen
594 2074 1879 2136 Militärs, die süßen Mäderln, die leichtsinnigen Melancholiker, die inter¬
588 2118 1880 2176 essanten Künstlerinnen; die Kasernen, die Cafés, die Kranken= und
581 2160 1876 2224 Sterbezimmer, zwischendurch ein Stückchen Natur; die Ehrenhändel, die¬
585 2207 1881 2263 erotischen Abenteuer (auch Leutnant Willi erlebt eins), die seelischen Zu¬
584 2249 1887 2311 stände schicksalverstrickter Menschen — das ist seine Welt, die er in immer
585 2303 1885 2354 neuen Bildern voll aparter Stimmungsreize mit einer Erzählerkultur
590 2343 1882 2396 und (sozusagen) psychologischen Grazie ohnegleichen vor uns erstehen läßt.
689 2384 1875 2438 Was von Schnitzlers Schöpfungen bleiben wird, ist heute noch
578 2409 1876 2485 nicht gewiß Unserer Gegenwart gilt er in erster Linie als der Dichter
584 2485 1887 2529 des „Anatol“ und der „Liebelei“, jener beiden Frühwerke, in denen
581 2510 1881 2565 er sein Bestes und Eigenstes gab, aus denen der Seelenkünder und der
587 2556 1875 2616 Kenner Wiener Verhältnisse am unmittelbarsten zu uns spricht. Und
592 2605 1656 2684 als solchen grüßen wir heute den ungealterten Altmeister.
978 2693 1479 2791 Ileue Romane.
1160 2783 1277 2847 Von
581 2773 967 2857 [Nachdruck verboten.]
887 2822 1571 2917 Privatdozent Dr. Erich Jenisch.
684 2893 1884 2969 Den neuen Roman Maxim Gorkis, „Das Werk der Ar¬
573 2951 1886 3002 Atamonows“ (Universum=Bücherei für Alle, Berlin NW 7), nimmt
581 2993 1879 3073 man mit besonderer Erwartung zur Hand. Lange Jahre hat Gorki
581 3030 1887 3109 geschwiegen. Nun veröffentlicht er einen Roman, der das Schicksal
584 3086 1879 3142 vierer Generationen erzählt und der zugleich den Weg Rußlands vom
589 3131 1883 3200 Agrar= zum Industriestaat schildert. Zu der Zeit, als die Leibeigenschaft
580 3172 1877 3243 aufgehoben wird, beginnt die Geschichte. Der älteste Artamonow, ein
585 3210 1875 3268 Freigelassener, gründet die Weberei. Und wenn der Roman aufhört,
579 3266 1299 3340 ist die Revolution soeben ausgebrochen.
686 3283 1889 3360 Also ein Roman mit kulturgeschichtlichem, wenn man will: mit
565 3327 1879 3401 politischem Hintergrund. Gorki, der selbst aus dem Proletariat hervor¬
571 3379 1887 3446 gegangen ist, der selbst Anteil an dem Geschick des Proletariats ge¬
577 3434 1879 3483 nommen hat, gibt in dem Roman aber nicht die Antworten,
572 3468 1880 3526 die man von ihm erwartet. Der neue Staat bleibt außerhalb der
579 3511 1890 3575 Betrachtung; alle, die irgend ein politisches Bekenntnis in dem Buche
582 3566 1217 3638 suchen, blättern in ihm vergebens.
698 3584 1888 3656 Statt dessen zeigt sich Gorki wieder als der große Künstler des
578 3632 1887 3698 russischen Menschen. In den Schilderungen dieser Menschen ruht der
576 3698 1884 3746 Wert des Romans, nicht in seiner kulturellen Perspektive. Der Roman,
570 3730 1886 3789 der die Industrialisierung Rußlands schildert, muß noch geschrieben
568 3776 1886 3839 werden. Die Fülle der Charaktere aber, diese Bilder schwerer un
571 3819 1818 3870 dumpfer Menschen, einfältiger Knechte, die eigentlich Weise sind,
574 3861 1838 3927 diese Mannigfaltigkeit der Gestalten macht den Wert des Romanes a
577 3923 1883 3964 Er ist ein breit geschriebenes Buch; man liest es langsam und ein¬
575 3946 1878 4009 dringend. Es ist nicht aufregend, aber man nimmt Teil an dem Leben
575 3987 1876 4042 dieser Menschen. So hinterläßt das Buch, das ohne Zweifel zu den
585 4035 1886 4111 besten Werken des russischen Dichters gezählt werden muß, einen an¬
580 4085 957 4157 haltenden Eindruck.
1928 3185 2140 3279 M
