3296 4320
854 -3 1478 88 Mordengrauen
1609 -5 1990 113 box 6/1
250 -3 1466 166 34. Spiel in  g duun
875 587 2896 733 Harte, so durch Uahl. seiner Menschen, durch die Komposition
886 742 2740 851 der Hendlung, durch die Sprache. Vird der Leutnant als
890 845 2867 973 Cherakter für uns verächtlich, weil er von der Frau, deren
884 936 2797 1093 Liebe er einst, schnöderweises, mit zehn Gulden bezahlt
880 1040 2847 1177 het, der er # genau zehn Gulden zuviel bezahlt hatl, sich
889 1137 2940 1271 tausend Gulden, aus gerechtem Hohn, für seine letzte Liebes¬
886 1257 2810 1414 nacht hinverfen lassen muss, so verwischt sich der trübe
876 1378 2934 1482 Flech, verklärt sich das Bild des be Jamnernswerten Trottels,
896 1464 2842 1619 neil durch diese tausend Gulden der Freund wenigstens ge¬
883 1617 1355 1737 rettet wird
1681 1672 2835 1821 De Tempo geht stets im gleichen,
892 1798 2855 1961 leichten viener Schritt, ellegro, me non troppo, andante,
898 1933 2785 2069 nie edeglo, einmel vielleicht vivace, als der Leutnant;
894 2041 2900 2193 hopp, hopp, sein Geld verliert, doch auch de, in der Inten¬
889 2115 2885 2252 sität nenigstens, nicht stärker als nezzoforte. Die átmos¬
896 2275 2886 2415 phäre ist behaglich, es nird geraucht, gibt guten Nein, es
892 2382 2765 2514 gibt schöne Fraun, fast auf jeder Seite des Buchs, man
904 2442 2894 2602 erfahrt reizvolle Anekdoten. Neil diese Anekdoten, en sich
909 2543 2920 2733 schon unterhaltend, dazu dienen, die Befriedigung einer vom
905 2707 2979 2812 Verfasser geuechten Neugierde, die Lösung eines von ihm 1 ge¬
899 2797 2944 2919 schürzten Knotens “ uns noch ein wenig vorzuenthelten, blei¬
901 2917 3005 3019 ben wir in Spennung. Duch nur in Spannung! Nicht in Aufregung!
1674 3014 2935 3170 Die Sprache, ein venig lyrisch, ein¬
907 3101 2985 3290 Tech sachlich, weniger ebsichtlich als die eines Thomas lienn,
