3296 4320
559 11 718 90 Die
768 11 1515 87 im Morgendrauen
1642 26 2022 123 box 6/1
295 5 1504 143 34 Sma  ug
1241 948 1556 1058 de
3242 1495 3316 1568 9
1993 1475 3154 1582 dieser Novelle aufsteigt, in das „weite Land“ der Seele
1064 1496 1744 1597 Literaturblatt.
1991 1539 2179 1616 hinüber
3157 1520 3305 1618 Eißlag
2075 1560 3155 1662 Eine Offiziers= und Spielergeschichte mit tragischem
3169 1598 3294 1659 milder
1990 1631 3163 1715 Ausklang — man ist eigentlich erstgunt, daß Schnitzler die
3160 1642 3294 1701 damali
956 1621 1840 1724 Arthur Schnitzlers neue Novelle.
1989 1678 3290 1757 Geschichte des zum Selbsimord durch eine Spielschuld ge= tausen
822 1694 1977 1797 (Spiel im Morgengrayen.“ (S. Fischer=Verlag, Berlin, 1927.)
1982 1744 3147 1804 nötigten Offiziers bisher noch nicht geschrieben hat. Aber
3145 1737 3303 1822 „tause
1148 1759 1654 1842 Von Pahl Wertheimer.
1988 1775 3147 1846 dann erinnert man sich: der Oberleutnant Karinski im
1986 1822 2209 1886 „Freiwild“
897 1829 1975 1896 Das alte Oesterreich mit seiner Buntheit der Stände,
2256 1816 3107 1904 .. hier ist dieses Schicksal schon angedeutet —
813 1860 1978 1947 der Geschicke, der Seelen, diese Erde, klirrend von histo¬
1983 1841 3148 1958 und hat nicht auch der Leutnant Gustl vergnüglichen An¬
1985 1913 2436 1988 gedenkens Schulden?“
810 1921 1977 1972 rischen Erinnerungen, leise überall umweht von Musik, um¬
3183 1983 3221 2015 Il.
808 1979 1975 2035 rauscht von Festen der Lebensfreudigkeit, umhangen von
2071 1964 3156 2046 Er ist ihm auch sonst ähnlich, der Leutnant Willi dieser
3159 1982 3246 2044 Ao
813 2014 1974 2085 Malancholien — hier sind noch immer di festen Wurzeln
1979 2027 3146 2094 neuen Novelle, artverwandt, nur alltäglicher. Ein Leutnant,
3155 2032 3291 2093 kampf
814 2069 1973 2139 von Arthur Schnitzlers großer, reicher unb ehrlicher,
1990 2074 3144 2154 wie man sie kannte, „die Leutnants rosenrot und braun“ wie
818 2105 1166 2179 formender Kraft.
1985 2115 3144 2178 Detlev v. Lilieneron sang, nur österreichischer schattiert.
3145 2031 3276 2187 150
884 2132 1964 2230 Wie nah, wie greifbar nah es unserem Empfinden noch
1989 2163 3146 2241 Chevaleresk, liebenswürdig, wie es ja auch der Leutnant
3204 2171 3304 2235 Cemi
813 2202 1963 2268 immer geblieben, dieses alte, in uns noch unverblaßte Wien,
1977 2208 3153 2295 Gustl gewesen, und auch er hat den point d'honneur. Er
816 2251 1967 2320 spürt man aus der Macht, mit der es uns hier, noch gesteigert
3151 2263 3303 2332 Möglic
1978 2258 3157 2333 kennt nur die Sorge, wie man mit der Gage auskommt, keine
814 2301 1974 2354 durch den Reiz des Gewesenen, in dieser neuen Novelle
1974 2307 3155 2392 andere. Und die Karriere. Und das Spiel. „Und dann die
806 2345 1971 2419 Arthur Schnitzlers ergreift, wiedergespiegelt von einem Geist
1978 2346 2452 2420 kleinen Mädchen? ...
3164 2343 3274 2426 etabli
798 2392 1586 2461 voll Klarheit und spielerischem Tiessinn.
2065 2413 3152 2478 Aber eines, das ernstere, hat er vor seinem windigen
895 2441 1975 2506 Dies also ist der Hintergrund: Das frühere Wien und
1976 2444 3160 2525 Vetter, dem Gustl, voraus. Er hat das selbstverständlich
795 2475 1973 2554 das frühere Baden mit den Waldhängen, den gelben Land¬
1975 2508 3152 2567 Kameradschaftliche des Offiziers, die Hilfsbereitschaft, selbst
3150 2506 3227 2568 an
795 2534 1952 2605 häusern der Kaiser=Franz=Zeit, dem Kurpark, der Ruine im
3154 2556 3281 2617 ber
1970 2550 3155 2621 dem gewesenen, dem abgeirrten Kameroden gegenüber und
810 2576 1074 2649 Hintergrund.
3151 2603 3302 2664 immer
1982 2595 3147 2668 so repräsentiert er, nicht wie jener Gustl, in satirischer,
896 2631 1956 2692 Weil es eine Geschichte aus dem früheren Oesterreich
1981 2646 3152 2708 sondern in rein menschlicher Weise den Geist der alten öster¬
3157 2645 3304 2719 Herr n
799 2672 1776 2748 ist — wo es am farbig=österreichischesten gewesen
1772 2683 1977 2748 — ist es
1971 2691 3157 2766 reichischen Armee. Diese Hilfsbereitschaft in ihm lockt erst
796 2723 1964 2793 eine Offiziersgeschichte geworden, wie der „Leutnant Gustl“
1972 2737 3149 2830 den Spielteusil herbei, sie wird Veranlassung seines frühen
3150 2741 3303 2817 schließ
799 2773 1956 2827 aber ohne dessen ironische Färbung, gütiger, wärmer. Und
1971 2779 2250 2846 Unterganges.
3148 2802 3249 2856 im
795 2820 1968 2891 weil es eine Geschichte von Arthur Schnitzler ist, spielen auch
2059 2810 3141 2905 Ein ehemalig.: Kamerad, v. Bogner, ein Ober¬
3152 2842 3304 2909 exotisch
796 2852 1967 2918 hier Leben und Tod geheimnisvoll ineinander, glüht auch
1968 2880 3136 2948 leutnant a. D., der gen Schulden den Dienst quittieren
3146 2887 3289 2949 Geld¬
790 2909 1955 2977 hier, wie im „Ruf des Lebens“ der altösterreichischen Offi¬
1966 2927 3143 3014 mußte, komimt zu ihm. Er ist irgendwo Beamter geworden —
3150 2934 3302 2995 rischen,
802 2959 1927 3025 zierstragödie, vor dem Sterben noch eine Liebesnacht auf —
1971 2966 3132 3049 da ist es ihm wie dem Vater des „Fräulein Else“ erglangen,
3154 2985 3291 3046 schmein
793 3003 1956 3077 man lieft die Novelle atemlos gespannt, durch die Geschehnisse,
1959 3016 3140 3091 dem berühmten Advokaten — Werke eines dichterischen
3148 3031 3297 3092 ist um
795 3041 1950 3117 die äußeren und die seelischen — und wenn man zögernd das
1969 3062 3298 3158 Organismus sind wie Zellen eines Gewebes geheimmisvoll sie töd
792 3094 2433 3190 letzte Blatt beendet, sinnt man dem Falken nach, der aus miteinander verbunden.
3137 3123 3306 3209 Ehrenn
3264 1952 3303 1982 I.
