3204 4384
60 109 1296 156 Will er sich rächen für erlittene Demütigungen? Es bleibt
59 151 1305 216 dahingestellt. Wichtig ist: Schnabel lehnt ab. Die Würfel sind
62 204 244 278 gefallen!
164 222 1316 317 Von nun ab ist Unordnung in Willi. Gegen den Tod zu
52 300 1309 367 fliegen die Stunden rascher, schneller die Gedanken, die Reflexe.
54 353 1293 404 Willi schläft ein bißchen, dann wacht er auf, meldet sich marod
53 400 1294 455 und seldstverständlich ist sein erster Weg nun doch zum Onkel.
51 440 1304 487 Wie anders aber verläuft diese Unterredung, als man glauben
67 485 1295 547 sollte. Das ist ein merkwürdiger alter Herr, der Onkel Wilram.
50 535 1308 582 Zwar sagt er gleich, daß er das Geld nicht habe, aber es klingt
54 583 1308 650 sordiniert, so daß auch der verzweifelte Willi aufhorcht und
52 642 152 687 zu
157 641 1293 693 philosophischem Gespräch geneigt wird. Was ge¬
58 678 1299 742 schieht? Onkel Wilram enthüllt eine eigenartige Ehe¬
55 727 1308 795 tragödie. Man erfährt von einer Frau, die er über
54 782 1292 832 alles liebt, die er geheiratet hat, trotzdem sie eine Dirne, war und
55 830 1315 882 die nun sein Geld verwaltet. Er erhält eine Leibrente, mit jener
56 870 1303 916 Pünktlichkeit, mit der Leopoldine allen ihren Pflichten mit Aus¬
54 916 976 985 nahme der ehelichen, ihm gegenüber nachkommt.
163 952 1296 1015 Wie sonderbar ist das doch, knapp vor Torschluß so ein
55 1015 1275 1071 wunderlich=ergreifende Geschichte! Einem schwächeren Erzähler w
58 1063 1272 1129 Schnitzler würde das den Faden mittendurch geschnitten habe
58 1109 1270 1164 Hier ergibt sich das Gegenteil. — Willi erinnert sich an eine leic
57 1163 1277 1220 sinnige Nacht, deren Heldin eben jene Leopoldine war, die späl
52 1194 1284 1258 Gattin seines Onkels. Sie wird ihm das Geld nicht abschlage
53 1254 1294 1307 Er wird vorgelassen, erkannt. Man nennt sich „Du“, aber di
53 1307 1295 1359 Erfolg ist fraglich. Sie will sich mit ihrem Advokate
44 1353 1294 1417 beraten und wird am Abend Bescheid sagen lassen.
52 1398 1310 1462 Willi schläft, Willi wartet. Am Abend kommt Leopoldine selbst.
50 1439 1308 1504 Aber sie spricht nicht vom Geld. Willi läßt ein Souper kommen ...
51 1494 1311 1563 „Nach dem zweiten Glas schien Leopoldine ein wenig schläfrig zu
55 1548 1313 1604 werden. Sie lehnte sich in die Ecke des Diwans zurück, und als
52 1585 1315 1651 Willi sich über ihre Stirn beugte, ihre Augen, ihre Lippen, ihren
51 1646 1299 1701 Hals küßte, flüsterte sie hingegeben, schon wie aus einem Traum,
49 1687 1304 1747 seinen Namen.“ Am Morgen hat sie die Geldaffäre noch immer
55 1731 1306 1790 nicht erwähnt. Erst in der Tür erinnert sie sich scheinbar und
52 1768 1311 1840 wirft Willi einen Tausender hin, als Lohn für die Nacht. Und
51 1829 1303 1878 nur ein paar Worte enthüllen meisterhaft, daß dies Rache be¬
55 1876 1310 1949 deuten soll. Das letztemal, da sie einander sahen, hatte Willi
806 1932 1308 1995 „Wenn man's genau
57 1928 677 1998 ihr zehn Gulden geschenkt
54 1976 1311 2035 nimmt, gerade um zehn Gulden zuviel.“ So erfährt
55 2022 1306 2083 Willi von einer längst zu Asche gewordenen Liebe.
48 2067 1304 2125 Galgenhumor! Willi schickt die tausend Gulden dem Kameraden,
53 2119 1318 2182 sich selbst jagt er eine Kugel in den Kopf. Um viele Stunden zu
56 2177 1312 2229 spät kommt dann der Onkel mit den elftausend Gulden, die
52 2218 1312 2282 Leopoldine ihm mit dem Auftrag übergab, sie dem Neffen ein¬
59 2269 358 2345 zuhändigen
178 2299 1312 2376 Es ist ein doppeltes Spiel, das Artur Schnitzler hier
55 2357 1314 2413 unternimmt. Ein Spiel mit dem Tobe und eines mit der epischen
65 2416 1307 2472 Form. Diese Henkersmahlzeit der Liebe ist faszinierend frivol,
53 2457 1309 2513 dafür aber auch von stärkster Wirkung. Und so wird der Bewels
68 2513 1308 2564 erbracht, daß ein Ritardandv das allem Schlußeffekt übliche Presto
59 2549 1326 2630 ersetzen kann. Und so wird aus dem blinden Zufall einer
65 2601 697 2692 Uniform beinahe Schicksal.
2691 133 3039 234 box 6/1
1620 139 1707 221 1
1827 161 2564 246 im Morgengrauen
1333 143 2064 268 34. 81
2310 196 2557 261 K n
2696 1052 3028 1217 Gert
1410 1087 2533 1301 Mbrengesate
2515 1303 2870 1478 15.74
2063 1286 2413 1491 Zer
1901 1645 2923 1759 Aethur Schnißler: „Spiel im Morgengrauen.“
2125 1723 2722 1805 S. Fischer=Verlag, Berlin.
1851 1766 3034 1835 Echnitzler nimmt ein altes Thema, das ihn schon manchmal
1835 1831 3033 1890 rehte, wieder auft ein Menschenkind, junger Offizier, gerät in diese
1811 1889 3036 1939 Maschincrie des Unglücks, Um einem Freund Geld zu verschaffen,
1799 1931 3028 2008 spielt er. Verspielt sich und sein Leben. Versucht sich zu retten.
1806 1964 3028 2032 Bettelt bei Unbarmherzigen, verkauft sich an Nichtverstehende. Dann
1813 2007 3031 2073 kommt aber doch die Stille des Entschlusses, die kleine schwarze
1816 2058 2927 2106 Kugel und der dünne Faden Blut aus dem Loch in der Stirn.
1861 2085 3038 2149 Zwiespältiges bewegt den Leser. Diese Welt ist so fern. Diese
1819 2134 3033 2199 Ehrbegriffe wirken nur noch mitleiderregend. Diese Angst eines
1822 2188 3041 2241 jungen Leutnants, seinen unproduktiven Beruf zu verlieren, bleibt
1810 2228 3044 2280 unverständlich. Und das war alles einmal brennende Frage, wurde
1819 2264 3032 2316 auf Bühnen diskutiert, in Romanen breitgesprochen. Uniform und
1823 2308 3043 2378 Spielerkoder sind untragisch, wenn sie auch noch Tragödien ver¬
1827 2364 2318 2428 ursachen. Unsere Sache?!
1873 2374 3036 2454 Niemals, wenn nicht eines wäre: die große Spielszene. Wie da
1826 2440 3046 2501 der Leutnant Kasda gewinnt, den grünen Tisch seines Schicksals
1818 2489 3043 2556 verlaßt, durch Zufälle wieder zurückgetrieben wird, sich allmählich
1822 2539 3047 2589 von den übrigen Spielern ablöst, als Partner des von einer trüben
1820 2579 3038 2635 Dämonie bläßlich umwitterten Konsuls immer deutlicher ins Blick¬
1824 2616 3048 2670 feid der Zuschauer wächst und, einmal stürzend, sich geradezu mit
2768 2665 3048 2725 ist eine der
1829 2673 2765 2724 wilden Absätzen in den Abgrund hineinwirft, das
1830 2695 3046 2768 klassischsten Szenen, die dieser Dichter geschrieben hat. Es ist immer¬
1819 2752 3048 2812 hin eine große Kunst, für eine solche belanglose Figur wie diesen
1828 2766 3061 2858 Jasde im kuhlsten Herzen Sympathie zu wecken. Am Schluß bleibt
1833 2838 3043 2900 etwas wie Trauer zwischen den Wimpern hängen. Schnitzler über¬
1825 2889 3040 2952 windet sein Thema. Das ist letzte Reise. Es ist zugleich Milde.
1815 2926 2820 3007 Auch diese ist nicht unsere Sache. Aber wir ehren sie.
2611 2953 2982 3029 Manfred Georg.
