3344 4352
1448 189 1880 284 box 36/1
211 203 1285 285 Panphlets0-fbrints
804 921 897 1018 26
1421 934 1639 1027 Schaeffer.
800 1050 2266 1125 dies Geständnis toll machen muß, daß du mit einem Male diese ganze
800 1109 2262 1157 schlummernde Vergangenheit wieder aufgestört hast! . . . Ja, nun weiß
796 1163 2260 1217 ich's wieder, daß du noch von anderen Küssen träumen kannst als von
805 1226 2258 1293 den meinen, und wenn du deine Augen in meinen Armen schließest,
800 1284 2257 1354 steht vielleicht ein anderes Bild vor ihnen als das meine!“ dieser
793 1335 2266 1436 Gedanke ist der Keim, und die schöne Frucht, die er trieb, heißt „das
797 1391 1067 1467 Märchen.“
886 1458 2261 1512 Fedor Denner, der Künstler, will das Märchen von den Gefallenen
791 1532 2251 1589 aus der Welt schaffen, und an sich selbst, an dem Weibe, von dem er
795 1570 2257 1623 nicht lassen kann, und das ihn anbetet, muß er lernen, daß wir trotz
799 1627 2241 1682 des ehrlichsten Wollens und der glänzendsten Sophistik über das Ver¬
792 1696 2252 1748 gangene im Leben der Geliebten nicht hinwegkommen, und daß im
787 1747 2251 1823 Wonnemeer des Heute die Erinnerung an das Gestern nicht ertrinken
796 1809 2250 1882 kann. „Es giebt keinen Kuß, keusch genug — und keine Umarmung,
795 1874 2244 1942 glühend genug, und keine Liebe, ewig genug, um die alte Liebe aus¬
789 1934 2227 2002 zulöschen. Was war, ist! — das ist der tiefe Sinn des Geschehenen.“
798 1989 2241 2051 Diese harte Erkenntnis leiht ihm Kraft, von ihr zu gehen, und das
798 2043 2249 2108 Schauspiel schließt mit Fannys entsetzlichem Aufschrei: „Und auf
788 2119 2249 2181 immer muß ich verloren sein? Und man darf mich verlassen wie
800 2157 922 2251 eine
880 2216 2242 2275 Daß unseres Handelns Ende dasselbe ist wie bei den „andern,“
789 2277 2253 2339 daß wir, freilich auf andern Wegen, zum selben Ziel gelangen, das ist
781 2360 2258 2412 die wintertraurige Moral dieses Dramas. Der Philister verläßt die,
786 2396 2246 2467 bei der ein anderer das Weib erweckt, weil er das schmutzige Lachen
792 2458 2252 2522 der Menge fürchtet, und der vornehme Mensch, weil ihm der süßeste
794 2516 2254 2572 Liebestrank durch die Erinnerung an den zum Ekel wird, dessen Lippen
797 2577 2239 2643 vor seinen den Becher berührten. Im Grunde ist's dasselbe, und Fedo:
796 2641 2253 2692 Denner, der im ersten Akte das Märchen von den Gefallenen dumm
799 2689 2243 2765 und grausam schalt, er findel im letzten: „es giebt noch ein tausend¬
806 2753 2253 2850 fach lügenhafteres und heimtckischeres Märchen, — das von den
790 2808 1062 2887 Erhobenen.“
882 2840 2237 2942 Diese Sätze bilden den Anfang und das Ende eines langen Passions¬
785 2930 2243 2993 weges, den Fedor Denner schreiten mußte, und mit großartiger Meister¬
798 2989 2251 3060 schaft hat Schnitzler, (um im Bilde zu bleiben), die einzelnen Stationen
791 3065 2246 3124 festgehalten. Solange Fedor nur Zuschauer ist bei der Lebenskomödie,
783 3108 2243 3154 predigt er leuchtende Worte für das gequälte Opfer auf der Bühne, der
786 3168 2250 3230 Unterschied selbst zwischen der Sünde aus Größe und der aus Leichtsinn
785 3227 2250 3277 deucht ihm gering. Aber wie das Mädchen, das er liebt, ihm den Dank
797 3279 2272 3348 für seine glühenden Sätze auf die Hand küssen will, — da zuckt er
