<?xml version="1.0" encoding="UTF-8" standalone="yes"?>
<PcGts xmlns="http://schema.primaresearch.org/PAGE/gts/pagecontent/2013-07-15" xmlns:xsi="http://www.w3.org/2001/XMLSchema-instance" xsi:schemaLocation="http://schema.primaresearch.org/PAGE/gts/pagecontent/2013-07-15 http://schema.primaresearch.org/PAGE/gts/pagecontent/2013-07-15/pagecontent.xsd">
    <Metadata>
        <Creator>prov=University of Rostock/Institute of Mathematics/CITlab/Gundram Leifert/gundram.leifert@uni-rostock.de:name=ONB_Newseye_GT_M1+(htr_id=10810)::::v=2.4.2
prov=University of Rostock/Institute of Mathematics/CITlab/Tobias Gruening/tobias.gruening@uni-rostock.de:name=de.uros.citlab.module.baseline2polygon.B2PSeamMultiOriented:v=2.4.2
prov=University of Rostock/Institute of Mathematics/CITlab/Tobias Gruening/tobias.gruening@uni-rostock.de:name=/mnt/transkribus/LA/DEA/URO/LA_news_onb_att.pb:de.uros.citlab.segmentation.CITlab_LA_ML:v=2.4.2
prov=University of Rostock/Institute of Mathematics/CITlab/Tobias Gruening/tobias.gruening@uni-rostock.de:name=/mnt/transkribus/LA/DEA/URO/LA_news_onb_att.pb:de.uros.citlab.segmentation.CITlab_LA_ML:v=2.4.2
Transkribus</Creator>
        <Created>2019-10-07T15:12:54.334+02:00</Created>
        <LastChange>2019-10-09T00:23:36.404+02:00</LastChange>
        <TranskribusMetadata docId="224167" pageId="9514240" pageNr="7" tsid="16617617" status="IN_PROGRESS" userId="40391" imgUrl="https://files.transkribus.eu/Get?id=LPEWXCWLXQQMGYXWZETDGPFD&amp;fileType=view" xmlUrl="https://files.transkribus.eu/Get?id=VPFDODXIKBKWRWYTSOIPYOTP" imageId="6202474"/>
    </Metadata>
    <Page imageFilename="224167_0007.jpeg" imageWidth="3392" imageHeight="4352">
        <ReadingOrder>
            <OrderedGroup id="ro_1711444016033" caption="Regions reading order">
                <RegionRefIndexed index="0" regionRef="r1"/>
                <RegionRefIndexed index="1" regionRef="r2"/>
                <RegionRefIndexed index="2" regionRef="r3"/>
            </OrderedGroup>
        </ReadingOrder>
        <TextRegion orientation="0.0" id="r1" custom="readingOrder {index:0;}">
            <Coords points="209,260 209,3417 2196,3417 2196,260"/>
            <TextLine id="r1l1" custom="readingOrder {index:0;}">
                <Coords points="1485,304 1561,323 1680,283 1700,304 1753,315 1879,310 1923,294 1923,229 1816,244 1779,224 1763,237 1712,231 1689,251 1624,236 1602,256 1514,226 1485,244"/>
                <Baseline points="1493,288 1519,289 1545,290 1571,291 1598,292 1624,293 1650,293 1677,293 1703,294 1729,294 1756,294 1782,293 1808,293 1835,293 1861,292 1887,292 1914,291"/>
                <TextEquiv>
                    <Unicode>box 36/1</Unicode>
                </TextEquiv>
            </TextLine>
            <TextLine id="r1l2" custom="readingOrder {index:1;}">
                <Coords points="199,301 371,338 1189,339 1320,316 1321,261 1160,226 1045,258 965,221 809,282 709,234 516,227 199,271"/>
                <Baseline points="209,300 264,302 319,304 374,305 429,307 484,308 539,308 595,309 650,309 705,309 760,309 815,309 870,309 925,308 981,308 1036,308 1091,309 1146,309 1201,309 1256,310 1312,311"/>
                <TextEquiv>
                    <Unicode>Panphlets offprints</Unicode>
                </TextEquiv>
            </TextLine>
            <TextLine id="r1l3" custom="readingOrder {index:2;}">
                <Coords points="1293,1049 1344,1059 1360,1050 1389,1064 1452,1048 1475,1069 1501,1057 1552,1082 1578,1062 1649,1049 1650,989 1630,986 1593,1011 1541,990 1493,1005 1469,996 1383,1007 1364,988 1294,1008"/>
                <Baseline points="1302,1039 1328,1040 1354,1041 1380,1042 1406,1043 1432,1044 1458,1045 1484,1045 1510,1046 1536,1046 1562,1046 1588,1046 1614,1046 1640,1046"/>
                <TextEquiv>
                    <Unicode>Arthur Schnitzler.</Unicode>
                </TextEquiv>
            </TextLine>
            <TextLine id="r1l4" custom="readingOrder {index:3;}">
                <Coords points="2109,1069 2123,1072 2127,1069 2136,1077 2149,1074 2159,1082 2187,1080 2191,1018 2178,1019 2167,1015 2156,1019 2140,1018 2128,1023 2112,1018"/>
                <Baseline points="2118,1055 2148,1057 2178,1059"/>
                <TextEquiv>
                    <Unicode>31</Unicode>
                </TextEquiv>
            </TextLine>
            <TextLine id="r1l5" custom="readingOrder {index:4;}">
                <Coords points="741,1142 2205,1165 2206,1114 2154,1106 742,1092"/>
                <Baseline points="750,1131 822,1133 894,1136 966,1138 1039,1140 1111,1142 1183,1144 1256,1146 1328,1148 1400,1149 1473,1151 1545,1152 1617,1153 1689,1154 1762,1156 1834,1156 1906,1157 1979,1158 2051,1159 2123,1159 2196,1160"/>
                <TextEquiv>
                    <Unicode>und subtilsten Stimmungen zu bannen, in dieser Kunst, die ebensoviel</Unicode>
                </TextEquiv>
            </TextLine>
            <TextLine id="r1l6" custom="readingOrder {index:5;}">
                <Coords points="733,1203 2002,1241 2205,1223 2206,1177 734,1156"/>
                <Baseline points="742,1191 814,1194 887,1198 960,1201 1032,1204 1105,1206 1178,1208 1250,1209 1323,1211 1396,1212 1469,1213 1541,1214 1614,1215 1687,1216 1759,1217 1832,1218 1905,1218 1977,1220 2050,1221 2123,1222 2196,1224"/>
                <TextEquiv>
                    <Unicode>zärtlicher Liebe wie erbarmungsloser Grausamkeit bedarf, auch in ihr</Unicode>
                </TextEquiv>
            </TextLine>
            <TextLine id="r1l7" custom="readingOrder {index:6;}">
                <Coords points="741,1269 816,1253 899,1276 1102,1283 1170,1263 1277,1284 1342,1273 1373,1255 1374,1228 936,1223 850,1201 820,1220 794,1201 742,1216"/>
                <Baseline points="751,1250 781,1251 812,1252 842,1253 873,1254 904,1255 934,1256 965,1257 996,1258 1026,1259 1057,1260 1088,1261 1118,1262 1149,1263 1180,1263 1210,1264 1241,1264 1272,1265 1302,1265 1333,1265 1364,1265"/>
                <TextEquiv>
                    <Unicode>ist Arthur Schnitzler Meister.</Unicode>
                </TextEquiv>
            </TextLine>
            <TextLine id="r1l8" custom="readingOrder {index:7;}">
                <Coords points="836,1338 2177,1362 2196,1308 837,1278"/>
                <Baseline points="846,1312 913,1315 980,1318 1047,1320 1114,1322 1181,1324 1248,1325 1315,1326 1382,1327 1449,1328 1516,1329 1583,1330 1650,1330 1717,1331 1784,1332 1851,1333 1918,1333 1985,1335 2052,1336 2119,1337 2186,1339"/>
                <TextEquiv>
                    <Unicode>In seiner größten Novelle „Sterben“ tritt die äußere Handlung</Unicode>
                </TextEquiv>
            </TextLine>
            <TextLine id="r1l9" custom="readingOrder {index:8;}">
                <Coords points="740,1375 2129,1423 2203,1377 740,1348"/>
                <Baseline points="748,1374 820,1375 892,1376 964,1377 1037,1378 1109,1379 1181,1380 1254,1381 1326,1382 1398,1383 1471,1384 1543,1386 1615,1387 1687,1388 1760,1390 1832,1391 1904,1393 1977,1394 2049,1396 2121,1398 2194,1400"/>
                <TextEquiv>
                    <Unicode>ganz zurück. La vie intérieure ist alles. Ein Arzt hat dies Buch ge¬</Unicode>
                </TextEquiv>
            </TextLine>
            <TextLine id="r1l10" custom="readingOrder {index:9;}">
                <Coords points="730,1430 2156,1473 2199,1406 731,1397"/>
                <Baseline points="739,1429 811,1430 883,1431 956,1433 1028,1434 1101,1436 1173,1437 1246,1439 1318,1440 1391,1442 1463,1443 1535,1445 1608,1446 1680,1447 1753,1449 1825,1450 1898,1452 1970,1453 2043,1454 2115,1455 2188,1457"/>
                <TextEquiv>
                    <Unicode>dichtet, aber einer von denen, die mehr können, als den Puls fühlen und</Unicode>
                </TextEquiv>
            </TextLine>
            <TextLine id="r1l11" custom="readingOrder {index:10;}">
                <Coords points="737,1498 2203,1535 2204,1482 2122,1464 738,1460"/>
                <Baseline points="746,1491 818,1492 890,1493 963,1494 1035,1495 1108,1496 1180,1498 1252,1499 1325,1501 1397,1503 1470,1504 1542,1506 1614,1508 1687,1509 1759,1511 1832,1512 1904,1514 1976,1515 2049,1516 2121,1517 2194,1518"/>
                <TextEquiv>
                    <Unicode>ein Rezept verschreiben. Schnitzler versteht sich auch auf die psychische</Unicode>
                </TextEquiv>
            </TextLine>
            <TextLine id="r1l12" custom="readingOrder {index:11;}">
                <Coords points="727,1553 2201,1559 728,1494"/>
                <Baseline points="737,1550 809,1552 882,1554 955,1556 1028,1557 1100,1559 1173,1560 1246,1561 1319,1563 1391,1564 1464,1565 1537,1566 1610,1567 1682,1568 1755,1569 1828,1571 1901,1572 1973,1573 2046,1575 2119,1576 2192,1578"/>
                <TextEquiv>
                    <Unicode>Diagnose, und gleich vortrefflich weiß er in den Seelen der Kranken</Unicode>
                </TextEquiv>
            </TextLine>
            <TextLine id="r1l13" custom="readingOrder {index:12;}">
                <Coords points="734,1615 2191,1645 2192,1602 2059,1577 735,1573"/>
                <Baseline points="743,1605 818,1608 894,1611 970,1614 1045,1616 1121,1617 1197,1619 1273,1620 1348,1621 1424,1622 1500,1623 1576,1624 1651,1625 1727,1626 1803,1627 1879,1629 1954,1630 2030,1632 2106,1634 2182,1637"/>
                <TextEquiv>
                    <Unicode>wie der Gesunden zu lesen. Kein Abgrund ist so dunkel und schaurig,</Unicode>
                </TextEquiv>
            </TextLine>
            <TextLine id="r1l14" custom="readingOrder {index:13;}">
                <Coords points="724,1674 2202,1690 2105,1645 725,1632"/>
                <Baseline points="733,1668 809,1671 886,1673 963,1675 1040,1676 1116,1677 1193,1678 1270,1679 1347,1680 1424,1680 1500,1681 1577,1682 1654,1682 1731,1683 1808,1684 1884,1685 1961,1687 2038,1689 2115,1691 2192,1694"/>
                <TextEquiv>
                    <Unicode>daß er mit hartem, forschendem Blick ihn nicht zu durchspähen vermöchte,</Unicode>
                </TextEquiv>
            </TextLine>
            <TextLine id="r1l15" custom="readingOrder {index:14;}">
                <Coords points="736,1734 2201,1745 2063,1701 737,1685"/>
                <Baseline points="745,1726 817,1728 889,1729 962,1731 1034,1732 1106,1734 1179,1735 1251,1737 1323,1738 1396,1740 1468,1741 1540,1742 1613,1744 1685,1745 1757,1746 1830,1747 1902,1748 1974,1749 2047,1750 2119,1751 2192,1751"/>
                <TextEquiv>
                    <Unicode>keine Stimmung andrerseits so heimlich und zart, daß er ihre leisesten</Unicode>
                </TextEquiv>
            </TextLine>
            <TextLine id="r1l16" custom="readingOrder {index:15;}">
                <Coords points="732,1795 1953,1827 2182,1824 2183,1776 733,1746"/>
                <Baseline points="742,1783 813,1785 885,1787 956,1789 1028,1791 1099,1793 1171,1794 1242,1795 1314,1796 1385,1797 1457,1799 1529,1800 1600,1801 1672,1802 1743,1804 1815,1805 1886,1806 1958,1808 2029,1810 2101,1812 2173,1814"/>
                <TextEquiv>
                    <Unicode>Nuancen nicht in seine liebevolle, schlichte Sprache umsetzen könnte.</Unicode>
                </TextEquiv>
            </TextLine>
            <TextLine id="r1l17" custom="readingOrder {index:16;}">
                <Coords points="719,1842 2147,1890 2190,1851 2064,1814 720,1804"/>
                <Baseline points="728,1841 800,1844 873,1847 945,1849 1018,1851 1091,1853 1163,1854 1236,1855 1308,1856 1381,1857 1454,1858 1526,1859 1599,1859 1671,1860 1744,1861 1817,1862 1889,1864 1962,1865 2034,1867 2107,1869 2180,1872"/>
                <TextEquiv>
                    <Unicode>Wie unsere prunkendsten Gefühle, unsere ehrlichsten Posen dahinsiechen,</Unicode>
                </TextEquiv>
            </TextLine>
            <TextLine id="r1l18" custom="readingOrder {index:17;}">
                <Coords points="721,1904 2062,1947 2185,1938 2186,1890 721,1873"/>
                <Baseline points="729,1903 801,1905 873,1906 946,1908 1018,1909 1090,1910 1163,1912 1235,1913 1307,1914 1380,1915 1452,1916 1524,1917 1597,1918 1669,1919 1741,1920 1814,1921 1886,1922 1958,1923 2031,1925 2103,1926 2176,1928"/>
                <TextEquiv>
                    <Unicode>wie feig wir werden, wie brutal und erbärmlich, wenn wir sterben</Unicode>
                </TextEquiv>
            </TextLine>
            <TextLine id="r1l19" custom="readingOrder {index:18;}">
                <Coords points="734,1970 1995,2003 2125,1996 2126,1947 735,1921"/>
                <Baseline points="743,1963 811,1965 880,1967 948,1968 1017,1969 1086,1970 1154,1970 1223,1971 1292,1972 1360,1972 1429,1973 1498,1974 1566,1975 1635,1976 1704,1977 1772,1979 1841,1981 1910,1983 1978,1985 2047,1989 2116,1992"/>
                <TextEquiv>
                    <Unicode>sollen, wie wir in wahnsinniger Angst uns ans Leben klammern, -</Unicode>
                </TextEquiv>
            </TextLine>
            <TextLine id="r1l20" custom="readingOrder {index:19;}">
                <Coords points="724,2025 787,2044 910,2042 939,2022 1014,2042 1191,2052 1233,2032 1372,2051 1372,2005 1323,1986 1215,2001 870,1976 826,1997 781,1971 724,1976"/>
                <Baseline points="733,2020 764,2023 796,2024 827,2026 859,2027 890,2027 922,2028 953,2028 985,2027 1016,2027 1048,2027 1079,2027 1111,2026 1142,2026 1174,2027 1205,2028 1237,2029 1268,2030 1300,2032 1331,2035 1363,2039"/>
                <TextEquiv>
                    <Unicode>das zeigt dies traurige Buch .</Unicode>
                </TextEquiv>
            </TextLine>
            <TextLine id="r1l21" custom="readingOrder {index:20;}">
                <Coords points="1369,2041 2189,2053 2189,2017 2146,1992 2067,2013 2020,1990 1762,2006 1627,1985 1431,2018 1369,1997"/>
                <Baseline points="1378,2035 1418,2035 1458,2035 1498,2035 1538,2035 1578,2035 1618,2035 1658,2036 1698,2036 1738,2037 1779,2037 1819,2038 1859,2039 1899,2040 1939,2041 1979,2042 2019,2043 2059,2045 2099,2046 2139,2048 2180,2049"/>
                <TextEquiv>
                    <Unicode>.. Der Professor eröffnet Felix, daß</Unicode>
                </TextEquiv>
            </TextLine>
            <TextLine id="r1l22" custom="readingOrder {index:21;}">
                <Coords points="711,2086 2185,2111 2071,2050 711,2064"/>
                <Baseline points="721,2081 793,2082 866,2083 939,2084 1012,2085 1084,2086 1157,2087 1230,2088 1303,2089 1375,2090 1448,2091 1521,2092 1594,2094 1666,2095 1739,2096 1812,2098 1885,2100 1957,2102 2030,2104 2103,2107 2176,2110"/>
                <TextEquiv>
                    <Unicode>er vor Jahresfrist sein Ende erwarten müsse. Felix sagt dies Marie,</Unicode>
                </TextEquiv>
            </TextLine>
            <TextLine id="r1l23" custom="readingOrder {index:22;}">
                <Coords points="720,2145 1933,2183 2157,2171 2193,2129 721,2095"/>
                <Baseline points="729,2140 801,2142 874,2144 947,2146 1020,2147 1092,2148 1165,2149 1238,2149 1311,2150 1383,2150 1456,2151 1529,2151 1602,2152 1674,2152 1747,2153 1820,2153 1893,2154 1965,2155 2038,2157 2111,2159 2184,2161"/>
                <TextEquiv>
                    <Unicode>und sie schwört, mit ihm zu sterben; aber unter keiner Bedingung will</Unicode>
                </TextEquiv>
            </TextLine>
            <TextLine id="r1l24" custom="readingOrder {index:23;}">
                <Coords points="714,2195 2118,2242 2181,2192 715,2166"/>
                <Baseline points="724,2197 796,2199 868,2201 941,2203 1013,2204 1086,2205 1158,2206 1230,2207 1303,2207 1375,2208 1448,2209 1520,2210 1592,2211 1665,2211 1737,2212 1810,2214 1882,2215 1954,2217 2027,2219 2099,2221 2172,2223"/>
                <TextEquiv>
                    <Unicode>er dies größte aller Liebesopfer annehmen. Das war, da er sich noch</Unicode>
                </TextEquiv>
            </TextLine>
            <TextLine id="r1l25" custom="readingOrder {index:24;}">
                <Coords points="723,2268 2188,2280 2103,2230 724,2219"/>
                <Baseline points="733,2259 805,2259 877,2260 949,2261 1022,2262 1094,2263 1166,2264 1238,2265 1311,2267 1383,2268 1455,2270 1527,2271 1600,2272 1672,2274 1744,2275 1816,2275 1889,2276 1961,2276 2033,2277 2105,2276 2178,2276"/>
                <TextEquiv>
                    <Unicode>stark fühlte, und der Tod beiden nur ein hohler, schreckender Schall</Unicode>
                </TextEquiv>
            </TextLine>
            <TextLine id="r1l26" custom="readingOrder {index:25;}">
                <Coords points="711,2311 2189,2332 2189,2290 2123,2287 712,2276"/>
                <Baseline points="720,2317 793,2318 866,2319 939,2320 1012,2321 1085,2322 1158,2323 1231,2325 1304,2326 1377,2327 1450,2328 1523,2329 1596,2330 1669,2331 1742,2332 1815,2333 1888,2333 1961,2334 2034,2334 2107,2334 2180,2334"/>
                <TextEquiv>
                    <Unicode>deuchte. Er wird krank, immer kränker näher und näher tritt</Unicode>
                </TextEquiv>
            </TextLine>
            <TextLine id="r1l27" custom="readingOrder {index:26;}">
                <Coords points="720,2388 2133,2416 2182,2371 721,2331"/>
                <Baseline points="729,2375 801,2376 873,2377 945,2378 1017,2380 1089,2381 1161,2382 1234,2384 1306,2385 1378,2386 1450,2388 1522,2389 1594,2390 1666,2391 1739,2392 1811,2393 1883,2394 1955,2395 2027,2395 2099,2396 2172,2396"/>
                <TextEquiv>
                    <Unicode>der Tod seinem Lager. Er will nicht mehr allein sterben und beruft</Unicode>
                </TextEquiv>
            </TextLine>
            <TextLine id="r1l28" custom="readingOrder {index:27;}">
                <Coords points="719,2438 2181,2441 1867,2393 1240,2421 720,2382"/>
                <Baseline points="729,2436 801,2437 873,2439 945,2439 1017,2440 1089,2441 1161,2442 1234,2442 1306,2442 1378,2443 1450,2443 1522,2444 1594,2445 1666,2446 1739,2447 1811,2448 1883,2449 1955,2451 2027,2454 2099,2456 2172,2459"/>
                <TextEquiv>
                    <Unicode>sich auf Maries Schwur. Welches Recht hat sie ans Leben, wenn sein,</Unicode>
                </TextEquiv>
            </TextLine>
            <TextLine id="r1l29" custom="readingOrder {index:28;}">
                <Coords points="712,2490 2177,2509 2177,2465 1989,2457 713,2459"/>
                <Baseline points="721,2494 793,2494 865,2495 938,2495 1010,2496 1082,2497 1155,2498 1227,2499 1299,2500 1372,2500 1444,2502 1516,2503 1589,2504 1661,2505 1733,2506 1806,2507 1878,2509 1950,2510 2023,2511 2095,2512 2168,2513"/>
                <TextEquiv>
                    <Unicode>des Geliebten Ende sgekommen? . .. Aber je kränker er wird, desto</Unicode>
                </TextEquiv>
            </TextLine>
            <TextLine id="r1l30" custom="readingOrder {index:29;}">
                <Coords points="708,2546 1802,2590 2150,2586 2186,2545 709,2513"/>
                <Baseline points="717,2552 793,2552 870,2553 947,2554 1024,2555 1100,2556 1177,2557 1254,2558 1331,2559 1408,2560 1484,2562 1561,2563 1638,2564 1715,2565 1792,2567 1868,2568 1945,2569 2022,2571 2099,2572 2176,2573"/>
                <TextEquiv>
                    <Unicode>mehr schwindet für Marie die Schönheit des Todes; nur das häßliche</Unicode>
                </TextEquiv>
            </TextLine>
            <TextLine id="r1l31" custom="readingOrder {index:30;}">
                <Coords points="711,2620 2185,2622 1924,2575 711,2563"/>
                <Baseline points="720,2606 792,2609 865,2611 938,2613 1011,2615 1084,2617 1156,2618 1229,2618 1302,2619 1375,2620 1448,2620 1520,2621 1593,2621 1666,2622 1739,2623 1812,2624 1884,2625 1957,2626 2030,2628 2103,2630 2176,2632"/>
                <TextEquiv>
                    <Unicode>Kranksein schaut sie noch, das langsame Faulen, und es packt sie brennende</Unicode>
                </TextEquiv>
            </TextLine>
            <TextLine id="r1l32" custom="readingOrder {index:31;}">
                <Coords points="708,2663 2185,2696 2185,2654 1844,2630 708,2626"/>
                <Baseline points="717,2664 793,2667 870,2669 947,2671 1024,2673 1100,2675 1177,2676 1254,2677 1331,2679 1408,2680 1484,2680 1561,2681 1638,2682 1715,2682 1792,2683 1868,2683 1945,2684 2022,2684 2099,2684 2176,2684"/>
                <TextEquiv>
                    <Unicode>Sehnsucht nach Blühendem, Lebendigem. Gewiß, sie liebt ihn und wird</Unicode>
                </TextEquiv>
            </TextLine>
            <TextLine id="r1l33" custom="readingOrder {index:32;}">
                <Coords points="713,2724 2029,2770 2135,2765 2167,2718 713,2686"/>
                <Baseline points="722,2721 793,2723 865,2726 937,2728 1009,2730 1080,2731 1152,2733 1224,2735 1296,2736 1367,2737 1439,2738 1511,2739 1583,2741 1654,2741 1726,2743 1798,2744 1870,2745 1941,2747 2013,2748 2085,2750 2157,2752"/>
                <TextEquiv>
                    <Unicode>ausharren bis zu seinem letzten Atemzug; aber warum soll sie sterben,</Unicode>
                </TextEquiv>
            </TextLine>
            <TextLine id="r1l34" custom="readingOrder {index:33;}">
                <Coords points="717,2796 2186,2808 2130,2761 718,2736"/>
                <Baseline points="726,2784 798,2787 871,2789 943,2791 1016,2793 1088,2794 1161,2795 1233,2796 1306,2797 1378,2797 1451,2798 1523,2799 1596,2799 1668,2800 1741,2801 1813,2802 1886,2804 1958,2805 2031,2807 2103,2810 2176,2812"/>
                <TextEquiv>
                    <Unicode>so schön und jung, wenn das Leben noch lächelnd winkt? Und wie es</Unicode>
                </TextEquiv>
            </TextLine>
            <TextLine id="r1l35" custom="readingOrder {index:34;}">
                <Coords points="716,2861 1586,2861 1586,2824 1466,2808 717,2801"/>
                <Baseline points="726,2840 768,2843 811,2845 853,2846 896,2848 938,2849 981,2850 1023,2850 1066,2850 1108,2851 1151,2851 1194,2851 1236,2851 1279,2851 1321,2851 1364,2851 1406,2852 1449,2853 1491,2853 1534,2855 1577,2856"/>
                <TextEquiv>
                    <Unicode>so weit ist, entflieht sie dem Sterbezimmer</Unicode>
                </TextEquiv>
            </TextLine>
            <TextLine id="r1l36" custom="readingOrder {index:35;}">
                <Coords points="1613,2857 1624,2857 1644,2871 1655,2868 1662,2876 1694,2859 1716,2860 1718,2817 1709,2816 1688,2833 1668,2829 1656,2837 1646,2831 1629,2843 1625,2839 1614,2839"/>
                <Baseline points="1623,2860 1651,2858 1679,2860 1707,2864"/>
                <TextEquiv>
                    <Unicode>* „</Unicode>
                </TextEquiv>
            </TextLine>
            <TextLine id="r1l37" custom="readingOrder {index:36;}">
                <Coords points="806,2911 2179,2930 2179,2893 2039,2874 806,2869"/>
                <Baseline points="814,2900 881,2902 949,2904 1017,2905 1085,2907 1153,2909 1220,2910 1288,2912 1356,2913 1424,2914 1492,2915 1559,2916 1627,2917 1695,2918 1763,2919 1831,2920 1898,2921 1966,2922 2034,2923 2102,2924 2170,2925"/>
                <TextEquiv>
                    <Unicode>Man sieht, keine äußere Handlung, aber eine Fülle von seelischen</Unicode>
                </TextEquiv>
            </TextLine>
            <TextLine id="r1l38" custom="readingOrder {index:37;}">
                <Coords points="698,2958 2178,2978 2107,2936 699,2925"/>
                <Baseline points="708,2957 781,2959 854,2961 927,2963 1000,2964 1073,2966 1146,2967 1219,2968 1292,2970 1365,2971 1438,2972 1511,2973 1584,2974 1657,2975 1730,2976 1803,2977 1876,2979 1949,2980 2022,2981 2095,2982 2168,2984"/>
                <TextEquiv>
                    <Unicode>Ereignissen. Wie ein und derselbe Vorgang anders wirkt auf den</Unicode>
                </TextEquiv>
            </TextLine>
            <TextLine id="r1l39" custom="readingOrder {index:38;}">
                <Coords points="702,3036 1934,3066 2134,3049 2164,3002 703,2971"/>
                <Baseline points="712,3017 784,3018 856,3020 928,3022 1000,3023 1072,3025 1144,3026 1216,3028 1288,3029 1360,3031 1433,3032 1505,3033 1577,3034 1649,3035 1721,3036 1793,3037 1865,3038 1937,3039 2009,3039 2081,3040 2154,3040"/>
                <TextEquiv>
                    <Unicode>Kranken als auf die Gesunde, den mählich sich weitenden Abgrund, der</Unicode>
                </TextEquiv>
            </TextLine>
            <TextLine id="r1l40" custom="readingOrder {index:39;}">
                <Coords points="695,3096 2121,3127 2166,3075 696,3045"/>
                <Baseline points="704,3078 776,3080 849,3081 921,3083 994,3084 1067,3085 1139,3087 1212,3088 1284,3089 1357,3090 1430,3091 1502,3092 1575,3093 1647,3094 1720,3095 1793,3096 1865,3097 1938,3098 2010,3100 2083,3101 2156,3102"/>
                <TextEquiv>
                    <Unicode>zwischen beider Empfinden klafft, wie beide ihn fühlen und vergeblich</Unicode>
                </TextEquiv>
            </TextLine>
            <TextLine id="r1l41" custom="readingOrder {index:40;}">
                <Coords points="704,3153 2136,3178 2162,3127 705,3104"/>
                <Baseline points="714,3139 785,3140 857,3141 929,3141 1001,3142 1073,3143 1145,3144 1217,3145 1289,3146 1361,3147 1433,3148 1504,3149 1576,3150 1648,3151 1720,3152 1792,3153 1864,3154 1936,3155 2008,3156 2080,3158 2152,3158"/>
                <TextEquiv>
                    <Unicode>zu überbrücken streben, — das ist geschildert mit einer Kunst der</Unicode>
                </TextEquiv>
            </TextLine>
            <TextLine id="r1l42" custom="readingOrder {index:41;}">
                <Coords points="709,3195 2163,3232 2163,3172 2072,3165 710,3161"/>
                <Baseline points="718,3196 789,3197 861,3199 933,3200 1005,3201 1077,3203 1148,3204 1220,3205 1292,3207 1364,3208 1436,3210 1507,3211 1579,3212 1651,3213 1723,3214 1795,3215 1866,3216 1938,3217 2010,3217 2082,3218 2154,3218"/>
                <TextEquiv>
                    <Unicode>Analyse, die oft ans Unheimliche streift. Ich darf leider nicht alles</Unicode>
                </TextEquiv>
            </TextLine>
            <TextLine id="r1l43" custom="readingOrder {index:42;}">
                <Coords points="693,3268 2013,3305 2171,3255 694,3213"/>
                <Baseline points="702,3250 775,3254 848,3257 921,3261 994,3263 1067,3264 1140,3266 1213,3266 1286,3267 1359,3267 1432,3268 1505,3268 1578,3268 1651,3268 1724,3269 1797,3270 1870,3271 1943,3273 2016,3275 2089,3278 2162,3281"/>
                <TextEquiv>
                    <Unicode>citieren, was ich möchte, aber man halte einmal diese beiden Stellen</Unicode>
                </TextEquiv>
            </TextLine>
            <TextLine id="r1l44" custom="readingOrder {index:43;}">
                <Coords points="695,3339 723,3331 755,3339 783,3321 816,3323 832,3338 851,3328 900,3340 946,3326 965,3338 1023,3315 1023,3282 979,3287 934,3273 895,3287 845,3266 800,3283 773,3268 742,3284 697,3270"/>
                <Baseline points="704,3314 729,3313 755,3313 781,3313 807,3314 833,3315 859,3316 884,3317 910,3318 936,3318 962,3318 988,3318 1014,3317"/>
                <TextEquiv>
                    <Unicode>nebeneinander.</Unicode>
                </TextEquiv>
            </TextLine>
            <TextLine id="r1l45" custom="readingOrder {index:44;}">
                <Coords points="935,3361 995,3397 1531,3415 2184,3393 2171,3330 2033,3359 936,3326"/>
                <Baseline points="944,3377 1005,3379 1067,3381 1128,3383 1190,3384 1251,3386 1313,3387 1374,3388 1436,3390 1497,3391 1559,3392 1621,3393 1682,3394 1744,3395 1805,3396 1867,3397 1928,3398 1990,3399 2051,3400 2113,3402 2175,3403"/>
                <TextEquiv>
                    <Unicode>In anderen Momenten aber, ganz besonders nachts, wenn</Unicode>
                </TextEquiv>
            </TextLine>
            <TextEquiv>
                <Unicode>box 36/1
Panphlets offprints
Arthur Schnitzler.
31
und subtilsten Stimmungen zu bannen, in dieser Kunst, die ebensoviel
zärtlicher Liebe wie erbarmungsloser Grausamkeit bedarf, auch in ihr
ist Arthur Schnitzler Meister.
In seiner größten Novelle „Sterben“ tritt die äußere Handlung
ganz zurück. La vie intérieure ist alles. Ein Arzt hat dies Buch ge¬
dichtet, aber einer von denen, die mehr können, als den Puls fühlen und
ein Rezept verschreiben. Schnitzler versteht sich auch auf die psychische
Diagnose, und gleich vortrefflich weiß er in den Seelen der Kranken
wie der Gesunden zu lesen. Kein Abgrund ist so dunkel und schaurig,
daß er mit hartem, forschendem Blick ihn nicht zu durchspähen vermöchte,
keine Stimmung andrerseits so heimlich und zart, daß er ihre leisesten
Nuancen nicht in seine liebevolle, schlichte Sprache umsetzen könnte.
Wie unsere prunkendsten Gefühle, unsere ehrlichsten Posen dahinsiechen,
wie feig wir werden, wie brutal und erbärmlich, wenn wir sterben
sollen, wie wir in wahnsinniger Angst uns ans Leben klammern, -
das zeigt dies traurige Buch .
.. Der Professor eröffnet Felix, daß
er vor Jahresfrist sein Ende erwarten müsse. Felix sagt dies Marie,
und sie schwört, mit ihm zu sterben; aber unter keiner Bedingung will
er dies größte aller Liebesopfer annehmen. Das war, da er sich noch
stark fühlte, und der Tod beiden nur ein hohler, schreckender Schall
deuchte. Er wird krank, immer kränker näher und näher tritt
der Tod seinem Lager. Er will nicht mehr allein sterben und beruft
sich auf Maries Schwur. Welches Recht hat sie ans Leben, wenn sein,
des Geliebten Ende sgekommen? . .. Aber je kränker er wird, desto
mehr schwindet für Marie die Schönheit des Todes; nur das häßliche
Kranksein schaut sie noch, das langsame Faulen, und es packt sie brennende
Sehnsucht nach Blühendem, Lebendigem. Gewiß, sie liebt ihn und wird
ausharren bis zu seinem letzten Atemzug; aber warum soll sie sterben,
so schön und jung, wenn das Leben noch lächelnd winkt? Und wie es
so weit ist, entflieht sie dem Sterbezimmer
* „
Man sieht, keine äußere Handlung, aber eine Fülle von seelischen
Ereignissen. Wie ein und derselbe Vorgang anders wirkt auf den
Kranken als auf die Gesunde, den mählich sich weitenden Abgrund, der
zwischen beider Empfinden klafft, wie beide ihn fühlen und vergeblich
zu überbrücken streben, — das ist geschildert mit einer Kunst der
Analyse, die oft ans Unheimliche streift. Ich darf leider nicht alles
citieren, was ich möchte, aber man halte einmal diese beiden Stellen
nebeneinander.
In anderen Momenten aber, ganz besonders nachts, wenn</Unicode>
            </TextEquiv>
        </TextRegion>
        <TextRegion orientation="0.0" id="r2" custom="readingOrder {index:1;}">
            <Coords points="2109,97 2109,250 2343,250 2343,97"/>
            <TextLine id="r2l1" custom="readingOrder {index:0;}">
                <Coords points="2099,204 2131,216 2151,208 2193,219 2220,237 2255,227 2275,238 2299,217 2352,222 2351,171 2335,175 2316,166 2293,177 2256,156 2218,164 2207,175 2183,170 2174,179 2135,163 2119,180 2099,171"/>
                <Baseline points="2109,200 2135,200 2161,200 2187,200 2213,199 2239,199 2265,198 2291,198 2317,198 2343,197"/>
                <TextEquiv>
                    <Unicode>—.—</Unicode>
                </TextEquiv>
            </TextLine>
            <TextEquiv>
                <Unicode>—.—</Unicode>
            </TextEquiv>
        </TextRegion>
        <TextRegion orientation="0.0" id="r3" custom="readingOrder {index:2;}">
            <Coords points="2690,2207 2690,2359 2720,2359 2720,2207"/>
            <TextLine id="r3l1" custom="readingOrder {index:0;}">
                <Coords points="2678,2338 2705,2343 2719,2331 2728,2332 2735,2228 2726,2228 2716,2221 2706,2224 2695,2234 2686,2234"/>
                <Baseline points="2690,2307 2720,2309"/>
                <TextEquiv>
                    <Unicode></Unicode>
                </TextEquiv>
            </TextLine>
            <TextEquiv>
                <Unicode></Unicode>
            </TextEquiv>
        </TextRegion>
    </Page>
</PcGts>
