<?xml version="1.0" encoding="UTF-8" standalone="yes"?>
<PcGts xmlns="http://schema.primaresearch.org/PAGE/gts/pagecontent/2013-07-15" xmlns:xsi="http://www.w3.org/2001/XMLSchema-instance" xsi:schemaLocation="http://schema.primaresearch.org/PAGE/gts/pagecontent/2013-07-15 http://schema.primaresearch.org/PAGE/gts/pagecontent/2013-07-15/pagecontent.xsd">
    <Metadata>
        <Creator>prov=University of Rostock/Institute of Mathematics/CITlab/Gundram Leifert/gundram.leifert@uni-rostock.de:name=ONB_Newseye_GT_M1+(htr_id=10810)::::v=2.4.2
prov=University of Rostock/Institute of Mathematics/CITlab/Tobias Gruening/tobias.gruening@uni-rostock.de:name=de.uros.citlab.module.baseline2polygon.B2PSeamMultiOriented:v=2.4.2
prov=University of Rostock/Institute of Mathematics/CITlab/Tobias Gruening/tobias.gruening@uni-rostock.de:name=/mnt/transkribus/LA/DEA/URO/LA_news_onb_att.pb:de.uros.citlab.segmentation.CITlab_LA_ML:v=2.4.2
Transkribus</Creator>
        <Created>2019-10-07T15:13:32.829+02:00</Created>
        <LastChange>2019-10-09T04:26:06.834+02:00</LastChange>
        <TranskribusMetadata docId="224185" pageId="9514417" pageNr="5" tsid="16622236" status="IN_PROGRESS" userId="40391" imgUrl="https://files.transkribus.eu/Get?id=ZVJZDLOZDQBIYSPWVJRBXGGV&amp;fileType=view" xmlUrl="https://files.transkribus.eu/Get?id=XOTHDWNAUYXBCOVRRCGEIWJC" imageId="6202651"/>
    </Metadata>
    <Page imageFilename="224185_0005.jpeg" imageWidth="3344" imageHeight="4352">
        <ReadingOrder>
            <OrderedGroup id="ro_1711443872608" caption="Regions reading order">
                <RegionRefIndexed index="0" regionRef="r1"/>
                <RegionRefIndexed index="1" regionRef="r2"/>
            </OrderedGroup>
        </ReadingOrder>
        <TextRegion orientation="0.0" id="r1" custom="readingOrder {index:0;}">
            <Coords points="242,207 242,4214 2359,4214 2359,207"/>
            <TextLine id="r1l1" custom="readingOrder {index:0;}">
                <Coords points="1959,241 2010,245 2054,267 2077,257 2089,269 2119,254 2154,267 2179,252 2200,264 2227,255 2244,264 2286,242 2300,247 2300,211 2243,191 2198,210 2151,195 2131,208 2074,204 2049,215 1959,208"/>
                <Baseline points="1969,234 1995,234 2022,235 2049,236 2075,236 2102,235 2129,235 2155,235 2182,234 2209,233 2235,233 2262,233 2289,232"/>
                <TextEquiv>
                    <Unicode>—.—</Unicode>
                </TextEquiv>
            </TextLine>
            <TextLine id="r1l2" custom="readingOrder {index:1;}">
                <Coords points="1454,344 1517,360 1567,342 1588,362 1660,336 1728,361 1777,347 1818,363 1902,352 1903,306 1824,277 1782,285 1705,268 1645,315 1617,295 1568,305 1500,280 1456,292"/>
                <Baseline points="1466,335 1491,336 1516,336 1541,337 1566,338 1591,339 1616,340 1641,341 1666,342 1691,343 1716,343 1741,344 1766,344 1791,344 1816,344 1841,344 1866,343 1892,342"/>
                <TextEquiv>
                    <Unicode>box 36/2</Unicode>
                </TextEquiv>
            </TextLine>
            <TextLine id="r1l3" custom="readingOrder {index:2;}">
                <Coords points="231,350 1044,389 1356,368 1375,339 1189,273 871,272 787,317 597,270 294,279 231,313"/>
                <Baseline points="242,347 298,348 354,349 410,349 466,350 522,350 578,351 634,351 690,351 746,352 802,352 858,352 914,352 970,352 1026,352 1082,352 1138,352 1194,353 1250,353 1306,353 1363,353"/>
                <TextEquiv>
                    <Unicode>Panphlets offprints</Unicode>
                </TextEquiv>
            </TextLine>
            <TextLine id="r1l4" custom="readingOrder {index:3;}">
                <Coords points="661,1020 680,1018 687,1022 691,1017 720,1015 747,1025 781,1022 779,957 769,957 762,951 748,962 737,956 715,963 694,959 671,972 660,972"/>
                <Baseline points="672,1004 704,1002 737,1001 770,1002"/>
                <TextEquiv>
                    <Unicode>688</Unicode>
                </TextEquiv>
            </TextLine>
            <TextLine id="r1l5" custom="readingOrder {index:4;}">
                <Coords points="1287,1009 1366,1032 1412,1009 1519,1034 1561,1011 1613,1028 1726,1007 1726,980 1682,980 1651,961 1590,976 1567,963 1469,970 1416,955 1364,974 1287,953"/>
                <Baseline points="1297,1008 1323,1007 1349,1007 1375,1006 1401,1006 1427,1006 1453,1006 1479,1006 1506,1005 1532,1005 1558,1006 1584,1006 1610,1006 1636,1006 1662,1007 1688,1007 1715,1007"/>
                <TextEquiv>
                    <Unicode>Helene Herrmann:</Unicode>
                </TextEquiv>
            </TextLine>
            <TextLine id="r1l6" custom="readingOrder {index:5;}">
                <Coords points="664,1097 2339,1098 2199,1042 664,1053"/>
                <Baseline points="674,1095 756,1096 839,1096 922,1096 1004,1097 1087,1097 1170,1097 1252,1097 1335,1097 1418,1097 1501,1097 1583,1097 1666,1097 1749,1097 1831,1097 1914,1097 1997,1097 2079,1097 2162,1098 2245,1098 2328,1099"/>
                <TextEquiv>
                    <Unicode>glückliches Zusammenleben das Fundament die stärksten Symbole gefunden, die mäch¬</Unicode>
                </TextEquiv>
            </TextLine>
            <TextLine id="r1l7" custom="readingOrder {index:6;}">
                <Coords points="667,1154 2210,1173 2350,1115 667,1122"/>
                <Baseline points="678,1145 761,1146 844,1148 927,1149 1010,1149 1093,1150 1176,1150 1259,1151 1342,1151 1425,1151 1508,1150 1591,1150 1674,1150 1757,1150 1840,1150 1923,1150 2006,1150 2089,1150 2172,1151 2255,1151 2339,1152"/>
                <TextEquiv>
                    <Unicode>abzugeben? Und sogleich heißt es wie ein= tigen stützenden Akzente für seine ost frauen¬</Unicode>
                </TextEquiv>
            </TextLine>
            <TextLine id="r1l8" custom="readingOrder {index:7;}">
                <Coords points="667,1214 2196,1223 2336,1171 667,1181"/>
                <Baseline points="678,1198 760,1199 842,1200 925,1201 1007,1201 1090,1202 1172,1203 1254,1203 1337,1203 1419,1204 1502,1204 1584,1204 1666,1204 1749,1204 1831,1204 1914,1203 1996,1203 2078,1203 2161,1202 2243,1202 2326,1201"/>
                <TextEquiv>
                    <Unicode>mal bei Ibsen: Stellen wir die Frage nicht haft zarte Kunst. Im „Grünen Kakadu“</Unicode>
                </TextEquiv>
            </TextLine>
            <TextLine id="r1l9" custom="readingOrder {index:8;}">
                <Coords points="666,1265 2351,1255 2268,1211 666,1217"/>
                <Baseline points="676,1251 759,1252 842,1253 925,1254 1008,1255 1092,1255 1175,1256 1258,1256 1341,1256 1424,1257 1508,1257 1591,1257 1674,1257 1757,1257 1840,1257 1924,1257 2007,1257 2090,1257 2173,1257 2256,1257 2340,1257"/>
                <TextEquiv>
                    <Unicode>so allgemein! Allgemeinheiten verwirren. ist es die französische Revolution, die in</Unicode>
                </TextEquiv>
            </TextLine>
            <TextLine id="r1l10" custom="readingOrder {index:9;}">
                <Coords points="672,1320 2354,1317 2228,1260 672,1274"/>
                <Baseline points="682,1309 765,1309 848,1308 931,1308 1014,1307 1097,1307 1180,1307 1263,1307 1346,1308 1429,1308 1513,1308 1596,1308 1679,1309 1762,1309 1845,1309 1928,1309 2011,1309 2094,1309 2177,1309 2260,1308 2344,1308"/>
                <TextEquiv>
                    <Unicode>Hat die Lüge in diesem besonderen Falle den Theaterspaß hineingrollt, der ihren Ernst</Unicode>
                </TextEquiv>
            </TextLine>
            <TextLine id="r1l11" custom="readingOrder {index:10;}">
                <Coords points="660,1356 1078,1383 1502,1367 1502,1325 1400,1312 1291,1335 1157,1314 712,1327 660,1303"/>
                <Baseline points="671,1359 712,1360 753,1360 794,1361 835,1361 876,1361 917,1361 958,1361 999,1361 1040,1361 1081,1361 1122,1360 1163,1360 1204,1360 1245,1360 1286,1360 1327,1360 1368,1361 1409,1361 1450,1362 1491,1363"/>
                <TextEquiv>
                    <Unicode>durch die Liebe der Menschen, durch die</Unicode>
                </TextEquiv>
            </TextLine>
            <TextLine id="r1l12" custom="readingOrder {index:11;}">
                <Coords points="1521,1373 2350,1367 2350,1325 2258,1314 2053,1335 1990,1314 1522,1317"/>
                <Baseline points="1531,1361 1571,1361 1611,1362 1652,1362 1692,1362 1733,1362 1773,1362 1813,1362 1854,1363 1894,1363 1935,1363 1975,1363 2015,1363 2056,1363 2096,1363 2137,1363 2177,1363 2217,1363 2258,1363 2298,1363 2339,1363"/>
                <TextEquiv>
                    <Unicode>spielend vorausnimmt, im „Schleier der</Unicode>
                </TextEquiv>
            </TextLine>
            <TextLine id="r1l13" custom="readingOrder {index:12;}">
                <Coords points="674,1413 1498,1432 1485,1367 674,1374"/>
                <Baseline points="685,1412 725,1412 765,1412 805,1412 845,1412 885,1412 925,1412 966,1413 1006,1413 1046,1413 1086,1413 1126,1413 1166,1413 1206,1413 1247,1413 1287,1412 1327,1412 1367,1412 1407,1412 1447,1411 1488,1411"/>
                <TextEquiv>
                    <Unicode>Stärke der Empfindungen, an denen sie sich</Unicode>
                </TextEquiv>
            </TextLine>
            <TextLine id="r1l14" custom="readingOrder {index:13;}">
                <Coords points="1513,1423 2262,1439 2342,1420 2342,1381 2306,1372 1514,1373"/>
                <Baseline points="1524,1411 1564,1412 1604,1413 1645,1414 1685,1414 1726,1415 1766,1415 1806,1416 1847,1416 1887,1416 1928,1416 1968,1416 2008,1416 2049,1416 2089,1416 2130,1415 2170,1415 2210,1415 2251,1414 2291,1414 2332,1413"/>
                <TextEquiv>
                    <Unicode>Beatrice“ der Untergang der ganz vom glü¬</Unicode>
                </TextEquiv>
            </TextLine>
            <TextLine id="r1l15" custom="readingOrder {index:14;}">
                <Coords points="660,1490 1487,1483 1503,1424 660,1438"/>
                <Baseline points="670,1465 711,1464 752,1464 793,1463 834,1463 875,1463 916,1462 957,1462 998,1462 1039,1462 1081,1462 1122,1462 1163,1463 1204,1463 1245,1463 1286,1463 1327,1463 1368,1463 1409,1463 1450,1462 1492,1462"/>
                <TextEquiv>
                    <Unicode>nährte, die Kraft bewiesen, dieses Lebens¬</Unicode>
                </TextEquiv>
            </TextLine>
            <TextLine id="r1l16" custom="readingOrder {index:15;}">
                <Coords points="1516,1485 2329,1487 2358,1449 2222,1420 1515,1427"/>
                <Baseline points="1527,1467 1568,1466 1609,1466 1650,1465 1691,1465 1732,1465 1773,1465 1814,1465 1855,1465 1896,1465 1937,1465 1978,1465 2019,1465 2060,1465 2101,1465 2142,1465 2183,1465 2224,1465 2265,1465 2306,1465 2347,1465"/>
                <TextEquiv>
                    <Unicode>henden Renaissanceleben durchpulsten Stadt.</Unicode>
                </TextEquiv>
            </TextLine>
            <TextLine id="r1l17" custom="readingOrder {index:16;}">
                <Coords points="1541,1510 1581,1530 1650,1513 1693,1543 2283,1540 2346,1517 2346,1494 2250,1470 1541,1479"/>
                <Baseline points="1552,1511 1591,1512 1630,1513 1669,1514 1708,1514 1748,1515 1787,1516 1826,1516 1865,1517 1904,1517 1944,1518 1983,1518 2022,1518 2061,1518 2100,1519 2140,1519 2179,1519 2218,1518 2257,1518 2296,1518 2336,1517"/>
                <TextEquiv>
                    <Unicode>Der Grundakkord von Schnitzlers Dich¬</Unicode>
                </TextEquiv>
            </TextLine>
            <TextLine id="r1l18" custom="readingOrder {index:17;}">
                <Coords points="664,1519 1501,1536 1501,1484 1467,1473 808,1487 771,1468 664,1498"/>
                <Baseline points="675,1520 715,1520 756,1519 797,1519 838,1518 879,1518 919,1518 960,1517 1001,1517 1042,1517 1083,1517 1123,1516 1164,1516 1205,1516 1246,1516 1287,1516 1327,1516 1368,1516 1409,1516 1450,1516 1491,1516"/>
                <TextEquiv>
                    <Unicode>glück zu tragen, so hat sie auch das Recht,</Unicode>
                </TextEquiv>
            </TextLine>
            <TextLine id="r1l19" custom="readingOrder {index:18;}">
                <Coords points="668,1582 1130,1570 1189,1601 1260,1571 1450,1589 1498,1570 1498,1536 1389,1524 668,1530"/>
                <Baseline points="679,1571 719,1571 759,1570 800,1570 840,1569 881,1569 921,1569 962,1569 1002,1568 1043,1568 1083,1568 1123,1568 1164,1568 1204,1568 1245,1568 1285,1568 1326,1568 1366,1567 1407,1567 1447,1567 1488,1566"/>
                <TextEquiv>
                    <Unicode>so ist sie mehr Wahrheit als die bloße Wahr¬</Unicode>
                </TextEquiv>
            </TextLine>
            <TextLine id="r1l20" custom="readingOrder {index:19;}">
                <Coords points="1503,1575 2359,1572 2359,1547 2248,1526 1503,1529"/>
                <Baseline points="1513,1568 1554,1569 1596,1570 1638,1571 1680,1571 1722,1572 1763,1572 1805,1572 1847,1572 1889,1572 1931,1572 1972,1572 2014,1571 2056,1571 2098,1571 2140,1571 2181,1571 2223,1571 2265,1571 2307,1572 2349,1572"/>
                <TextEquiv>
                    <Unicode>tung ist das Problem vom verwirrenden</Unicode>
                </TextEquiv>
            </TextLine>
            <TextLine id="r1l21" custom="readingOrder {index:20;}">
                <Coords points="660,1622 1457,1641 1509,1629 1509,1585 660,1595"/>
                <Baseline points="671,1625 712,1625 753,1624 795,1623 836,1622 877,1622 919,1622 960,1621 1001,1621 1043,1621 1084,1621 1125,1621 1167,1621 1208,1621 1249,1621 1291,1621 1332,1621 1373,1621 1415,1621 1456,1620 1498,1620"/>
                <TextEquiv>
                    <Unicode>heit der Tatsachen. Der eigentliche Kern</Unicode>
                </TextEquiv>
            </TextLine>
            <TextLine id="r1l22" custom="readingOrder {index:21;}">
                <Coords points="1516,1643 1721,1621 2289,1639 2358,1628 2358,1599 2302,1578 1515,1584"/>
                <Baseline points="1527,1623 1568,1624 1609,1625 1650,1626 1691,1626 1732,1626 1773,1626 1814,1626 1855,1626 1896,1625 1937,1624 1978,1624 2019,1623 2060,1623 2101,1622 2142,1622 2183,1622 2224,1622 2265,1622 2306,1623 2347,1624"/>
                <TextEquiv>
                    <Unicode>Spiel des Daseins, die Unmöglichkeit, Sein</Unicode>
                </TextEquiv>
            </TextLine>
            <TextLine id="r1l23" custom="readingOrder {index:22;}">
                <Coords points="661,1668 743,1691 810,1666 1036,1694 1508,1688 1508,1629 661,1633"/>
                <Baseline points="671,1674 712,1675 753,1675 794,1675 836,1675 877,1675 918,1675 960,1675 1001,1675 1042,1675 1084,1675 1125,1675 1166,1674 1207,1674 1249,1674 1290,1673 1331,1673 1373,1673 1414,1672 1455,1672 1497,1671"/>
                <TextEquiv>
                    <Unicode>dieses Stückes liegt aber nicht in diesem</Unicode>
                </TextEquiv>
            </TextLine>
            <TextLine id="r1l24" custom="readingOrder {index:23;}">
                <Coords points="1512,1679 2280,1691 2355,1681 2355,1643 1755,1627 1512,1648"/>
                <Baseline points="1523,1676 1564,1676 1605,1676 1646,1676 1687,1676 1728,1675 1769,1675 1810,1675 1851,1674 1892,1674 1933,1674 1974,1674 2015,1674 2056,1674 2097,1674 2138,1674 2179,1675 2220,1675 2261,1676 2302,1677 2344,1678"/>
                <TextEquiv>
                    <Unicode>und Schein, Traum und Wachen, Wahrheit</Unicode>
                </TextEquiv>
            </TextLine>
            <TextLine id="r1l25" custom="readingOrder {index:24;}">
                <Coords points="677,1737 1400,1744 1509,1725 1509,1689 676,1693"/>
                <Baseline points="687,1728 727,1728 768,1728 808,1727 849,1727 889,1727 930,1727 970,1727 1011,1727 1051,1727 1092,1727 1133,1727 1173,1727 1214,1727 1254,1727 1295,1727 1335,1727 1376,1727 1416,1726 1457,1726 1498,1725"/>
                <TextEquiv>
                    <Unicode>ethischen Problem, er liegt in den inneren</Unicode>
                </TextEquiv>
            </TextLine>
            <TextLine id="r1l26" custom="readingOrder {index:25;}">
                <Coords points="1509,1734 2354,1750 2354,1698 2296,1687 2061,1708 1992,1684 1509,1682"/>
                <Baseline points="1519,1726 1560,1727 1601,1729 1642,1729 1684,1730 1725,1730 1766,1730 1807,1729 1849,1729 1890,1729 1931,1729 1972,1728 2014,1728 2055,1728 2096,1728 2137,1728 2179,1728 2220,1729 2261,1730 2302,1731 2344,1733"/>
                <TextEquiv>
                    <Unicode>und Lüge richtig zu werten, gegeneinander</Unicode>
                </TextEquiv>
            </TextLine>
            <TextLine id="r1l27" custom="readingOrder {index:26;}">
                <Coords points="663,1783 1506,1784 1506,1746 1470,1734 663,1739"/>
                <Baseline points="674,1780 715,1779 756,1779 797,1779 838,1779 879,1779 920,1779 961,1780 1002,1780 1043,1780 1084,1780 1125,1780 1166,1780 1207,1780 1248,1780 1289,1779 1330,1779 1371,1779 1412,1778 1453,1777 1495,1777"/>
                <TextEquiv>
                    <Unicode>Widersprüchen, die sich ergeben müssen, wenn</Unicode>
                </TextEquiv>
            </TextLine>
            <TextLine id="r1l28" custom="readingOrder {index:27;}">
                <Coords points="1519,1790 2353,1786 2353,1742 2257,1732 1816,1737 1757,1762 1519,1738"/>
                <Baseline points="1529,1780 1569,1781 1610,1782 1650,1782 1691,1782 1732,1782 1772,1781 1813,1780 1854,1780 1894,1779 1935,1779 1976,1778 2016,1778 2057,1777 2098,1777 2138,1777 2179,1778 2220,1779 2260,1781 2301,1782 2342,1785"/>
                <TextEquiv>
                    <Unicode>abzugrenzen. Ist überhaupt ein Festes,</Unicode>
                </TextEquiv>
            </TextLine>
            <TextLine id="r1l29" custom="readingOrder {index:28;}">
                <Coords points="667,1846 1499,1844 1499,1791 1426,1785 667,1790"/>
                <Baseline points="677,1832 717,1832 758,1832 798,1832 839,1832 880,1833 920,1833 961,1833 1001,1832 1042,1832 1083,1832 1123,1832 1164,1832 1204,1832 1245,1831 1286,1831 1326,1831 1367,1830 1407,1830 1448,1830 1489,1829"/>
                <TextEquiv>
                    <Unicode>solche Naturen wie Julian Fichtner über¬</Unicode>
                </TextEquiv>
            </TextLine>
            <TextLine id="r1l30" custom="readingOrder {index:29;}">
                <Coords points="1506,1840 2306,1850 2352,1840 2353,1802 1506,1787"/>
                <Baseline points="1515,1833 1556,1833 1597,1833 1639,1832 1680,1832 1722,1832 1763,1831 1804,1831 1846,1831 1887,1830 1929,1830 1970,1830 2011,1830 2053,1830 2094,1831 2136,1831 2177,1832 2218,1833 2260,1835 2301,1836 2343,1838"/>
                <TextEquiv>
                    <Unicode>Wesenhaftes in Dingen und Menschen? In</Unicode>
                </TextEquiv>
            </TextLine>
            <TextLine id="r1l31" custom="readingOrder {index:30;}">
                <Coords points="663,1897 1506,1891 1506,1845 1468,1839 663,1845"/>
                <Baseline points="674,1885 715,1884 756,1884 797,1883 838,1883 879,1883 920,1883 961,1883 1002,1883 1043,1883 1084,1883 1125,1883 1166,1883 1207,1883 1248,1883 1289,1883 1330,1883 1371,1883 1412,1882 1453,1881 1495,1880"/>
                <TextEquiv>
                    <Unicode>haupt in ethische Konflikte hineingestellt wer¬</Unicode>
                </TextEquiv>
            </TextLine>
            <TextLine id="r1l32" custom="readingOrder {index:31;}">
                <Coords points="1517,1901 2215,1906 2347,1879 2347,1842 2261,1837 1948,1859 1517,1836"/>
                <Baseline points="1527,1883 1567,1883 1607,1883 1648,1883 1688,1883 1729,1883 1769,1883 1810,1883 1850,1883 1891,1883 1931,1883 1971,1883 2012,1884 2052,1884 2093,1884 2133,1884 2174,1885 2214,1885 2255,1886 2295,1886 2336,1887"/>
                <TextEquiv>
                    <Unicode>unseren Empfindungen, dem Nächsten, Ge¬</Unicode>
                </TextEquiv>
            </TextLine>
            <TextLine id="r1l33" custom="readingOrder {index:32;}">
                <Coords points="666,1940 785,1961 879,1940 1471,1949 1508,1934 1508,1894 666,1901"/>
                <Baseline points="677,1936 718,1935 759,1935 800,1935 841,1935 882,1935 923,1935 964,1935 1005,1935 1046,1935 1087,1935 1128,1935 1169,1935 1210,1935 1251,1935 1292,1935 1333,1935 1374,1935 1415,1935 1456,1935 1498,1934"/>
                <TextEquiv>
                    <Unicode>den. Er liegt in diesen Naturen selbst. Und</Unicode>
                </TextEquiv>
            </TextLine>
            <TextLine id="r1l34" custom="readingOrder {index:33;}">
                <Coords points="1522,1946 1787,1959 2019,1935 2289,1960 2343,1943 2343,1907 1521,1898"/>
                <Baseline points="1531,1934 1571,1935 1611,1937 1651,1937 1691,1938 1731,1938 1771,1938 1811,1938 1851,1938 1891,1938 1931,1937 1971,1937 2011,1936 2051,1936 2091,1936 2131,1936 2171,1935 2211,1935 2251,1936 2291,1936 2332,1937"/>
                <TextEquiv>
                    <Unicode>wissesten, das wir haben, sicherlich nicht:</Unicode>
                </TextEquiv>
            </TextLine>
            <TextLine id="r1l35" custom="readingOrder {index:34;}">
                <Coords points="668,2003 1494,2001 1494,1953 1456,1943 668,1944"/>
                <Baseline points="679,1987 719,1988 759,1988 799,1989 840,1989 880,1989 920,1989 960,1989 1001,1989 1041,1989 1081,1988 1121,1988 1162,1987 1202,1987 1242,1987 1282,1986 1323,1986 1363,1986 1403,1986 1443,1985 1484,1986"/>
                <TextEquiv>
                    <Unicode>mehr noch finde ich den Kern des Stückes</Unicode>
                </TextEquiv>
            </TextLine>
            <TextLine id="r1l36" custom="readingOrder {index:35;}">
                <Coords points="1524,1999 2335,2000 2335,1956 2249,1942 1524,1955"/>
                <Baseline points="1534,1989 1573,1990 1613,1991 1652,1991 1692,1991 1731,1991 1771,1991 1810,1991 1850,1990 1889,1990 1929,1989 1968,1989 2008,1988 2047,1988 2087,1987 2126,1987 2166,1987 2205,1987 2245,1987 2284,1988 2324,1988"/>
                <TextEquiv>
                    <Unicode>„Es ist alles nur im selben Moment wahr.“</Unicode>
                </TextEquiv>
            </TextLine>
            <TextLine id="r1l37" custom="readingOrder {index:36;}">
                <Coords points="673,2046 1499,2043 1499,2003 1407,1992 673,2002"/>
                <Baseline points="683,2040 723,2040 763,2040 803,2039 844,2039 884,2039 924,2038 964,2038 1005,2038 1045,2038 1085,2038 1125,2038 1166,2038 1206,2039 1246,2039 1286,2039 1327,2039 1367,2040 1407,2040 1447,2041 1488,2041"/>
                <TextEquiv>
                    <Unicode>in der Gestalt, die außerhalb dieses Kon¬</Unicode>
                </TextEquiv>
            </TextLine>
            <TextLine id="r1l38" custom="readingOrder {index:37;}">
                <Coords points="1519,2043 2346,2056 2345,2006 2272,1996 1519,2001"/>
                <Baseline points="1529,2040 1569,2041 1609,2042 1650,2042 1690,2042 1730,2042 1771,2042 1811,2042 1851,2041 1892,2041 1932,2041 1972,2040 2013,2040 2053,2039 2093,2039 2134,2039 2174,2040 2214,2040 2255,2041 2295,2042 2336,2044"/>
                <TextEquiv>
                    <Unicode>Wie erleben wir den Wandel unserer Liebe,</Unicode>
                </TextEquiv>
            </TextLine>
            <TextLine id="r1l39" custom="readingOrder {index:38;}">
                <Coords points="666,2106 1509,2108 1509,2056 1448,2048 666,2052"/>
                <Baseline points="677,2094 718,2095 759,2095 800,2095 841,2094 882,2094 923,2094 964,2093 1005,2093 1046,2093 1087,2092 1128,2092 1169,2091 1210,2091 1251,2091 1292,2091 1333,2091 1374,2091 1415,2091 1456,2092 1498,2092"/>
                <TextEquiv>
                    <Unicode>fliktes steht, in Stephan von Sala, der besser</Unicode>
                </TextEquiv>
            </TextLine>
            <TextLine id="r1l40" custom="readingOrder {index:39;}">
                <Coords points="1519,2102 1757,2110 1824,2087 2238,2111 2351,2097 2351,2059 1519,2060"/>
                <Baseline points="1529,2092 1569,2092 1610,2092 1650,2093 1691,2093 1731,2093 1772,2093 1812,2093 1853,2094 1893,2094 1934,2094 1975,2095 2015,2095 2056,2095 2096,2095 2137,2096 2177,2096 2218,2096 2258,2096 2299,2096 2340,2096"/>
                <TextEquiv>
                    <Unicode>unseres Hasses, wie unmöglich ist es, im</Unicode>
                </TextEquiv>
            </TextLine>
            <TextLine id="r1l41" custom="readingOrder {index:40;}">
                <Coords points="670,2149 1498,2155 1498,2117 1418,2100 670,2115"/>
                <Baseline points="681,2146 721,2146 761,2146 801,2146 842,2145 882,2145 922,2145 963,2145 1003,2145 1043,2145 1084,2145 1124,2145 1164,2145 1204,2145 1245,2145 1285,2145 1325,2146 1366,2146 1406,2147 1446,2148 1487,2149"/>
                <TextEquiv>
                    <Unicode>als Julian den einsamen Weg zu gehen</Unicode>
                </TextEquiv>
            </TextLine>
            <TextLine id="r1l42" custom="readingOrder {index:41;}">
                <Coords points="1511,2156 1953,2169 2130,2144 2352,2165 2352,2121 2262,2102 1512,2099"/>
                <Baseline points="1522,2146 1563,2146 1604,2145 1645,2145 1686,2145 1727,2145 1768,2145 1809,2145 1850,2145 1891,2145 1932,2145 1973,2145 2014,2145 2055,2146 2096,2146 2137,2146 2178,2146 2219,2146 2260,2146 2301,2146 2342,2146"/>
                <TextEquiv>
                    <Unicode>Flusse des Geschehens, rein in der Wandlung</Unicode>
                </TextEquiv>
            </TextLine>
            <TextLine id="r1l43" custom="readingOrder {index:42;}">
                <Coords points="662,2206 2354,2200 2218,2152 662,2154"/>
                <Baseline points="672,2199 755,2199 839,2199 922,2199 1006,2198 1090,2198 1173,2198 1257,2198 1340,2198 1424,2198 1508,2197 1591,2197 1675,2197 1758,2197 1842,2197 1926,2197 2009,2198 2093,2198 2176,2198 2260,2198 2344,2199"/>
                <TextEquiv>
                    <Unicode>weiß. Es ist im Grunde genommen wieder der äußeren Umstände, die uns bedingen,</Unicode>
                </TextEquiv>
            </TextLine>
            <TextLine id="r1l44" custom="readingOrder {index:43;}">
                <Coords points="667,2250 2356,2255 2356,2213 2229,2205 667,2206"/>
                <Baseline points="677,2251 760,2250 843,2250 927,2249 1010,2249 1094,2248 1177,2248 1261,2248 1344,2248 1428,2248 1511,2249 1594,2249 1678,2249 1761,2250 1845,2250 1928,2251 2012,2251 2095,2252 2179,2252 2262,2253 2346,2253"/>
                <TextEquiv>
                    <Unicode>das eigentliche Schnitzlerproblem — das das vielleicht vor einem Jahre, vielleicht vor</Unicode>
                </TextEquiv>
            </TextLine>
            <TextLine id="r1l45" custom="readingOrder {index:44;}">
                <Coords points="668,2297 2352,2304 2329,2258 668,2267"/>
                <Baseline points="679,2305 762,2304 845,2304 928,2304 1011,2304 1094,2303 1177,2303 1260,2302 1343,2302 1426,2302 1510,2302 1593,2302 1676,2302 1759,2302 1842,2302 1925,2302 2008,2303 2091,2304 2174,2305 2257,2306 2341,2308"/>
                <TextEquiv>
                    <Unicode>Nichtethische. Und darum wird man bei einer Stunde wahr Empfundene festzuhalten!</Unicode>
                </TextEquiv>
            </TextLine>
            <TextLine id="r1l46" custom="readingOrder {index:45;}">
                <Coords points="672,2355 2054,2375 2357,2359 2357,2313 672,2325"/>
                <Baseline points="682,2357 765,2357 848,2356 931,2356 1014,2355 1098,2355 1181,2355 1264,2355 1347,2355 1430,2355 1514,2355 1597,2355 1680,2355 1763,2355 1846,2355 1930,2355 2013,2356 2096,2356 2179,2356 2262,2356 2346,2356"/>
                <TextEquiv>
                    <Unicode>einer Beschäftigung mit dem Dichter von Ibsen würde sagen: „Wir stehen alle unter</Unicode>
                </TextEquiv>
            </TextLine>
            <TextLine id="r1l47" custom="readingOrder {index:46;}">
                <Coords points="670,2420 2234,2425 2351,2375 670,2387"/>
                <Baseline points="681,2409 764,2409 847,2408 930,2408 1013,2407 1096,2407 1179,2407 1262,2406 1345,2406 1428,2406 1511,2405 1594,2405 1677,2405 1760,2405 1843,2405 1926,2405 2009,2405 2092,2405 2175,2406 2258,2406 2341,2406"/>
                <TextEquiv>
                    <Unicode>allen Seiten auf dieses Werk hingeführt, es dem Gesetze der Umwandlung.“ Das wäre</Unicode>
                </TextEquiv>
            </TextLine>
            <TextLine id="r1l48" custom="readingOrder {index:47;}">
                <Coords points="1509,2465 2236,2476 2339,2467 2339,2423 2148,2440 1994,2411 1904,2433 1508,2412"/>
                <Baseline points="1519,2460 1559,2459 1600,2459 1640,2459 1681,2459 1721,2459 1762,2459 1802,2459 1843,2459 1883,2459 1924,2459 1964,2459 2005,2459 2045,2459 2086,2458 2126,2458 2167,2458 2207,2458 2248,2458 2288,2458 2329,2457"/>
                <TextEquiv>
                    <Unicode>für Schnitzler schon zuviel. Und „wir alle“</Unicode>
                </TextEquiv>
            </TextLine>
            <TextLine id="r1l49" custom="readingOrder {index:48;}">
                <Coords points="677,2467 1388,2461 1473,2484 1511,2467 1511,2423 676,2419"/>
                <Baseline points="686,2461 726,2462 767,2462 808,2462 848,2462 889,2462 930,2461 970,2461 1011,2460 1052,2460 1093,2460 1133,2459 1174,2459 1215,2459 1255,2458 1296,2458 1337,2458 1377,2459 1418,2459 1459,2460 1500,2461"/>
                <TextEquiv>
                    <Unicode>steht nicht wie das „Vermächtnis“ völlig</Unicode>
                </TextEquiv>
            </TextLine>
            <TextLine id="r1l50" custom="readingOrder {index:49;}">
                <Coords points="1520,2522 2353,2531 2352,2479 2292,2465 1520,2476"/>
                <Baseline points="1531,2511 1571,2512 1612,2512 1652,2513 1693,2513 1733,2513 1774,2513 1814,2513 1855,2512 1895,2512 1936,2511 1977,2511 2017,2510 2058,2510 2098,2510 2139,2509 2179,2509 2220,2510 2260,2510 2301,2511 2342,2512"/>
                <TextEquiv>
                    <Unicode>würde er kaum sagen, denn er hält diese</Unicode>
                </TextEquiv>
            </TextLine>
            <TextLine id="r1l51" custom="readingOrder {index:50;}">
                <Coords points="674,2514 1508,2533 1508,2491 1391,2465 674,2479"/>
                <Baseline points="685,2514 725,2514 766,2514 806,2514 847,2513 888,2513 928,2512 969,2512 1010,2511 1050,2510 1091,2510 1132,2509 1172,2509 1213,2509 1254,2509 1294,2509 1335,2509 1376,2510 1416,2511 1457,2512 1498,2514"/>
                <TextEquiv>
                    <Unicode>seitab. Es ist vielleicht in der Verfeinerung</Unicode>
                </TextEquiv>
            </TextLine>
            <TextLine id="r1l52" custom="readingOrder {index:51;}">
                <Coords points="1516,2575 2296,2585 2356,2564 2356,2541 2281,2518 1516,2523"/>
                <Baseline points="1527,2561 1570,2562 1613,2562 1656,2563 1699,2563 1742,2563 1785,2563 1828,2563 1871,2563 1914,2562 1958,2562 2001,2562 2044,2562 2087,2562 2130,2562 2173,2563 2216,2563 2259,2564 2302,2564 2346,2566"/>
                <TextEquiv>
                    <Unicode>Erkenntnis für ein Besitztum derer, die sei¬</Unicode>
                </TextEquiv>
            </TextLine>
            <TextLine id="r1l53" custom="readingOrder {index:52;}">
                <Coords points="670,2559 887,2584 1284,2563 1471,2581 1512,2560 1512,2531 1435,2519 941,2538 670,2517"/>
                <Baseline points="680,2564 721,2564 762,2565 803,2565 844,2565 885,2565 926,2565 967,2565 1008,2565 1049,2565 1090,2565 1131,2565 1172,2565 1213,2565 1254,2565 1295,2565 1336,2564 1377,2564 1418,2564 1459,2564 1501,2563"/>
                <TextEquiv>
                    <Unicode>des Dialogs, in der Zartheit und Tiefe</Unicode>
                </TextEquiv>
            </TextLine>
            <TextLine id="r1l54" custom="readingOrder {index:53;}">
                <Coords points="673,2623 1508,2630 1508,2588 1372,2567 673,2579"/>
                <Baseline points="683,2616 723,2617 764,2617 805,2617 846,2617 886,2617 927,2617 968,2617 1009,2617 1049,2616 1090,2616 1131,2616 1172,2616 1212,2616 1253,2616 1294,2616 1335,2617 1375,2617 1416,2618 1457,2618 1498,2620"/>
                <TextEquiv>
                    <Unicode>der Psychologie die vollkommenste Dichtung</Unicode>
                </TextEquiv>
            </TextLine>
            <TextLine id="r1l55" custom="readingOrder {index:54;}">
                <Coords points="1510,2620 2296,2632 2359,2620 2359,2570 1510,2584"/>
                <Baseline points="1520,2615 1561,2615 1602,2616 1644,2616 1685,2616 1727,2616 1768,2616 1809,2616 1851,2616 1892,2615 1934,2615 1975,2615 2016,2615 2058,2616 2099,2616 2141,2616 2182,2616 2223,2617 2265,2618 2306,2618 2348,2619"/>
                <TextEquiv>
                    <Unicode>nes Blutes sind, der Menschen, die jeden</Unicode>
                </TextEquiv>
            </TextLine>
            <TextLine id="r1l56" custom="readingOrder {index:55;}">
                <Coords points="1522,2679 2354,2682 2354,2643 2287,2624 1522,2624"/>
                <Baseline points="1533,2668 1573,2669 1614,2669 1654,2669 1695,2669 1735,2669 1776,2669 1816,2669 1857,2669 1897,2669 1938,2669 1979,2669 2019,2668 2060,2668 2100,2668 2141,2668 2181,2667 2222,2667 2262,2667 2303,2667 2344,2667"/>
                <TextEquiv>
                    <Unicode>Augenblick bewußt durchkosten, staunend</Unicode>
                </TextEquiv>
            </TextLine>
            <TextLine id="r1l57" custom="readingOrder {index:56;}">
                <Coords points="670,2666 764,2691 1502,2684 1502,2640 1458,2622 1391,2643 1349,2622 670,2626"/>
                <Baseline points="681,2670 721,2671 762,2671 802,2672 843,2672 883,2672 924,2672 964,2672 1005,2671 1045,2671 1086,2671 1126,2671 1167,2670 1207,2670 1248,2670 1288,2670 1329,2669 1369,2669 1410,2669 1450,2670 1491,2670"/>
                <TextEquiv>
                    <Unicode>Schnitzlers, es besitzt in Stephan von Sala</Unicode>
                </TextEquiv>
            </TextLine>
            <TextLine id="r1l58" custom="readingOrder {index:57;}">
                <Coords points="668,2722 1444,2738 1509,2717 1509,2688 1228,2694 1141,2669 668,2699"/>
                <Baseline points="679,2722 722,2722 765,2722 808,2721 851,2721 894,2721 937,2721 980,2721 1023,2720 1066,2720 1110,2720 1153,2720 1196,2720 1239,2720 1282,2721 1325,2721 1368,2721 1411,2721 1454,2721 1498,2721"/>
                <TextEquiv>
                    <Unicode>eine aus Seelentiefen des Künstlers er¬</Unicode>
                </TextEquiv>
            </TextLine>
            <TextLine id="r1l59" custom="readingOrder {index:58;}">
                <Coords points="1516,2733 2358,2736 2333,2679 2038,2700 1926,2670 1875,2691 1516,2676"/>
                <Baseline points="1526,2719 1567,2720 1608,2721 1649,2722 1690,2722 1731,2722 1772,2722 1813,2722 1854,2722 1895,2721 1937,2721 1978,2720 2019,2720 2060,2720 2101,2720 2142,2720 2183,2720 2224,2721 2265,2722 2306,2724 2348,2725"/>
                <TextEquiv>
                    <Unicode>ihrem Empfinden zuschauen. Und die, vom</Unicode>
                </TextEquiv>
            </TextLine>
            <TextLine id="r1l60" custom="readingOrder {index:59;}">
                <Coords points="1512,2762 1587,2792 2349,2777 2349,2731 2315,2727 1512,2739"/>
                <Baseline points="1522,2766 1562,2769 1603,2771 1644,2772 1685,2773 1726,2774 1766,2774 1807,2775 1848,2774 1889,2774 1930,2773 1970,2773 2011,2772 2052,2771 2093,2771 2134,2771 2174,2771 2215,2771 2256,2771 2297,2772 2338,2773"/>
                <TextEquiv>
                    <Unicode>Grauen der Vergänglichkeit überrieselt, rein</Unicode>
                </TextEquiv>
            </TextLine>
            <TextLine id="r1l61" custom="readingOrder {index:60;}">
                <Coords points="666,2772 1511,2777 1511,2743 1428,2726 838,2740 788,2719 666,2746"/>
                <Baseline points="676,2776 717,2774 758,2773 799,2772 840,2771 882,2770 923,2770 964,2770 1005,2770 1046,2771 1088,2771 1129,2771 1170,2772 1211,2772 1252,2773 1294,2773 1335,2773 1376,2773 1417,2773 1458,2773 1500,2772"/>
                <TextEquiv>
                    <Unicode>wachsene Gestalt — aber die Technik Schnitz¬</Unicode>
                </TextEquiv>
            </TextLine>
            <TextLine id="r1l62" custom="readingOrder {index:61;}">
                <Coords points="671,2829 1468,2840 1503,2800 894,2778 671,2802"/>
                <Baseline points="682,2827 722,2827 763,2827 803,2827 844,2827 884,2827 925,2827 965,2827 1006,2827 1046,2826 1087,2826 1128,2826 1168,2826 1209,2826 1249,2826 1290,2825 1330,2825 1371,2825 1411,2824 1452,2824 1493,2823"/>
                <TextEquiv>
                    <Unicode>lers hat es weder vermocht, jenen Dualis¬</Unicode>
                </TextEquiv>
            </TextLine>
            <TextLine id="r1l63" custom="readingOrder {index:62;}">
                <Coords points="1510,2836 2343,2834 2342,2775 1510,2790"/>
                <Baseline points="1521,2825 1561,2826 1602,2826 1642,2827 1683,2827 1724,2827 1764,2828 1805,2828 1845,2828 1886,2827 1927,2827 1967,2827 2008,2827 2048,2826 2089,2826 2130,2825 2170,2824 2211,2824 2251,2823 2292,2822 2333,2821"/>
                <TextEquiv>
                    <Unicode>durch die Tatsache von Gegenwart und Ver¬</Unicode>
                </TextEquiv>
            </TextLine>
            <TextLine id="r1l64" custom="readingOrder {index:63;}">
                <Coords points="1521,2913 1642,2885 1747,2905 1912,2882 2079,2904 2113,2876 2274,2897 2273,2844 2181,2834 1521,2841"/>
                <Baseline points="1531,2881 1567,2880 1604,2880 1640,2880 1677,2879 1714,2879 1750,2879 1787,2879 1823,2879 1860,2879 1897,2879 1933,2879 1970,2879 2006,2879 2043,2879 2080,2879 2116,2878 2153,2878 2189,2877 2226,2876 2263,2875"/>
                <TextEquiv>
                    <Unicode>gangenheit zu schaudern gelernt haben:</Unicode>
                </TextEquiv>
            </TextLine>
            <TextLine id="r1l65" custom="readingOrder {index:64;}">
                <Coords points="681,2883 1265,2883 1321,2910 1380,2885 1503,2891 1503,2852 1417,2833 681,2850"/>
                <Baseline points="691,2879 731,2879 771,2879 811,2879 851,2880 891,2880 931,2880 971,2880 1011,2880 1051,2880 1092,2880 1132,2879 1172,2879 1212,2879 1252,2879 1292,2879 1332,2879 1372,2879 1412,2879 1452,2879 1493,2880"/>
                <TextEquiv>
                    <Unicode>mus der ethischen und der ästhetischen Welt¬</Unicode>
                </TextEquiv>
            </TextLine>
            <TextLine id="r1l66" custom="readingOrder {index:65;}">
                <Coords points="675,2937 1514,2935 1514,2904 1457,2887 1319,2912 1275,2891 675,2887"/>
                <Baseline points="685,2933 725,2932 766,2932 807,2931 848,2931 889,2931 930,2931 971,2930 1012,2930 1053,2930 1094,2931 1134,2931 1175,2931 1216,2931 1257,2931 1298,2932 1339,2932 1380,2932 1421,2932 1462,2932 1503,2933"/>
                <TextEquiv>
                    <Unicode>ansicht klar vor uns auszubreiten, noch ihn</Unicode>
                </TextEquiv>
            </TextLine>
            <TextLine id="r1l67" custom="readingOrder {index:66;}">
                <Coords points="1638,2989 2265,2993 2311,2976 2311,2951 2271,2930 2175,2947 2066,2929 2018,2950 1813,2930 1715,2953 1637,2930"/>
                <Baseline points="1649,2976 1681,2977 1714,2978 1746,2978 1779,2978 1812,2978 1844,2977 1877,2977 1909,2976 1942,2976 1975,2975 2007,2975 2040,2974 2072,2974 2105,2974 2138,2974 2170,2974 2203,2975 2235,2976 2268,2978 2301,2980"/>
                <TextEquiv>
                    <Unicode>s ist ein Ding, das niemand voll aussinnt,</Unicode>
                </TextEquiv>
            </TextLine>
            <TextLine id="r1l68" custom="readingOrder {index:67;}">
                <Coords points="685,2999 1526,2986 1525,2946 1442,2936 1373,2955 1005,2934 965,2962 842,2935 685,2945"/>
                <Baseline points="695,2987 736,2986 777,2985 818,2985 859,2984 900,2984 941,2984 982,2983 1023,2983 1064,2983 1105,2982 1146,2982 1187,2982 1228,2982 1269,2982 1310,2982 1351,2982 1392,2982 1433,2981 1474,2981 1515,2981"/>
                <TextEquiv>
                    <Unicode>zu überbrücken. Wir fühlen ihn in der Per¬</Unicode>
                </TextEquiv>
            </TextLine>
            <TextLine id="r1l69" custom="readingOrder {index:68;}">
                <Coords points="1617,3027 2102,3019 2209,3044 2282,3021 2282,3000 2196,2981 1617,2985"/>
                <Baseline points="1627,3014 1659,3015 1691,3016 1723,3016 1756,3017 1788,3017 1820,3016 1852,3016 1885,3016 1917,3015 1949,3015 1981,3015 2014,3014 2046,3014 2078,3014 2110,3014 2143,3014 2175,3014 2207,3015 2239,3016 2272,3017"/>
                <TextEquiv>
                    <Unicode>nd viel zu grauenvoll, als daß man klage,</Unicode>
                </TextEquiv>
            </TextLine>
            <TextLine id="r1l70" custom="readingOrder {index:69;}">
                <Coords points="681,3046 1526,3041 1526,3003 1480,2995 681,2996"/>
                <Baseline points="691,3038 732,3036 773,3035 814,3034 855,3034 897,3034 938,3034 979,3034 1020,3034 1061,3034 1103,3035 1144,3035 1185,3036 1226,3036 1267,3036 1309,3036 1350,3037 1391,3036 1432,3036 1473,3035 1515,3035"/>
                <TextEquiv>
                    <Unicode>sönlichkeit des Künstlers unausgeglichen, und</Unicode>
                </TextEquiv>
            </TextLine>
            <TextLine id="r1l71" custom="readingOrder {index:70;}">
                <Coords points="1566,3081 1692,3059 2095,3068 2145,3049 2145,3024 1566,3033"/>
                <Baseline points="1577,3055 1604,3055 1632,3055 1660,3054 1688,3054 1716,3054 1744,3054 1772,3054 1800,3054 1828,3054 1856,3054 1883,3053 1911,3053 1939,3053 1967,3052 1995,3052 2023,3052 2051,3051 2079,3051 2107,3050 2135,3049"/>
                <TextEquiv>
                    <Unicode>Daß alles gleitet und vorüberrinnt.</Unicode>
                </TextEquiv>
            </TextLine>
            <TextLine id="r1l72" custom="readingOrder {index:71;}">
                <Coords points="684,3096 1523,3105 1523,3059 1477,3047 684,3038"/>
                <Baseline points="695,3089 735,3089 776,3088 817,3088 858,3088 899,3088 940,3088 981,3088 1022,3088 1063,3088 1104,3088 1144,3088 1185,3088 1226,3088 1267,3088 1308,3088 1349,3088 1390,3088 1431,3087 1472,3087 1513,3086"/>
                <TextEquiv>
                    <Unicode>daher ist des Dramas psychologischer Wert</Unicode>
                </TextEquiv>
            </TextLine>
            <TextLine id="r1l73" custom="readingOrder {index:72;}">
                <Coords points="1668,3106 1814,3095 1952,3118 2082,3093 2295,3124 2350,3109 2350,3057 2180,3043 2134,3062 1668,3064"/>
                <Baseline points="1678,3091 1711,3092 1744,3092 1777,3093 1810,3093 1843,3093 1876,3093 1909,3092 1942,3092 1975,3092 2009,3092 2042,3092 2075,3091 2108,3091 2141,3091 2174,3091 2207,3091 2240,3092 2273,3092 2306,3093 2340,3093"/>
                <TextEquiv>
                    <Unicode>(Hofmannsthal, „Terzinen über Vergänglichkeit“.)</Unicode>
                </TextEquiv>
            </TextLine>
            <TextLine id="r1l74" custom="readingOrder {index:73;}">
                <Coords points="691,3165 835,3142 1151,3146 1174,3164 1257,3143 1257,3106 690,3098"/>
                <Baseline points="701,3141 728,3140 755,3140 782,3139 810,3139 837,3139 864,3139 892,3139 919,3139 946,3139 974,3139 1001,3139 1028,3139 1055,3139 1083,3139 1110,3139 1137,3139 1165,3139 1192,3139 1219,3139 1247,3139"/>
                <TextEquiv>
                    <Unicode>stärker als sein künstlerischer.</Unicode>
                </TextEquiv>
            </TextLine>
            <TextLine id="r1l75" custom="readingOrder {index:74;}">
                <Coords points="718,3195 983,3220 1477,3196 1512,3218 1513,3138 718,3153"/>
                <Baseline points="729,3189 767,3189 806,3189 845,3189 883,3189 922,3189 961,3190 999,3190 1038,3191 1077,3191 1116,3192 1154,3192 1193,3193 1232,3193 1270,3193 1309,3193 1348,3194 1386,3194 1425,3193 1464,3193 1503,3193"/>
                <TextEquiv>
                    <Unicode>Andere Schöpfungen, in denen alle Fäden</Unicode>
                </TextEquiv>
            </TextLine>
            <TextLine id="r1l76" custom="readingOrder {index:75;}">
                <Coords points="1528,3203 1995,3210 2032,3185 2294,3212 2354,3191 2354,3141 2189,3162 2154,3137 2057,3158 1988,3131 1884,3154 1809,3121 1627,3161 1528,3153"/>
                <Baseline points="1538,3193 1578,3193 1618,3193 1658,3193 1699,3192 1739,3192 1779,3192 1820,3192 1860,3192 1900,3192 1941,3192 1981,3192 2021,3192 2061,3192 2102,3192 2142,3192 2182,3192 2223,3192 2263,3191 2303,3191 2344,3191"/>
                <TextEquiv>
                    <Unicode>„Gegenwart, was heißt das eigentlich?</Unicode>
                </TextEquiv>
            </TextLine>
            <TextLine id="r1l77" custom="readingOrder {index:76;}">
                <Coords points="1538,3258 2320,3261 2355,3255 2355,3201 1538,3206"/>
                <Baseline points="1548,3245 1587,3245 1627,3244 1667,3244 1707,3244 1747,3244 1786,3244 1826,3244 1866,3243 1906,3243 1946,3243 1985,3243 2025,3243 2065,3242 2105,3242 2145,3242 2184,3242 2224,3242 2264,3242 2304,3242 2344,3242"/>
                <TextEquiv>
                    <Unicode>Stehen wir denn mit dem Augenblick Brust</Unicode>
                </TextEquiv>
            </TextLine>
            <TextLine id="r1l78" custom="readingOrder {index:77;}">
                <Coords points="680,3273 818,3248 1483,3269 1512,3260 1513,3217 680,3208"/>
                <Baseline points="691,3243 731,3243 772,3242 812,3242 853,3242 894,3242 934,3243 975,3243 1015,3243 1056,3244 1097,3244 1137,3245 1178,3245 1218,3246 1259,3246 1300,3246 1340,3246 1381,3246 1421,3246 1462,3245 1503,3244"/>
                <TextEquiv>
                    <Unicode>seiner Art und Kunst zusammenlaufen, wie</Unicode>
                </TextEquiv>
            </TextLine>
            <TextLine id="r1l79" custom="readingOrder {index:78;}">
                <Coords points="1532,3316 1599,3295 1703,3323 1879,3300 2305,3321 2356,3298 2356,3250 2155,3271 1532,3258"/>
                <Baseline points="1542,3297 1582,3297 1622,3297 1662,3297 1702,3297 1743,3297 1783,3297 1823,3297 1863,3297 1903,3296 1944,3296 1984,3296 2024,3296 2064,3296 2104,3296 2145,3297 2185,3297 2225,3297 2265,3298 2305,3299 2346,3299"/>
                <TextEquiv>
                    <Unicode>an Brust, wie mit einem Freund, den wir</Unicode>
                </TextEquiv>
            </TextLine>
            <TextLine id="r1l80" custom="readingOrder {index:79;}">
                <Coords points="687,3319 898,3318 940,3295 967,3320 1128,3298 1492,3316 1510,3259 1178,3254 1136,3282 981,3249 686,3266"/>
                <Baseline points="697,3300 737,3300 777,3300 817,3299 857,3299 897,3299 937,3298 978,3298 1018,3298 1058,3298 1098,3297 1138,3297 1178,3297 1218,3297 1259,3297 1299,3297 1339,3297 1379,3297 1419,3298 1459,3298 1500,3298"/>
                <TextEquiv>
                    <Unicode>„Der grüne Kakadu“, „Der Schleier der</Unicode>
                </TextEquiv>
            </TextLine>
            <TextLine id="r1l81" custom="readingOrder {index:80;}">
                <Coords points="1520,3353 2317,3364 2353,3350 2353,3312 1520,3314"/>
                <Baseline points="1531,3349 1571,3349 1612,3349 1652,3348 1693,3348 1734,3348 1774,3348 1815,3348 1855,3348 1896,3348 1937,3348 1977,3348 2018,3348 2058,3348 2099,3348 2140,3349 2180,3349 2221,3349 2261,3349 2302,3349 2343,3349"/>
                <TextEquiv>
                    <Unicode>umarmen, oder mit einem Feind, der uns</Unicode>
                </TextEquiv>
            </TextLine>
            <TextLine id="r1l82" custom="readingOrder {index:81;}">
                <Coords points="676,3368 1021,3347 1044,3370 1486,3368 1504,3317 676,3320"/>
                <Baseline points="687,3352 727,3351 767,3351 807,3351 848,3351 888,3351 928,3350 969,3350 1009,3350 1049,3350 1090,3350 1130,3349 1170,3349 1210,3349 1251,3350 1291,3350 1331,3350 1372,3350 1412,3351 1452,3351 1493,3352"/>
                <TextEquiv>
                    <Unicode>Beatrice“, haben darum so sehr die Wirkung</Unicode>
                </TextEquiv>
            </TextLine>
            <TextLine id="r1l83" custom="readingOrder {index:82;}">
                <Coords points="1532,3408 2304,3416 2356,3393 2356,3362 2304,3356 1532,3360"/>
                <Baseline points="1542,3399 1582,3400 1622,3401 1662,3402 1702,3402 1743,3402 1783,3403 1823,3403 1863,3402 1903,3402 1944,3402 1984,3402 2024,3401 2064,3401 2104,3401 2145,3401 2185,3401 2225,3401 2265,3401 2305,3401 2346,3402"/>
                <TextEquiv>
                    <Unicode>bedrängt? Ist das Wort, das eben ver¬</Unicode>
                </TextEquiv>
            </TextLine>
            <TextLine id="r1l84" custom="readingOrder {index:83;}">
                <Coords points="676,3404 1515,3408 1515,3362 676,3365"/>
                <Baseline points="687,3402 727,3402 768,3402 809,3402 850,3402 891,3402 932,3402 972,3403 1013,3403 1054,3403 1095,3403 1136,3403 1177,3403 1218,3403 1258,3403 1299,3403 1340,3402 1381,3402 1422,3402 1463,3401 1504,3401"/>
                <TextEquiv>
                    <Unicode>echter Kunstwerke, weil hier der Dualismus</Unicode>
                </TextEquiv>
            </TextLine>
            <TextLine id="r1l85" custom="readingOrder {index:84;}">
                <Coords points="1521,3466 2353,3456 2353,3422 2278,3406 1521,3418"/>
                <Baseline points="1531,3456 1571,3456 1612,3456 1652,3456 1693,3455 1734,3455 1774,3454 1815,3454 1855,3453 1896,3453 1937,3452 1977,3452 2018,3452 2058,3452 2099,3452 2140,3453 2180,3454 2221,3455 2261,3457 2302,3458 2343,3461"/>
                <TextEquiv>
                    <Unicode>klang, nicht schon Erinnerung? Der Ton,</Unicode>
                </TextEquiv>
            </TextLine>
            <TextLine id="r1l86" custom="readingOrder {index:85;}">
                <Coords points="682,3456 732,3477 983,3457 1336,3476 1516,3459 1516,3409 681,3412"/>
                <Baseline points="692,3459 732,3458 773,3458 813,3457 854,3457 895,3456 935,3456 976,3456 1017,3455 1057,3455 1098,3455 1139,3455 1179,3455 1220,3455 1261,3455 1301,3454 1342,3455 1383,3455 1423,3455 1464,3455 1505,3455"/>
                <TextEquiv>
                    <Unicode>fast aufgehoben scheint, weil hier die Natur</Unicode>
                </TextEquiv>
            </TextLine>
            <TextLine id="r1l87" custom="readingOrder {index:86;}">
                <Coords points="1525,3523 2085,3509 2119,3528 2190,3505 2263,3524 2359,3494 2359,3461 2142,3455 2071,3484 1983,3462 1525,3467"/>
                <Baseline points="1535,3506 1575,3507 1616,3507 1656,3507 1697,3506 1738,3506 1778,3506 1819,3505 1860,3505 1900,3504 1941,3504 1982,3504 2022,3503 2063,3503 2104,3503 2144,3504 2185,3504 2226,3505 2266,3506 2307,3507 2348,3509"/>
                <TextEquiv>
                    <Unicode>mit dem eine Melodie begann, nicht Erinne¬</Unicode>
                </TextEquiv>
            </TextLine>
            <TextLine id="r1l88" custom="readingOrder {index:87;}">
                <Coords points="680,3523 931,3523 952,3502 1000,3525 1207,3521 1251,3496 1284,3521 1514,3533 1500,3462 680,3475"/>
                <Baseline points="691,3509 731,3508 772,3508 813,3508 853,3508 894,3508 935,3508 975,3508 1016,3508 1057,3508 1098,3508 1138,3508 1179,3508 1220,3508 1260,3508 1301,3508 1342,3508 1382,3508 1423,3508 1464,3507 1505,3507"/>
                <TextEquiv>
                    <Unicode>des Dichters sich von dem verwirrenden</Unicode>
                </TextEquiv>
            </TextLine>
            <TextLine id="r1l89" custom="readingOrder {index:88;}">
                <Coords points="1521,3568 2356,3565 2356,3529 2320,3513 1521,3526"/>
                <Baseline points="1532,3558 1572,3559 1613,3559 1654,3560 1694,3560 1735,3559 1776,3559 1816,3559 1857,3558 1898,3558 1939,3558 1979,3557 2020,3557 2061,3556 2101,3556 2142,3556 2183,3556 2223,3557 2264,3557 2305,3558 2346,3559"/>
                <TextEquiv>
                    <Unicode>rung, ehe das Lied geendet?" (Sala im</Unicode>
                </TextEquiv>
            </TextLine>
            <TextLine id="r1l90" custom="readingOrder {index:89;}">
                <Coords points="687,3576 1423,3560 1452,3579 1513,3568 1513,3526 731,3511 687,3537"/>
                <Baseline points="697,3563 737,3561 777,3560 817,3560 858,3559 898,3559 938,3559 979,3559 1019,3560 1059,3560 1100,3560 1140,3561 1180,3561 1220,3562 1261,3562 1301,3562 1341,3561 1382,3561 1422,3560 1462,3559 1503,3557"/>
                <TextEquiv>
                    <Unicode>„so sollte es sein“ befreit hat, weil er hier</Unicode>
                </TextEquiv>
            </TextLine>
            <TextLine id="r1l91" custom="readingOrder {index:90;}">
                <Coords points="1531,3628 1753,3610 1847,3633 2029,3605 2362,3623 2361,3573 2313,3569 1531,3578"/>
                <Baseline points="1542,3610 1582,3610 1623,3611 1663,3612 1704,3612 1744,3612 1785,3613 1825,3613 1866,3613 1906,3612 1947,3612 1987,3612 2028,3612 2068,3611 2109,3611 2149,3611 2190,3610 2230,3610 2271,3609 2311,3609 2352,3608"/>
                <TextEquiv>
                    <Unicode>„Einsamen Weg“.) Und wiederum: die</Unicode>
                </TextEquiv>
            </TextLine>
            <TextLine id="r1l92" custom="readingOrder {index:91;}">
                <Coords points="675,3616 1503,3627 1518,3564 675,3578"/>
                <Baseline points="686,3611 727,3611 768,3611 809,3612 850,3612 891,3612 932,3613 973,3613 1014,3613 1055,3613 1097,3613 1138,3614 1179,3614 1220,3614 1261,3614 1302,3614 1343,3614 1384,3613 1425,3613 1466,3613 1508,3613"/>
                <TextEquiv>
                    <Unicode>die Probleme seiner Natur so gestaltet, wie</Unicode>
                </TextEquiv>
            </TextLine>
            <TextLine id="r1l93" custom="readingOrder {index:92;}">
                <Coords points="1525,3679 2349,3675 2361,3627 1525,3631"/>
                <Baseline points="1536,3664 1576,3665 1617,3665 1658,3666 1699,3666 1740,3666 1780,3666 1821,3666 1862,3666 1903,3666 1944,3665 1984,3665 2025,3665 2066,3664 2107,3664 2148,3664 2188,3664 2229,3664 2270,3664 2311,3664 2352,3665"/>
                <TextEquiv>
                    <Unicode>Vergangenheit kann tausendmal näher sein,</Unicode>
                </TextEquiv>
            </TextLine>
            <TextLine id="r1l94" custom="readingOrder {index:93;}">
                <Coords points="673,3684 1514,3676 1514,3621 951,3613 765,3636 673,3613"/>
                <Baseline points="684,3663 725,3664 766,3665 807,3666 848,3666 889,3666 930,3667 971,3667 1012,3667 1053,3667 1094,3666 1135,3666 1176,3666 1217,3666 1258,3665 1299,3665 1340,3665 1381,3665 1422,3665 1463,3665 1504,3665"/>
                <TextEquiv>
                    <Unicode>er sie eben sehen kann, nicht, wie sie auch</Unicode>
                </TextEquiv>
            </TextLine>
            <TextLine id="r1l95" custom="readingOrder {index:94;}">
                <Coords points="690,3715 836,3741 1518,3729 1518,3675 1424,3666 690,3688"/>
                <Baseline points="700,3715 740,3716 780,3717 821,3717 861,3718 902,3719 942,3719 982,3719 1023,3719 1063,3719 1104,3719 1144,3719 1184,3719 1225,3719 1265,3719 1306,3719 1346,3719 1386,3718 1427,3718 1467,3718 1508,3717"/>
                <TextEquiv>
                    <Unicode>eine Natur der entgegengesetzten Art sehen</Unicode>
                </TextEquiv>
            </TextLine>
            <TextLine id="r1l96" custom="readingOrder {index:95;}">
                <Coords points="1519,3725 2368,3723 2368,3695 2291,3673 2226,3692 2157,3671 2117,3698 2080,3671 1774,3672 1735,3697 1519,3679"/>
                <Baseline points="1529,3718 1570,3719 1612,3719 1653,3719 1695,3719 1736,3719 1778,3719 1819,3719 1861,3719 1902,3719 1944,3719 1985,3719 2027,3719 2068,3718 2110,3718 2151,3718 2193,3718 2234,3717 2276,3717 2317,3717 2359,3717"/>
                <TextEquiv>
                    <Unicode>lebendiger als die Gegenwart. Und dann</Unicode>
                </TextEquiv>
            </TextLine>
            <TextLine id="r1l97" custom="readingOrder {index:96;}">
                <Coords points="677,3777 1794,3801 1794,3730 1760,3726 677,3740"/>
                <Baseline points="687,3769 741,3770 796,3770 851,3771 906,3772 961,3772 1015,3773 1070,3773 1125,3774 1180,3774 1235,3775 1289,3775 1344,3775 1399,3775 1454,3774 1509,3774 1563,3773 1618,3772 1673,3771 1728,3769 1783,3767"/>
                <TextEquiv>
                    <Unicode>könnte. In solcher Stimmung hat er auch der Traum!</Unicode>
                </TextEquiv>
            </TextLine>
            <TextLine id="r1l98" custom="readingOrder {index:97;}">
                <Coords points="1725,4181 1737,4184 1744,4180 1750,4187 1758,4190 1779,4189 1786,4083 1774,4082 1769,4086 1763,4083 1752,4089 1732,4083"/>
                <Baseline points="1737,4155 1770,4157"/>
                <TextEquiv>
                    <Unicode>*</Unicode>
                </TextEquiv>
            </TextLine>
            <TextLine id="r1l99" custom="readingOrder {index:98;}">
                <Coords points="1992,4181 2034,4185 2069,4169 2149,4188 2196,4166 2241,4173 2255,4163 2270,4177 2289,4174 2284,4074 1987,4087"/>
                <Baseline points="2001,4163 2026,4163 2051,4163 2076,4162 2101,4162 2126,4160 2151,4159 2176,4157 2201,4156 2226,4154 2251,4152 2277,4150"/>
                <TextEquiv>
                    <Unicode> </Unicode>
                </TextEquiv>
            </TextLine>
            <TextLine id="r1l100" custom="readingOrder {index:99;}">
                <Coords points="2218,4205 2229,4206 2233,4202 2238,4202 2239,4205 2248,4202 2250,4204 2260,4205 2265,4165 2252,4164 2248,4168 2242,4161 2223,4159"/>
                <Baseline points="2230,4201 2250,4203"/>
                <TextEquiv>
                    <Unicode>—</Unicode>
                </TextEquiv>
            </TextLine>
            <TextEquiv>
                <Unicode>—.—
box 36/2
Panphlets offprints
688
Helene Herrmann:
glückliches Zusammenleben das Fundament die stärksten Symbole gefunden, die mäch¬
abzugeben? Und sogleich heißt es wie ein= tigen stützenden Akzente für seine ost frauen¬
mal bei Ibsen: Stellen wir die Frage nicht haft zarte Kunst. Im „Grünen Kakadu“
so allgemein! Allgemeinheiten verwirren. ist es die französische Revolution, die in
Hat die Lüge in diesem besonderen Falle den Theaterspaß hineingrollt, der ihren Ernst
durch die Liebe der Menschen, durch die
spielend vorausnimmt, im „Schleier der
Stärke der Empfindungen, an denen sie sich
Beatrice“ der Untergang der ganz vom glü¬
nährte, die Kraft bewiesen, dieses Lebens¬
henden Renaissanceleben durchpulsten Stadt.
Der Grundakkord von Schnitzlers Dich¬
glück zu tragen, so hat sie auch das Recht,
so ist sie mehr Wahrheit als die bloße Wahr¬
tung ist das Problem vom verwirrenden
heit der Tatsachen. Der eigentliche Kern
Spiel des Daseins, die Unmöglichkeit, Sein
dieses Stückes liegt aber nicht in diesem
und Schein, Traum und Wachen, Wahrheit
ethischen Problem, er liegt in den inneren
und Lüge richtig zu werten, gegeneinander
Widersprüchen, die sich ergeben müssen, wenn
abzugrenzen. Ist überhaupt ein Festes,
solche Naturen wie Julian Fichtner über¬
Wesenhaftes in Dingen und Menschen? In
haupt in ethische Konflikte hineingestellt wer¬
unseren Empfindungen, dem Nächsten, Ge¬
den. Er liegt in diesen Naturen selbst. Und
wissesten, das wir haben, sicherlich nicht:
mehr noch finde ich den Kern des Stückes
„Es ist alles nur im selben Moment wahr.“
in der Gestalt, die außerhalb dieses Kon¬
Wie erleben wir den Wandel unserer Liebe,
fliktes steht, in Stephan von Sala, der besser
unseres Hasses, wie unmöglich ist es, im
als Julian den einsamen Weg zu gehen
Flusse des Geschehens, rein in der Wandlung
weiß. Es ist im Grunde genommen wieder der äußeren Umstände, die uns bedingen,
das eigentliche Schnitzlerproblem — das das vielleicht vor einem Jahre, vielleicht vor
Nichtethische. Und darum wird man bei einer Stunde wahr Empfundene festzuhalten!
einer Beschäftigung mit dem Dichter von Ibsen würde sagen: „Wir stehen alle unter
allen Seiten auf dieses Werk hingeführt, es dem Gesetze der Umwandlung.“ Das wäre
für Schnitzler schon zuviel. Und „wir alle“
steht nicht wie das „Vermächtnis“ völlig
würde er kaum sagen, denn er hält diese
seitab. Es ist vielleicht in der Verfeinerung
Erkenntnis für ein Besitztum derer, die sei¬
des Dialogs, in der Zartheit und Tiefe
der Psychologie die vollkommenste Dichtung
nes Blutes sind, der Menschen, die jeden
Augenblick bewußt durchkosten, staunend
Schnitzlers, es besitzt in Stephan von Sala
eine aus Seelentiefen des Künstlers er¬
ihrem Empfinden zuschauen. Und die, vom
Grauen der Vergänglichkeit überrieselt, rein
wachsene Gestalt — aber die Technik Schnitz¬
lers hat es weder vermocht, jenen Dualis¬
durch die Tatsache von Gegenwart und Ver¬
gangenheit zu schaudern gelernt haben:
mus der ethischen und der ästhetischen Welt¬
ansicht klar vor uns auszubreiten, noch ihn
s ist ein Ding, das niemand voll aussinnt,
zu überbrücken. Wir fühlen ihn in der Per¬
nd viel zu grauenvoll, als daß man klage,
sönlichkeit des Künstlers unausgeglichen, und
Daß alles gleitet und vorüberrinnt.
daher ist des Dramas psychologischer Wert
(Hofmannsthal, „Terzinen über Vergänglichkeit“.)
stärker als sein künstlerischer.
Andere Schöpfungen, in denen alle Fäden
„Gegenwart, was heißt das eigentlich?
Stehen wir denn mit dem Augenblick Brust
seiner Art und Kunst zusammenlaufen, wie
an Brust, wie mit einem Freund, den wir
„Der grüne Kakadu“, „Der Schleier der
umarmen, oder mit einem Feind, der uns
Beatrice“, haben darum so sehr die Wirkung
bedrängt? Ist das Wort, das eben ver¬
echter Kunstwerke, weil hier der Dualismus
klang, nicht schon Erinnerung? Der Ton,
fast aufgehoben scheint, weil hier die Natur
mit dem eine Melodie begann, nicht Erinne¬
des Dichters sich von dem verwirrenden
rung, ehe das Lied geendet?" (Sala im
„so sollte es sein“ befreit hat, weil er hier
„Einsamen Weg“.) Und wiederum: die
die Probleme seiner Natur so gestaltet, wie
Vergangenheit kann tausendmal näher sein,
er sie eben sehen kann, nicht, wie sie auch
eine Natur der entgegengesetzten Art sehen
lebendiger als die Gegenwart. Und dann
könnte. In solcher Stimmung hat er auch der Traum!
*
 
—</Unicode>
            </TextEquiv>
        </TextRegion>
        <TextRegion orientation="0.0" id="r2" custom="readingOrder {index:1;}">
            <Coords points="2692,2099 2692,3818 3299,3818 3299,2099"/>
            <TextLine id="r2l1" custom="readingOrder {index:0;}">
                <Coords points="3243,2137 3264,2138 3273,2141 3277,2145 3279,2143 3294,2142 3291,2096 3280,2097 3263,2088 3259,2090 3252,2088 3240,2089"/>
                <Baseline points="3252,2125 3282,2123"/>
                <TextEquiv>
                    <Unicode>ld</Unicode>
                </TextEquiv>
            </TextLine>
            <TextLine id="r2l2" custom="readingOrder {index:1;}">
                <Coords points="3207,2191 3238,2184 3262,2200 3266,2196 3276,2198 3291,2183 3301,2183 3300,2116 3290,2116 3271,2135 3242,2138 3232,2146 3206,2147"/>
                <Baseline points="3217,2181 3253,2183 3290,2180"/>
                <TextEquiv>
                    <Unicode>t zu</Unicode>
                </TextEquiv>
            </TextLine>
            <TextLine id="r2l3" custom="readingOrder {index:2;}">
                <Coords points="3183,2241 3194,2240 3198,2244 3208,2237 3225,2247 3234,2242 3250,2246 3270,2226 3289,2227 3288,2196 3273,2198 3269,2194 3258,2199 3248,2193 3237,2198 3231,2196 3225,2203 3212,2195 3202,2200 3181,2197"/>
                <Baseline points="3194,2234 3222,2233 3251,2231 3280,2230"/>
                <TextEquiv>
                    <Unicode>twas</Unicode>
                </TextEquiv>
            </TextLine>
            <TextLine id="r2l4" custom="readingOrder {index:3;}">
                <Coords points="3176,2302 3189,2301 3197,2309 3204,2309 3220,2296 3233,2302 3239,2302 3245,2295 3260,2303 3268,2297 3277,2302 3291,2300 3289,2248 3277,2248 3268,2240 3248,2245 3239,2239 3220,2246 3210,2240 3195,2249 3174,2245"/>
                <Baseline points="3187,2289 3218,2287 3249,2287 3281,2285"/>
                <TextEquiv>
                    <Unicode>tzuhalt</Unicode>
                </TextEquiv>
            </TextLine>
            <TextLine id="r2l5" custom="readingOrder {index:4;}">
                <Coords points="3117,2348 3136,2349 3146,2338 3165,2352 3188,2347 3195,2353 3209,2342 3226,2350 3245,2345 3291,2352 3289,2300 3266,2299 3239,2308 3220,2296 3197,2309 3180,2297 3170,2306 3147,2296 3135,2305 3116,2306"/>
                <Baseline points="3127,2339 3152,2339 3177,2337 3203,2336 3228,2335 3253,2335 3279,2335"/>
                <TextEquiv>
                    <Unicode>n einem</Unicode>
                </TextEquiv>
            </TextLine>
            <TextLine id="r2l6" custom="readingOrder {index:5;}">
                <Coords points="3031,2400 3090,2394 3104,2408 3117,2402 3146,2409 3165,2398 3198,2407 3255,2395 3278,2405 3292,2401 3293,2355 3245,2344 3232,2353 3211,2342 3146,2356 3123,2344 3031,2349"/>
                <Baseline points="3042,2389 3068,2390 3095,2390 3122,2390 3148,2391 3175,2391 3202,2391 3228,2391 3255,2391 3282,2390"/>
                <TextEquiv>
                    <Unicode>der Persönlich</Unicode>
                </TextEquiv>
            </TextLine>
            <TextLine id="r2l7" custom="readingOrder {index:6;}">
                <Coords points="2950,2443 2977,2437 2992,2451 3038,2458 3050,2447 3067,2464 3105,2447 3163,2463 3217,2434 3270,2463 3305,2444 3305,2414 3232,2396 3146,2409 3077,2397 3046,2409 2993,2393 2973,2414 2950,2412"/>
                <Baseline points="2961,2443 2986,2443 3012,2443 3038,2443 3063,2443 3089,2443 3115,2443 3140,2443 3166,2443 3192,2442 3217,2442 3243,2442 3269,2442 3295,2441"/>
                <TextEquiv>
                    <Unicode>die Narrheit des</Unicode>
                </TextEquiv>
            </TextLine>
            <TextLine id="r2l8" custom="readingOrder {index:7;}">
                <Coords points="2706,2495 2785,2514 2850,2493 2942,2512 3174,2501 3222,2520 3310,2497 3310,2445 3270,2464 3193,2447 3166,2462 2881,2445 2706,2460"/>
                <Baseline points="2715,2494 2744,2494 2773,2494 2802,2495 2831,2495 2861,2495 2890,2495 2919,2495 2948,2495 2977,2495 3007,2495 3036,2495 3065,2495 3094,2495 3123,2495 3153,2495 3182,2495 3211,2494 3240,2494 3269,2494 3299,2493"/>
                <TextEquiv>
                    <Unicode>erhebt wie in der Renaissanc</Unicode>
                </TextEquiv>
            </TextLine>
            <TextLine id="r2l9" custom="readingOrder {index:8;}">
                <Coords points="2697,2540 2831,2568 2866,2551 2954,2567 3092,2550 3172,2567 3226,2543 3264,2564 3303,2549 3304,2501 3224,2520 3126,2498 2994,2517 2973,2500 2797,2514 2697,2492"/>
                <Baseline points="2708,2543 2737,2543 2766,2544 2795,2544 2825,2545 2854,2545 2883,2545 2912,2546 2942,2546 2971,2546 3000,2546 3029,2546 3059,2546 3088,2546 3117,2546 3146,2546 3176,2546 3205,2546 3234,2546 3263,2546 3293,2546"/>
                <TextEquiv>
                    <Unicode>einer vorwiegend ironischen St</Unicode>
                </TextEquiv>
            </TextLine>
            <TextLine id="r2l10" custom="readingOrder {index:9;}">
                <Coords points="2704,2594 2800,2615 3302,2610 3302,2564 2961,2565 2924,2550 2704,2566"/>
                <Baseline points="2715,2595 2743,2596 2772,2597 2801,2597 2830,2598 2859,2598 2888,2598 2916,2598 2945,2598 2974,2598 3003,2598 3032,2598 3061,2598 3090,2598 3118,2598 3147,2598 3176,2598 3205,2598 3234,2598 3263,2598 3292,2598"/>
                <TextEquiv>
                    <Unicode>in der Romantik, sondern von</Unicode>
                </TextEquiv>
            </TextLine>
            <TextLine id="r2l11" custom="readingOrder {index:10;}">
                <Coords points="2702,2663 3083,2655 3162,2670 3267,2660 3284,2625 3215,2601 3175,2620 3123,2605 2702,2610"/>
                <Baseline points="2713,2648 2741,2648 2769,2648 2797,2649 2825,2649 2853,2649 2881,2650 2909,2650 2937,2650 2965,2651 2993,2651 3021,2651 3049,2652 3077,2652 3105,2652 3133,2652 3161,2652 3189,2652 3217,2651 3245,2651 3273,2650"/>
                <TextEquiv>
                    <Unicode>seinsgrauen, das sich aus</Unicode>
                </TextEquiv>
            </TextLine>
            <TextLine id="r2l12" custom="readingOrder {index:11;}">
                <Coords points="2705,2697 2914,2723 2949,2708 3027,2723 3056,2705 3079,2726 3129,2726 3154,2701 3303,2720 3303,2666 3261,2655 2705,2664"/>
                <Baseline points="2716,2700 2744,2701 2773,2702 2802,2703 2831,2704 2860,2704 2888,2704 2917,2704 2946,2705 2975,2705 3004,2705 3032,2705 3061,2705 3090,2704 3119,2704 3148,2704 3176,2704 3205,2704 3234,2704 3263,2704 3292,2704"/>
                <TextEquiv>
                    <Unicode>von Wahrheit und Lüge ins ech</Unicode>
                </TextEquiv>
            </TextLine>
            <TextLine id="r2l13" custom="readingOrder {index:12;}">
                <Coords points="2697,2749 2858,2775 2891,2760 3303,2764 3303,2720 3243,2713 3079,2725 3056,2704 3029,2721 2967,2706 2918,2731 2697,2697"/>
                <Baseline points="2707,2752 2736,2753 2765,2754 2794,2754 2824,2755 2853,2756 2882,2756 2912,2756 2941,2756 2970,2756 3000,2756 3029,2756 3058,2756 3087,2756 3117,2756 3146,2756 3175,2756 3205,2756 3234,2756 3263,2756 3293,2756"/>
                <TextEquiv>
                    <Unicode>überrettet. Aus der Schwerm</Unicode>
                </TextEquiv>
            </TextLine>
            <TextLine id="r2l14" custom="readingOrder {index:13;}">
                <Coords points="2704,2806 3078,2826 3116,2803 3139,2826 3166,2812 3210,2827 3291,2817 3292,2769 2934,2760 2867,2780 2704,2760"/>
                <Baseline points="2715,2803 2743,2804 2771,2805 2799,2805 2828,2806 2856,2806 2884,2807 2913,2808 2941,2808 2969,2809 2998,2809 3026,2809 3054,2809 3082,2809 3111,2810 3139,2809 3167,2809 3196,2809 3224,2808 3252,2808 3281,2807"/>
                <TextEquiv>
                    <Unicode>Seelen erfüllt, steigt für sie ?</Unicode>
                </TextEquiv>
            </TextLine>
            <TextLine id="r2l15" custom="readingOrder {index:14;}">
                <Coords points="2702,2864 2844,2880 2888,2863 2953,2878 3091,2863 3166,2888 3195,2867 3304,2873 3304,2820 3151,2827 3116,2804 3045,2827 2992,2811 2915,2825 2858,2807 2702,2830"/>
                <Baseline points="2713,2855 2742,2857 2771,2858 2800,2859 2829,2860 2858,2860 2887,2860 2916,2860 2945,2860 2974,2860 3003,2859 3032,2859 3061,2858 3090,2858 3119,2857 3148,2857 3177,2857 3206,2857 3235,2858 3264,2858 3293,2859"/>
                <TextEquiv>
                    <Unicode>auf. „Die Traurigkeit ssteckt o</Unicode>
                </TextEquiv>
            </TextLine>
            <TextLine id="r2l16" custom="readingOrder {index:15;}">
                <Coords points="2701,2911 2768,2906 2848,2933 2893,2916 3046,2926 3084,2907 3159,2934 3190,2917 3305,2925 3305,2879 3199,2867 3159,2888 3128,2869 2979,2880 2889,2862 2831,2881 2701,2862"/>
                <Baseline points="2711,2908 2740,2910 2769,2910 2798,2911 2827,2911 2856,2911 2885,2912 2915,2912 2944,2911 2973,2911 3002,2911 3031,2911 3060,2910 3089,2910 3119,2910 3148,2909 3177,2909 3206,2909 3235,2909 3264,2909 3294,2909"/>
                <TextEquiv>
                    <Unicode>in den Dingen, als wir ahnen.</Unicode>
                </TextEquiv>
            </TextLine>
            <TextLine id="r2l17" custom="readingOrder {index:16;}">
                <Coords points="2726,2961 2782,2987 2835,2964 2876,2983 3029,2963 3165,2986 3301,2978 3301,2922 2975,2931 2893,2916 2841,2933 2766,2913 2726,2928"/>
                <Baseline points="2737,2963 2764,2963 2792,2963 2819,2963 2847,2963 2875,2963 2902,2963 2930,2963 2958,2963 2985,2963 3013,2963 3041,2964 3068,2964 3096,2964 3124,2964 3151,2964 3179,2964 3207,2964 3234,2965 3262,2965 3290,2965"/>
                <TextEquiv>
                    <Unicode>Im „Grünen Kakadu“ spiel</Unicode>
                </TextEquiv>
            </TextLine>
            <TextLine id="r2l18" custom="readingOrder {index:17;}">
                <Coords points="2699,3021 3302,3033 3301,2978 3270,2974 3067,2985 3030,2962 2862,2981 2831,2964 2781,2985 2699,2966"/>
                <Baseline points="2709,3013 2738,3014 2767,3015 2796,3016 2825,3017 2854,3017 2883,3017 2912,3017 2941,3017 2970,3017 3000,3017 3029,3017 3058,3016 3087,3016 3116,3015 3145,3015 3174,3015 3203,3015 3232,3015 3261,3015 3291,3015"/>
                <TextEquiv>
                    <Unicode>dem schon von den Wogen der</Unicode>
                </TextEquiv>
            </TextLine>
            <TextLine id="r2l19" custom="readingOrder {index:18;}">
                <Coords points="2696,3073 2888,3088 3085,3062 3206,3094 3246,3071 3310,3071 3310,3040 3281,3027 3252,3048 3219,3025 2696,3029"/>
                <Baseline points="2707,3063 2736,3064 2766,3064 2795,3064 2825,3065 2855,3066 2884,3066 2914,3066 2943,3066 2973,3067 3003,3067 3032,3067 3062,3067 3091,3067 3121,3067 3151,3067 3180,3067 3210,3067 3239,3066 3269,3066 3299,3066"/>
                <TextEquiv>
                    <Unicode>umbrandeten Paris in einer S</Unicode>
                </TextEquiv>
            </TextLine>
            <TextLine id="r2l20" custom="readingOrder {index:19;}">
                <Coords points="2699,3124 2906,3133 2950,3110 2983,3133 3230,3142 3305,3130 3306,3076 3245,3071 3205,3096 3107,3077 2835,3091 2808,3072 2699,3076"/>
                <Baseline points="2710,3117 2739,3119 2768,3120 2797,3120 2827,3121 2856,3121 2885,3122 2914,3122 2944,3122 2973,3122 3002,3122 3031,3122 3061,3122 3090,3122 3119,3122 3148,3122 3178,3121 3207,3121 3236,3121 3265,3121 3295,3121"/>
                <TextEquiv>
                    <Unicode>Truppe als Verbrecher getleid</Unicode>
                </TextEquiv>
            </TextLine>
            <TextLine id="r2l21" custom="readingOrder {index:20;}">
                <Coords points="2694,3230 2836,3244 3071,3232 3100,3249 3163,3228 3273,3233 3274,3187 3186,3180 3136,3203 2694,3182"/>
                <Baseline points="2705,3220 2732,3222 2760,3223 2788,3224 2816,3225 2844,3225 2872,3226 2900,3226 2928,3226 2956,3226 2984,3226 3011,3225 3039,3225 3067,3225 3095,3225 3123,3225 3151,3225 3179,3225 3207,3225 3235,3225 3263,3226"/>
                <TextEquiv>
                    <Unicode>tigen Untergang vor. Und</Unicode>
                </TextEquiv>
            </TextLine>
            <TextLine id="r2l22" custom="readingOrder {index:21;}">
                <Coords points="2689,3292 3053,3276 3086,3293 3306,3297 3306,3232 3222,3252 3166,3233 3099,3249 2689,3236"/>
                <Baseline points="2699,3276 2728,3276 2758,3276 2788,3275 2818,3275 2848,3275 2877,3276 2907,3276 2937,3276 2967,3276 2997,3276 3026,3277 3056,3277 3086,3278 3116,3278 3146,3278 3175,3278 3205,3279 3235,3279 3265,3279 3295,3279"/>
                <TextEquiv>
                    <Unicode>ersehnen sie alle den Tag, w</Unicode>
                </TextEquiv>
            </TextLine>
            <TextLine id="r2l23" custom="readingOrder {index:22;}">
                <Coords points="2697,3328 2757,3345 2895,3331 2920,3350 2950,3336 3014,3349 3063,3326 3303,3341 3303,3293 3287,3288 2697,3290"/>
                <Baseline points="2707,3326 2736,3327 2765,3327 2794,3328 2824,3329 2853,3329 2882,3329 2912,3330 2941,3330 2970,3330 3000,3331 3029,3331 3058,3331 3087,3331 3117,3331 3146,3331 3175,3331 3205,3331 3234,3331 3263,3331 3293,3332"/>
                <TextEquiv>
                    <Unicode>Spiel Ernst wird. Die Schau</Unicode>
                </TextEquiv>
            </TextLine>
            <TextLine id="r2l24" custom="readingOrder {index:23;}">
                <Coords points="2686,3382 2876,3405 2903,3386 3060,3402 3108,3379 3286,3399 3304,3395 3305,3347 2724,3334 2686,3351"/>
                <Baseline points="2696,3377 2725,3378 2755,3379 2785,3380 2815,3380 2845,3381 2875,3382 2905,3382 2935,3382 2965,3383 2995,3383 3024,3383 3054,3384 3084,3384 3114,3384 3144,3383 3174,3383 3204,3383 3234,3383 3264,3382 3294,3382"/>
                <TextEquiv>
                    <Unicode>Verbrecherrollen, und das Publ</Unicode>
                </TextEquiv>
            </TextLine>
            <TextLine id="r2l25" custom="readingOrder {index:24;}">
                <Coords points="2695,3434 3052,3456 3178,3439 3247,3456 3274,3452 3275,3398 3231,3389 3157,3411 2942,3384 2785,3408 2695,3382"/>
                <Baseline points="2705,3429 2732,3430 2760,3431 2788,3432 2816,3433 2844,3433 2872,3434 2900,3434 2928,3434 2956,3435 2984,3435 3011,3435 3039,3435 3067,3435 3095,3435 3123,3435 3151,3435 3179,3436 3207,3436 3235,3436 3263,3436"/>
                <TextEquiv>
                    <Unicode>den pikanten Gegensatz, daß</Unicode>
                </TextEquiv>
            </TextLine>
            <TextLine id="r2l26" custom="readingOrder {index:25;}">
                <Coords points="2686,3498 3091,3487 3303,3505 3303,3459 3270,3446 2686,3439"/>
                <Baseline points="2696,3480 2725,3481 2755,3482 2785,3483 2815,3484 2845,3485 2875,3486 2904,3486 2934,3487 2964,3487 2994,3488 3024,3488 3054,3488 3084,3488 3113,3488 3143,3488 3173,3487 3203,3487 3233,3486 3263,3485 3293,3484"/>
                <TextEquiv>
                    <Unicode>ständige Leute seien. Aber zuw</Unicode>
                </TextEquiv>
            </TextLine>
            <TextLine id="r2l27" custom="readingOrder {index:26;}">
                <Coords points="2693,3542 3298,3552 3298,3493 2694,3505"/>
                <Baseline points="2704,3535 2733,3536 2762,3536 2791,3537 2820,3538 2850,3538 2879,3538 2908,3538 2937,3538 2966,3538 2996,3538 3025,3538 3054,3538 3083,3538 3112,3538 3142,3538 3171,3538 3200,3539 3229,3539 3258,3540 3288,3541"/>
                <TextEquiv>
                    <Unicode>nen ihre Rollen Macht über si</Unicode>
                </TextEquiv>
            </TextLine>
            <TextLine id="r2l28" custom="readingOrder {index:27;}">
                <Coords points="2694,3605 2753,3591 3206,3609 3309,3593 3309,3557 3261,3544 3213,3556 3146,3539 3104,3562 3014,3542 2987,3557 2694,3542"/>
                <Baseline points="2705,3587 2734,3587 2764,3587 2794,3586 2823,3586 2853,3586 2883,3586 2912,3586 2942,3587 2972,3587 3002,3587 3031,3587 3061,3588 3091,3588 3120,3588 3150,3589 3180,3589 3209,3589 3239,3590 3269,3590 3299,3590"/>
                <TextEquiv>
                    <Unicode>dem fingierten Taschendiebe wir</Unicode>
                </TextEquiv>
            </TextLine>
            <TextLine id="r2l29" custom="readingOrder {index:28;}">
                <Coords points="2687,3642 3306,3657 3306,3611 3265,3592 3095,3620 2955,3594 2827,3616 2763,3593 2687,3603"/>
                <Baseline points="2698,3639 2727,3638 2757,3638 2787,3638 2817,3637 2847,3637 2877,3637 2907,3637 2937,3638 2967,3638 2997,3638 3026,3639 3056,3639 3086,3640 3116,3640 3146,3641 3176,3641 3206,3641 3236,3641 3266,3641 3296,3641"/>
                <TextEquiv>
                    <Unicode>licher. Der stärkste, echteste Kü</Unicode>
                </TextEquiv>
            </TextLine>
            <TextLine id="r2l30" custom="readingOrder {index:29;}">
                <Coords points="2693,3696 3302,3706 3302,3658 3279,3649 3156,3663 2986,3643 2928,3662 2851,3638 2811,3659 2694,3640"/>
                <Baseline points="2703,3691 2732,3691 2761,3691 2791,3692 2820,3692 2850,3692 2879,3692 2909,3692 2938,3693 2968,3693 2997,3693 3026,3693 3056,3693 3085,3693 3115,3694 3144,3694 3174,3694 3203,3694 3233,3694 3262,3694 3292,3694"/>
                <TextEquiv>
                    <Unicode>ihnen spielt, gleichsam als Absch</Unicode>
                </TextEquiv>
            </TextLine>
            <TextLine id="r2l31" custom="readingOrder {index:30;}">
                <Coords points="2684,3758 2801,3742 2843,3766 2968,3741 3048,3771 3071,3752 3171,3764 3190,3747 3305,3765 3305,3706 3226,3697 3111,3715 2985,3700 2943,3724 2914,3701 2684,3710"/>
                <Baseline points="2695,3744 2725,3744 2755,3743 2785,3743 2815,3743 2845,3744 2875,3744 2905,3744 2935,3745 2965,3746 2995,3746 3025,3747 3055,3747 3085,3747 3115,3748 3145,3748 3175,3748 3205,3747 3235,3746 3265,3745 3295,3744"/>
                <TextEquiv>
                    <Unicode>sein eigenes, in Qualen wirkl</Unicode>
                </TextEquiv>
            </TextLine>
            <TextLine id="r2l32" custom="readingOrder {index:31;}">
                <Coords points="2681,3800 2833,3827 2879,3805 2981,3817 3045,3799 3163,3826 3201,3798 3295,3808 3296,3770 3242,3754 3206,3773 3110,3754 3058,3770 2870,3750 2842,3767 2811,3747 2681,3760"/>
                <Baseline points="2692,3795 2721,3796 2751,3798 2780,3800 2810,3801 2840,3802 2869,3803 2899,3803 2929,3804 2958,3804 2988,3805 3018,3805 3047,3805 3077,3805 3107,3806 3136,3806 3166,3806 3196,3806 3225,3806 3255,3806 3285,3806"/>
                <TextEquiv>
                    <Unicode>Liebesgeschick und erfindet als</Unicode>
                </TextEquiv>
            </TextLine>
            <TextEquiv>
                <Unicode>ld
t zu
twas
tzuhalt
n einem
der Persönlich
die Narrheit des
erhebt wie in der Renaissanc
einer vorwiegend ironischen St
in der Romantik, sondern von
seinsgrauen, das sich aus
von Wahrheit und Lüge ins ech
überrettet. Aus der Schwerm
Seelen erfüllt, steigt für sie ?
auf. „Die Traurigkeit ssteckt o
in den Dingen, als wir ahnen.
Im „Grünen Kakadu“ spiel
dem schon von den Wogen der
umbrandeten Paris in einer S
Truppe als Verbrecher getleid
tigen Untergang vor. Und
ersehnen sie alle den Tag, w
Spiel Ernst wird. Die Schau
Verbrecherrollen, und das Publ
den pikanten Gegensatz, daß
ständige Leute seien. Aber zuw
nen ihre Rollen Macht über si
dem fingierten Taschendiebe wir
licher. Der stärkste, echteste Kü
ihnen spielt, gleichsam als Absch
sein eigenes, in Qualen wirkl
Liebesgeschick und erfindet als</Unicode>
            </TextEquiv>
        </TextRegion>
    </Page>
</PcGts>
