3344 4352
1490 271 1954 378 box 36/2
168 265 1345 391 1. Panphlets offprints
2341 963 2460 1051 689
1141 975 2101 1069 Probleme in Arthur Schnitzlers Dichtungen.
195 1073 402 1141 die mäch¬
1610 1069 2460 1144 sten Coup einen tragischen Abschluß: er habe
831 1073 1469 1142 Bedenkt dies eine nur, daß jede Nacht
837 1122 1538 1178 Uns zwingt hinabzusteigen in ein Fremdes,
186 1124 418 1193 oft frauen¬
1622 1121 2467 1208 den Galan seiner Frau, der der strahlendste
837 1167 1569 1227 Entledigt unsrer Macht und unsres Reichtums,
175 1179 407 1236 en Kakadu“
1614 1180 2459 1254 und beneidetste der verhaßten Aristokraten,
837 1212 1462 1265 Und alles Lebens Fülle und Verdienst
168 1229 421 1293 ion, die in
1618 1234 2456 1298 erdolcht. Aber dieser Mann hat ihm wirk¬
841 1240 1599 1295 Von weit geringrer Macht sind als die Träume,
844 1285 1469 1356 Die unfrem willenlosen Schlaf begegnen.
187 1275 421 1349 ihren Ernst
1617 1289 2413 1347 lich seine Frau geraubt, alle wissen es —
1196 1314 1568 1391 (Schnitzler, „Paracelsus“.)
204 1339 421 1401 hleier der
1616 1344 2454 1402 nur er nicht. Nun ist die Verwirrung von
207 1386 406 1456 vom glü¬
1628 1392 2462 1455 Schein und Sein aufs höchste gestiegen,
771 1376 1618 1474 Und wer zu schaudern gelernt hat, der schätzt
186 1442 425 1505 lsten Stadt.
1622 1455 2463 1514 schlägt den Wissenden und doch nicht Wissen¬
773 1455 1613 1529 die Sicherheit des unmittelbar Wirklichen
232 1490 409 1556 rs Dich¬
1632 1496 2456 1569 den über dem Kopfe zusammen. Sie meinen,
774 1516 1617 1572 nicht zu hoch, wägt das Irrsal von Traum
239 1546 424 1609 irrenden
781 1554 2461 1632 und Phantasie in vorsichtiger Hand. Darum er habe die Tat vollführt, sie rufen ihm zu:
222 1597 433 1659 keit, Sein
785 1607 2462 1676 liebt Schnitzler die Situationen besonders, „Rette dich.“ Er aber, erwürgt vom Netz
241 1650 426 1722 Wahrheit
780 1675 2451 1726 in denen die starren Unterschiede aufgehoben der eigenen lügnerischen Kunst, steht schau¬
255 1701 429 1766 inander
783 1704 2468 1774 sind, die die „Nicerschaudernden“ zwischen dernd, und als nun der Nebenbuhler zu
262 1753 430 1819 Festes,
786 1754 2468 1840 Wahrheit und Lüge aufgebaut haben: den den Zuschauern tritt, tötet er ihn wirklich.
261 1807 430 1871 n? In
783 1808 2467 1896 Traum, die Hypnose, das Theater. Ihm Und als wäre dies Umspringen des Spieles
277 1849 411 1921 n, Ge¬
787 1858 2458 1942 wie Hofmannsthal und jener ganzen Gene= in die Wirklichkeit das Signal, braust die
234 1910 420 1980 ich nicht:
791 1911 2461 1983 ration ist das Theater Lieblingssymbol für Nachricht vom Sturm der Bastille herein
280 1970 418 2031 wahr.“
1636 1961 2468 2039 und reißt die Schauspieler mit fort zu dem
781 1980 1618 2053 diese Unentwirrbarkeit. Die ganz persönliche
286 2018 441 2085 Liebe,
1627 2008 2455 2099 großen Drama, das draußen agiert wird.
784 2031 1625 2107 eigenartige Lebensstimmung dieser Künstler
296 2071 443 2133 es, im
1664 2068 2466 2145 Ich habe so lange bei diesem Einakter ver¬
780 2096 1629 2144 hat dem alten verbrauchten Bild vom Theater
300 2121 425 2189 dlung
1636 2120 2471 2201 weilt, weil hier das Problem, das sonst oft
781 2135 1621 2214 der Welt neues Lebensblut zugeführt, und
294 2175 432 2242 ingen,
1631 2188 2465 2240 nur in spitzem Dialog formuliert wird, wirk¬
790 2198 1622 2258 so berührt es uns wie etwas völlig Origi¬
328 2226 442 2289 t vor
1638 2222 2471 2301 lich gestaltet ist und mit einer technischen
789 2237 1618 2322 nales. Es ist wichtig, festzuhalten, daß diese
372 2271 434 2339 n!
1632 2278 2462 2352 Virtuosität, einem Herausbilden von Einzel¬
785 2292 1623 2355 Neubelebung nicht von einem starken Über¬
1634 2332 2470 2402 zügen, die den Sinn des Ganzen leiser re¬
792 2348 1626 2415 legenheitsgefühl der Persönlichkeit ausgeht,
1633 2379 2474 2461 flektieren, daß man die Freude des Künstlers
783 2410 1630 2467 das sie über die Narrheit des Geschehens
1632 2435 2478 2509 mitspürt. Er genießt mit den raffinierten
789 2468 1627 2527 erhebt wie in der Renaissance, nicht von
361 2488 441 2549 iese
1636 2501 2476 2559 aristokratischen Feinschmeckern: „Das ist ja
788 2507 1631 2577 einer vorwiegend ironischen Stimmung wie
384 2543 440 2604 i¬
1635 2538 2473 2617 gerade das Entzückende, überall blitzt etwas
787 2556 1627 2632 in der Romantik, sondern von einem Da¬
1640 2603 1906 2670 Ernst durch.“
787 2610 1629 2684 seinsgrauen, das sich aus der Wirrnis
328 2645 446 2713 inend
1663 2622 2468 2714 Alle Menschen sind ihm im Grunde gute
799 2661 1633 2737 von Wahrheit und Lüge ins echte Spiel hin¬
362 2698 449 2755 om
1641 2694 2473 2784 oder schlechte Schauspieler, Darsteller ihrer
799 2716 1626 2777 überrettet. Aus der Schwermut, die ihre
363 2754 454 2815 ein
1647 2753 2091 2831 inneren Möglichkeiten:
802 2770 1638 2842 Seelen erfüllt, steigt für sie dies Symbol
358 2810 440 2884 er¬
800 2818 1640 2897 auf. „Die Traurigkeit ssteckt oft viel tiefer
1664 2810 2444 2898 Was ist nicht Spiel, was wir auf Erden treiben,
801 2875 1424 2941 in den Dingen, als wir ahnen.“
1671 2877 2398 2937 Und schien es noch so groß und tief zu sein?
1663 2920 2356 2966 Mit wilden Söldnerscharen spielt der eine,
832 2916 1639 3000 Im „Grünen Kakadu“ spielt mitten in
1675 2969 2376 3015 Der andre spielt mit tollen Abergläub'schen,
790 2974 1651 3049 dem schon von den Wogen der Revolution
1667 3005 2353 3052 Vielleicht mit Sonnen, Sternen irgendwer.
266 3009 378 3063 klage,
1674 3045 2313 3094 Mit Menschenseelen spiele ich; ein Sinn
800 3033 1642 3097 umbrandeten Paris in einer Spelunke eine
1674 3071 2374 3137 Wird nur von dem gefunden, der ihn sucht.
175 3057 462 3150 er Vergänglichkeit“.)
796 3096 1638 3153 Truppe als Verbrecher getleideter Schau¬
1677 3114 2361 3169 Es fließen ineinander Traum und Wachen,
795 3131 1643 3206 spieler perversen Aristokraten ihren zukünf¬
1682 3150 2398 3200 Wahrheit und Lüge — Sicherheit ist nirgend.
174 3143 459 3233 s eigentlich?
1677 3182 2427 3237 Wir wissen nichts von andern, nichts von uns;
794 3188 1643 3262 #tigen Untergang vor. Und im geheimen
1679 3223 2353 3298 Wir spielen alle — wer es weiß, ist klug!
165 3221 466 3296 lgenblick Brust
793 3236 1652 3293 ersehnen sie alle den Tag, wo aus dem
2146 3257 2395 3335 („Paracelsus“.)
171 3277 465 3344 bund, den wir
798 3286 1640 3352 Spiel Ernst wird. Die Schauspieler geben
170 3323 462 3396 eind, der uns
1651 3316 2464 3400 Wer es weiß, ist klug. Der wirkliche Schau¬
804 3351 1635 3419 Verbrecherrollen, und das Publikum genießt
165 3376 459 3452 das eben ver¬
1645 3386 2477 3454 spieler weiß es; ihn soll man bewundern,
808 3394 1631 3465 den pikanten Gegensatz, daß sie alle an¬
172 3425 465 3500 ? Der Ton,
1638 3438 2474 3498 weil er aus der Not eine Tugend macht,
805 3452 1645 3519 ständige Leute seien. Aber zuweilen gewin¬
187 3483 451 3553 nicht Erinne¬
1637 3508 2483 3563 aus dem Verhängnis ein Gewolltes, weil
808 3500 1644 3568 nen ihre Rollen Macht über sie, und aus
173 3535 462 3605 ?“ (Sala im
1641 3540 2466 3604 er innerhalb des Zufälligen ein Notwen¬
797 3548 1641 3614 dem fingierten Taschendiebe wird ein wirk¬
176 3584 474 3662 biederum: die
808 3606 2477 3659 licher. Der stärkste, echteste Künstler unter diges schafft, den Kreis seines Lebens in
166 3641 474 3718 al näher sein,
1646 3646 2485 3711 spielender Willkür erweitert. Die anderen
812 3654 1635 3730 ihnen spielt, gleichsam als Abschiedsbenefiz,
164 3697 493 3781 Ft. Und dann
811 3703 2483 3774 sein eigenes, in Qualen wirklich erlebtes Menschen, die unbewußten Schauspieler, emp¬
794 3761 2503 3818 Liebesgeschick und erfindet als verblüffend= finden in den seltenen Momenten des Er¬
1870 4112 2014 4156 SR
2258 4145 2389 4206 I
2625 4061 2684 4148 80
