3392 4384
1162 325 1637 417 box 41/4
141 339 1028 442 1. Miscellaneous
930 1503 1427 1601 15, Stocknonn, St. P eters¬
710 1553 1042 1640 burg, Toronto.
618 1596 1138 1697 (Quellenangabe ohne Gewähr.)
317 1680 1446 1785 Ausschnitt aus Deutsches Volksblatt, Wien
562 1753 865 1836 11.3281972
320 1778 500 1853 vom:
480 1829 581 1886 1
1463 1797 3346 1899 wichtigsten Befähigungsnachweis seinen erst einige Monate Kunst und Literatur anzumaßen sucht.
1465 1863 3348 1938 alten Tausschein gehalten zu haben scheint, ist wohl als recht. Wir sind keineswegs Gegner der
417 1872 1452 1982 Wer wird Direktor des Hofburg¬
1477 1907 3359 2001 abgeran zu betrachten. Ebenso tann man wohl beruhigt langen nicht, daß das Burgtheater sein
785 1951 1110 2049 theaters?
1483 1954 3326 2044 darüber sein, daß Herr Reinyardt, dem für seine Aus= schließlich aus den Werken der §
2598 1988 3349 2056 wir verlangen sogar ausdrücklich,
1494 2012 2594 2090 stellungskünste die Bühne zu enge geworden ist und der daher
452 2008 1501 2108 Stit nbei Wochen Keckt 'un die Erde den heim¬
2598 2035 3360 2102 Tirektor des Burgtheaters ein durchau#
1489 2056 2604 2133 die Zirkusmanege an ihre Stelle treten läßt, niemals Ge¬
351 2069 1514 2136 Ogegaygepey Leites der Wiegler (Hofbühne. Schon an seine¬
2596 2074 3365 2143 sei, der seine Zeit versteht und der ein
1487 2101 2609 2171 legenheit haben wird, am Burgtheater seine „reformatorische
371 2121 1503 2184 Bahre (hättd des Frage= und Antwortspiel: „Wer wird
2605 2120 3352 2188 für jede wirkliche Begabung, mag sie sich
1483 2143 2620 2232 Tätigkeit“ zu entfalten. Man hat in den letzten Tagen
358 2163 1499 2245 nun Direktor des Hofburgth6aters?“ begonnen. Das Haus
2604 2143 3362 2231 literarischem oder auf darstellerischem G
1500 2183 2622 2261 überhaupt aufgehört, Namen zu nennen. Man läßt keine
372 2194 1509 2282 auf dem Franzensringe ist da noch immer das Ziel sehn¬
373 2187 3351 2324 suchtsvoller Wünsche allot, die mit dem Theater in irgend= Versuchballons mehr aufsteigen, sondern verlegt sich aufs kann aber ein durchaus moderner Mensch
378 2231 3352 2360 welchem Zusammenhangé stehen. Der Schauspieler sieht sich in Warten und aufs Intrigieren hinter den Kulissen, sein, ohne deshalb etwas nur deshalb,
383 2344 3346 2423 seinen kühnsten Träumen als Darsteller auf den Brettern der Wir können deshalb die Frage: „Wer wird Burgtheater auch schon für künstlerisch vollkommen
387 2326 3360 2456 „ersten deutschen Bühne“, Autoren, denen der Sinn eigentlich direktor?“ vorläufig nur ganz unpersönlich auffassen, und oa aber der springende Punkt. Die Clique
1491 2383 3363 2488 müssen wir von dem neuen Direttor — wer immer es wir wollen leben und die Theater sin
383 2423 1508 2488 nur nach fetten Tantiemen steht, würden gerne etwas
386 2471 3357 2529 darum geben, wenn eines ihrer Werke burgtheater= sei — verlangen, daß das klassische Repertoire wieder= dramatischen Schöpfungen zu finanzie
2594 2471 3363 2541 darauf, ob sie inneren Wert haben oder
1123 2497 2616 2574 denn das be¬ hergestellt wird, das heute nur noch in einzelnen Trümmern
2608 2508 3359 2582 der Leiter der Hofbühne die Energie be
388 2509 1132 2589 fähig befunden werden, sollte,
1149 2538 2623 2602 sonst für den vorhanden ist. Was in den letzten Jahren unter den früheren
2615 2558 3340 2620 gehaltenen Revolver resolut beiseite zu
863 2559 1151 2632 viel, wie
375 2555 777 2637 deutei ungefähr
1504 2585 2611 2667 Tirektoren in dieser Beziehung geschehen ist, ist längst schon
975 2592 1523 2662 der Adelsbrief. Und
2613 2599 3360 2664 das Gefühl dafür haben, daß es nicht al
385 2587 967 2671 gewöhnlichen Sterblichen
1505 2614 2613 2705 wieder abgebröckelt und zerfallen. Allzu viel war es ja nicht.
2607 2644 3336 2711 gewissermaßen zum Hausdichter des
392 2637 1521 2716 wer gar an dieser für alle Zeit geweihten Stätte als Erster,
1514 2677 2613 2749 Im wesentlichen hatte man sich darauf besch inkt, mit
2606 2688 3361 2755 zu lassen. Er muß es fertig bringen, #
382 2693 946 2777 als Führer wirken könnte!
1508 2705 2620 2798 Zuhilfenahme frischer Dekorationen und der Drehbül#eeinige
2613 2723 3364 2788 Stücks zurückzusenden, wenn sie so we
480 2719 1514 2799 Wer es nur einigermaßen für möglich hielt, in die
1512 2761 2612 2837 neue Bühnenbilder zu schaffen. Was die Hauptsache wvesen
2615 2780 3362 2834 letzten. Und er wird es schließlich auch n
393 2768 1511 2838 Liste der Startenden ausgenommen zu werden, der bemüht
1519 2804 2611 2878 wäre, der innere Wiederaufbau der Klassiteraufführungen
2614 2810 3358 2876 Blumenthal zu verstehen zu geben,
393 2808 1522 2893 sich, seinen Namen von einem der Tagesblätter lancieren zu
1517 2852 2623 2926 durch gute Neubesetzungen, durch wirkliche künstlerische Ver¬
2612 2857 3363 2917 hafte „Muse“ auf der Wiener Hofbüh
396 2858 1521 2941 lassen. Favorit gab es eigentlich keinen, es war also nicht
1518 2896 2615 2967 tiefung und Herstellung eines wohlausgeglichenen Zusammen¬
2617 2895 3360 2965 ist. Es kommt nur auf den Versuch an
394 2902 1524 2970 so schwer, als einer von den vielen genannt zu werden,
1515 2936 2615 3018 spieles, das läßt noch heute auf sich warten. Ein möglichst
2618 2942 3358 3013 ja doch der Anfang damit gemacht i
397 2943 1527 3016 die bei der Neubesetzung des verwaisten Postens eventuell
1515 2983 2626 3052 rasches Ausfüllen der Lücken im Ensemble wird deshalb die
2624 2987 3349 3059 zu brechen, die das Literaturkartell ü
394 2985 1531 3067 in Betracht kommen konnten. Die den Hoftheatern vorge¬
1521 3023 2632 3101 unumgängliche Voraussetzung eines erfolgreichen Wirkens der
2619 3028 3355 3095 ausübt. Wer aber fott in dieser Bezieh
400 3022 1526 3119 setzte Behörde hat in der richtigen Erkenntnis, daß auf die
2613 3075 3360 3156 spiele vorangehen, wenn nicht der Leiter
1522 3085 1964 3162 neuen Direktion sein.
400 3071 1522 3152 unter den Bewerbern zu treffende Auswahl das Wort:
2694 3104 3363 3183 Wir haben keinen Kandidaten in
403 3123 1537 3200 „Gut Ding braucht Weile“ Anwendung findet, vorerst ein
1582 3120 2638 3211 Aber der neue Mann wird das Burgtheater nur dann
2624 3153 3364 3231 maßgebenden Stellen empfehlen, wir
403 3158 1540 3239 Provisorium geschaffen. Die Gefahr, daß durch einen über¬
1529 3179 2633 3251 einer besseren Zeit entgegenführen, wenn er die Kraft hat,
2618 3203 3373 3261 unsere Pflicht, es offen auszusprechen
399 3204 1536 3270 eilten Entschluß das Burgtheater und seine Traditionen
1529 3205 2636 3296 sich seine Freiheit und Unabhängigkeit vor den Cinflüssen
412 3251 1548 3319 einer Persönlichkeit überantwortet werden könnten, die
405 3290 3353 3373 nicht weiß, was diese dem Wiener Publikum bedeuten, ist jener Clique zu bewahren, die ohne eine Spur innerer Be= Bevölkerung von dem Manne, der das
406 3309 3104 3431 also fürs erste vermieden. Herr Dr. Brahm, der für den  rechtigung sich das entscheidende Wort in allen Fragen der antreten wird, erwartet.
