3392 4384
2449 328 2825 422 15 March, 1913
1330 331 2103 416 The Saturday Review.
601 341 779 432 326
568 459 1717 511 concern the franchise, but merely the municipal vole,
1723 469 2870 528 elsewhere has gradually been pressed into the service
577 512 1715 574 which F##ench women do not vel possess; finally, we
1733 518 2870 588 of industrialism, they have so far failed to rcalise that
562 562 1711 624 lind that in the mass of journalistic chitchat apparently
1712 558 2858 625 P corporative organisation is their only chance, and they
564 601 1713 655 devoted to suffragism there is mostly question ol the
1722 599 2865 666 are not likely to place it in a mere political reform ar
576 644 1725 726 much wider claims of feminism, andthe confusion arises
1715 652 2870 708 atime when the strongest impression in the milicus
575 698 1710 747 from insuflicient interest. When weare told that eighi
1722 688 2869 753 to which they belong is the absolute futilityof politics
571 749 1723 800 million women leave their home every day 1o work, and
1731 752 2872 800 und the worthlessness of politicians, It is not when
572 796 1709 855 that a great many of them are underpaid and placed
1733 789 2873 837 imperialism or something like it is in the air, and when
574 844 1715 890 on a terrible dilemma, that over u hundred and
1726 844 2873 902 the popular reform of the exisling suffrage might be
571 879 1720 949 fiftr thousand State servants are woinen, und thaf this
1729 877 2878 936 transformed with the lenst dexterily into positive
572 926 1718 993 being a new development corresponding changes ought
1733 926 2885 983 inequality, that a demonstration in the spirit of 1848
579 964 1712 1030 to follow, we know we are in presence ol in cco¬
1726 971 2883 1029 can have ang serious chances. The only women who
570 1002 1719 1081 nomie, not of a political problem; and is we sce cleurly
1728 1019 2872 1082 sccm to have the proper suffragist spirit are the handful
583 1060 1710 1111 that ihe cconomic solutions are gillieult, we do not
1728 1061 2877 1112 of women-professors, doctors and lawyers who form
573 1098 1720 1165 perceive how the franchise for women cnn help 10 lind
1724 1104 2871 1163 the kernel of Madame Vincent’s Union, and it is re¬
572 1147 1718 1201 them: there are cnough unsolved economie problemns
1736 1149 2866 1212 markable that they secm to be, as a rule, mere indi¬
584 1188 1727 1272 for men who, however, are elcctors. A great deal of
1730 1201 2865 1254 vidualists with no corporative tendencies: this, being
1736 1243 2879 1310 interpreted, means that they are politicians in desire, and
584 1237 1038 1310 all this is mere talk.
1729 1285 2618 1345 they have come too late in loo old a world.
620 1272 1724 1345 Probably the coincidence ol the English agitation
1779 1327 2869 1389 But if Suffragism is little better than a name in
580 1346 1718 1398 with two Parisian events—a play bv M. Brieux, and
1727 1377 2877 1433 this country, and if, supposing it were left to its natural
576 1386 1725 1440 another by M. Donnay—is responsible for the corre¬
1734 1423 2889 1472 champions, it would soon vanish from public attention,
574 1419 1718 1487 sponding movements in the conversations and the flood
1725 1463 2880 1522 it does not follow that the suffrage will not, sooner or
580 1475 1718 1546 of empty prose in the newspapers. The stage some¬
1721 1505 2870 1570 later, be givento women. There exists atthe Ministry
577 1516 1718 1577 times mirrors society, it often irritates passions, it
1725 1559 2885 1607 of Justice a Board for the Reform of the Civil Code, in
580 1563 1727 1622 hardly ever helps or even presents with any force or
1731 1605 2883 1664 which the intuitions of men like M. Brieux, M. Prévost
578 1616 1724 1678 clarity a controverted question. M. Brieux, who
1725 1647 2885 1709 andthe brothers Margueritte have long collaborated
584 1655 1722 1711 appears to many people as a sort of oracle, may be a
1733 1698 2879 1745 with the more practical knowledge of jurists like the
574 1705 1723 1767 remarkable dramatist; he is only a geod dramatist
1742 1745 2880 1802 late Raymond Saleilles, and the efforts of these men
578 1754 1736 1807 because he does not approach his subjects onthe stage
1731 1784 2888 1851 have already eliminated some of the more shocking legal
578 1799 1741 1848 as he does in the artieles which cause him to be
1725 1822 2879 1895 incqualities between men and women. Such results,
588 1834 1726 1900 regarded as an craele. How does he enlighten us on
1734 1884 2877 1941 as well as those obtained at the Labour Oflice by the
587 1878 1733 1941 the future of the working woman by telling us in“ La
1735 1926 2878 1982 Conseil du Travail, do more for the adjustment of
577 1912 1737 1991 Femme Seule?' that his heroine Thérèse was engaged
582 1971 1726 2030 to a cad who gave her up when he found she was no
1736 1980 2882 2045 wrongs than all the outward agitation of stage, Press
1728 2024 2322 2078 and publie demonstrations.
591 2019 1732 2081 heiress as he thought, that she tried to get work Trom
1788 2040 2878 2127 The extension of suftrage prepared by the juridical
578 2064 1736 2111 another cad, or worse than cad, who took advantage of
1743 2110 2879 2172 studies ofthe Board may be realised some dav in Parlia¬
586 2115 1738 2169 her destitution, that she started a business exclusively
592 2151 1725 2211 employing women, and so drew on herself the Turious
1730 2152 2882 2229 ment by a tacit understanding of the Socialists with
1733 2192 2880 2260 a group of Conservatives believing in it for mere poli¬
582 2196 1724 2271 jealousy of male rivals, that eventually end number one
589 2244 1721 2303 turned out to be a good fellow after all, and married
1730 2252 2891 2303 tical reasons. There are no signs of this change besides
591 2292 1730 2361 Thérèse, who was not very loth? We do not see ilg
1735 2290 2966 2351 the sees  C DusS
590 2328 1737 2395 we only sce a more or less successful play with onc
1733 2339 2888 2396 Buisson which I mentioned above, but the groups in
1737 2380 2878 2440 Parliament are as reticent as the Chamber itself is
588 2380 1732 2438 dramatic iden¬the possible antagonism of men and
598 2425 1725 2477 women—which nobody wishes to see come truc. But
1729 2425 2886 2485 talkative, and in the present instance quiet is the best
597 2476 1726 2534 as M. Brieux after his play wrote highly feminist com¬
1736 2464 2885 2530 help. If French women were rabid instead of being in¬
589 2525 1727 2575 ments on it in the papers, the effect was the same as
1739 2509 2880 2572 different or amused on the subject, their chances would
593 2565 1734 2629 if the play itself had been a valuable contribution to
1733 2546 2891 2622 be small, for Suffragism is the worst enemy of the#
591 2611 1690 2665 the discussion ofthe suffrage. In“ Les Eclaireuses?'—
1738 2608 2882 2676 suffrage. As it is, they may find themselves voters
587 2666 1731 2713 now on at the Comédie-Marigny—M. Donnay makes a
1747 2653 2894 2714 without having fretted over the vote, and this alone
579 2702 1735 2755 ruthless satire of the militant feminists, among whom
1742 2698 2886 2770 matters; the English suffragists will find that their life
593 2753 1731 2813 a silly little creature happens to fall after giving up a
1737 2744 2881 2806 was much more exciting when they were non¬voters
595 2790 1727 2855 good husband and before marrying another far inferior;
1736 2801 2885 2865 than when they are; and what is the good of only
599 2836 1732 2887 but this dees not prevent M. Victor Margueritte—a
1736 2841 2323 2913 changing disappointments?
590 2870 1737 2951 great apostle of the cause, whose chief merit is to be
2412 2852 2469 2960 —
597 2927 1744 2982 the brother of Paul Margueritte—from writing exult¬
595 2971 1745 3045 ingly in the“ Figaro?' of the service done to the!
1939 2948 2682 3057 A SCHNITZLER MATINEE.—
597 3027 1746 3075 emancipation of women by M. Donnay. A good deal
2099 3024 2497 3102 Br JonN PaLMER.
592 3064 1733 3131 of uncriticalness and a little enthusiasm go a long way,
1828 3095 2883 3173 EMESIS is not a myth. I was a weck ago
590 3104 1745 3180 andthere is little else in the French interest in Women’s
1862 3162 2885 3209 lamenting that in the dramatic world to-day it
591 3158 839 3224 Suffrage.
1717 3194 2881 3250 #is always afterncon; that there is nothing worth
646 3178 1731 3268 There is not the least doubt that if the question
1739 3249 2891 3301 beating one’s brains about, or beating out the brains
591 3254 1732 3298 were left to women, ihe suffrage would soon ecase even
1742 3284 2889 3360 of other people; that the present position is made up
603 3301 1727 3357 to be talked about in France. With verv few excep¬
1738 3351 2876 3391 of causes alrendy lost, or causes not yet in being.
602 3348 1726 3401 tions the more refined women are not only indifferent
1739 3369 2888 3453 Immediately the“ Stage Society?’ presents the London
595 3391 1728 3449 but decidedly opposedtoit: whether it be from modesty
1740 3420 2872 3482 critics with a Schnitzler matinée, and immediately every
589 3436 1733 3496 or from coquettishness, thevthink it unwomanly; they
1745 3480 2878 3536 blockhead is a prophet in his own country. No longer
592 3474 1728 3535 refuse to enter into the niccties of the question, but
1740 3511 2887 3578 is it a question of having no heads to hit. It is worse.
602 3521 1732 3579 they feel that the effort of the Suffragists to carry their
1751 3558 2876 3629 The heads are, in more senses than one, so thick that
600 3578 1744 3639 point betrays more sexual antagonism than the resist¬
1753 3618 2894 3669 enterprise becomes absurd. Fighting is well enough;
596 3616 1738 3671 ance of the men; they realise more or less explicitly
1737 3649 2884 3723 but butchery is vulgar. One fears to be caught at
599 3670 1740 3726 that if it takes a fool to deny the fundamental equality
1746 3699 2879 3770 the limit of onc’s passion, like Ajax among the herds.
593 3708 1729 3766 of the sexes, it takes the silly uxoriousness of a suffra¬
1739 3746 2577 3823 Schnitzler’s critics are past argument:
591 3738 1741 3816 gette’s husband to assert it outside the smoking-room;
602 3798 1737 3853 in short, thev fear that serious inconveniences are lurk¬
1837 3798 2659 3869 The nursery lisps out in all they utter;
602 3853 1743 3901 ing under the superficial ludicrousness of the whol
1830 3828 2820 3924 Besides, they always smell of bread and butter *.
600 3888 1750 3956 affair; with that rare specimen of shrewdness and
1787 3897 2880 3982 To some of my readers Schnitzler may be little more
603 3936 1744 3996 energy, ihe French middle-class woman, the case is
1754 3969 2875 4036 than a name. Let me therefore explain by analogy the
595 3979 1741 4039 clearer. She is fully convinced that if she had to vote
1754 4012 2890 4080 Precise character of the blunders so thickly scattered
604 4023 1740 4087 she would vote sensibly, but in the meantime she thinks
1759 4055 2883 4126 through the newspapers of Tuesday last. The out¬
604 4076 1736 4128 all this talk about nothing a foolish waste of time; as
609 4095 2879 4186 10 the army of working women, which in France ás rages perpetrated bythe London critics upon Schnitzler
