3392 4384
1116 207 1609 311 box 41/4
117 227 991 341 11. Miscellaneous
483 1076 3042 1227 esen[ Krieg ist, daß sie alles daran setzt, die Balkanstaaten auf etwa 2½ Milliarden. Diesen Riesensummen und
430 1199 493 1292 1
668 1204 3031 1323 an unzere Kinder=, Jugend= und Jünglingsjahre, ach, und an Aufgabe erinnern, die mir mein hiesiger Aufenthalt auferlegt:
1839 1239 3036 1317 mich für die Winterkampagne zu rüsten, denn solange man lebt,
122 1271 684 1343 eine höchsten und unvergeß¬
674 1274 1840 1377 so vieles vieles andere, was damals so. ganz anders war, denn
1847 1299 2407 1384 muß man seine Pflicht tun!
135 1323 679 1395 knüpfen; und es ist sehr
1924 1299 3032 1399 Und nun, beste Fürstin, nochmals tausend Dank für Ihre
671 1317 1840 1424 „Der Zeiten Hammer um uns schmiedete eine neue Welt!“
124 1352 680 1430 ster Seele danken zu dürfen.
1841 1349 3035 1454 lieben Zeilen und die Versicherung meiner unbegrenzten Ver¬
684 1380 1363 1460 (sagt auch mein Freund „Apelles“).
124 1402 680 1472 bergleichlichen Künstler gesellt
748 1386 1841 1489 Haben Sie also besten Dank, und tausend herzliche Grüße
1844 1397 3046 1518 ehrung, mit welcher ich nie aufhören werde zu verbleiben meiner
120 1452 679 1525 le Sympathie für den besten
671 1455 1846 1539 1 an Sie, Ihre liebe Frau und Ihr ganzes Haus von meinem
1851 1468 2497 1556 gnädigsten Furzein treu ergebener
2515 1465 2992 1565 A. Sonnenthal.“
125 1495 682 1570 schen bei, deren Ausdruck
681 1501 1721 1610 ganzen Hause und zunächst von Ihrem teeu ergebenen
120 1538 677 1616 s dieser Zeilen bitten möchte.
1365 1541 1840 1628 A. Sonnenthal.
1943 1527 3043 1632 Und ein Muster edlen Selbstbescheidens und hoher
123 1591 512 1667 nder Hochschätzung
1860 1592 3035 1685 Selbsterkenntnis spricht aus der Antwort, die der 68jäh¬
771 1599 1854 1694 Einem Briefe Sonnenthals an die Fürstin
116 1639 293 1738 ebener
1861 1644 3045 1749 rige Sonnenthal Ludwig Barnay erteilt, als dieser ihn
696 1655 1853 1756 Pauline Metternich=Sändor (aus Scheveningen,
133 1683 655 1777 Arthur Schnitzler.
1861 1682 3044 1785 auffordert, in einer Festaufführung den „Graf Waldemar“
689 1702 1858 1807 21. Juni 1897) ist die folgende, besonders charakteristische
122 1753 695 1839 der Budapester können die
1867 1770 2403 1860 von Freytag zu spielen:
694 1782 1172 1871 Stelle zu entnehmen:
780 1797 1866 1903 „Sie wollen auh wissen, wie das Burgtheater werden wird?
1867 1815 2731 1913 [Sonnenthal an Ludwig Barnay.
688 1852 1870 1943 Meinen Sie das Haus? Nun, nich den Seh=Versuhen, die vor¬
2501 1851 3011 1952 Wien, 29. Oktober 1902.
126 1869 397 1960 nenthal.
701 1892 1869 1988 läufig angestellt werden, soll es sich außerordentlich verbessert
150 1923 665 2026 den 15. Dezember 1895.
2019 1927 2575 2017 Mein lieber guter Ludwig!
699 1927 1880 2027 haben, ob aber damit auch die Akustik gewonnen haben wird?
1938 1987 3065 2069 So ehrenvoll Ihre freundliche Aufforderung auch für mich
694 1981 1875 2077 Das wird das Publikum beurteilen müssen. Nun, wir werden
122 2008 262 2068 nd!
1887 2017 3052 2119 sein mag und so gern ich auch bei so feierlichen. Anlasse mit¬
700 2027 1880 2127 ja sehen — das heißt, besser wäre es, wenn wir hören
136 2027 708 2106 ner Anwesenheit in Budapest
1878 2057 3064 2161 tun möchte, so kann ich doch zu meinem größten Bedauern
137 2092 703 2162 sseres gemeinsamen Geburts¬
698 2106 1005 2177 werden!
1874 2122 3051 2202 Ihrem Wunsche nicht nachkommen, und zwar aus dem ein¬
155 2134 702 2219 Auftrag gegeben, das Bild
783 2108 1873 2201 Ueber das Interne des Burgtheaters lassen Sie mich am
1872 2155 3061 2260 sachen Grunde, weil ich die Rolle schon vor zwölf Jahren ab¬
150 2180 704 2248 te wird Ihnen die Photo¬
712 2170 1875 2262 liebsten schweigen. Sie kennen mich, beste Fürstin, und wissen,
1887 2204 3066 2306 gegeben habe, und wenn ich mich damals — mit 56 Jahren —
146 2218 706 2293 Hauses zusenden und so
714 2230 1888 2305 ich gehöre nicht zu den sogenannten Räsoneurs — im Gegenteil,
1884 2245 3068 2345 schon zu alt für den Waldemar hielt, kann ich ihn doch heute
150 2263 712 2354 durch diese Intrige wieder in
719 2259 1877 2349 ich trachte, wo und wie ich nur immer kann, auch anerkannte
1886 2301 3064 2388 mit 68 umso weniger spielen. Sie werden mir als Freund
718 2304 1884 2402 Mängel dem großen Publikum gegenüber zu verteidigen, denn
158 2336 708 2421 mir nicht nötig, denn Ihre
711 2349 1884 2443 man darf sein eigenes Nest nicht beschmutzen. Aber Ihnen gegen¬
713 2373 3070 2488 über — die ich Sie ja von jeher zum Bau gezählt — Ihnen und als Künstler sehr viel Schönes und Schmeichelhaftes zu
137 2400 712 2469 fert Ihnen ein dankbares Ge¬
716 2371 3074 2528 kann ich es wohl sagen, daß mir das Herz blutet, das Institut, jentgegnen wissen — aber nicht so das Publikum. Das ist.
156 2442 716 2530 „jeden Tag durchblättere ich
718 2422 3071 2567 dem ich seit vierzig Jahren mit Leib und Seele angehöre, das wie Sie wissen, in solchen Fällen grausam und wenn es auch
730 2500 3078 2613 ich in seiner höchsten Blüte gesehen, dem ich meine künstlerische bei dieser Gelegenheit etwas nachsichtiger wäre — ich selbst bin
1894 2504 3080 2605 mein Lebtag mein objektivster und strengster Kritiker gewesen
151 2530 474 2614 r treu ergebener
1900 2548 3075 2649 und ich fühle, daß ich die Rolle nicht mehr spielen kann und
725 2559 1906 2660 Ausbildung verdanke, dem ich selbst meine besten Jahre, mein
249 2567 692 2671 Ludwig Barnay.
1912 2593 3090 2682 — — darf. Nichtsdestoweniger danke ich Ihnen, lieber Freund,
722 2606 1900 2700 ganzes Leben geweiht, das ich liebe, wie man nur ein Vaterhaus
1892 2637 3093 2739 für Ihre freundschaftlich kollegiale Erinnerung und schlage
164 2663 448 2749 Barnay.
728 2666 1906 2752 lieben kann, dieses — soweit mit deutscher Zunge geredet
1905 2679 3070 2781 Ihnen gleich den würdigsten Remplaganten vor — Sie selbst.
730 2699 1905 2786 wird — allererste Kunstinstitut von Jahr zu Jahr, von Tag zu
143 2702 700 2809 sien, den 18. Dezember 1895.
1900 2723 3085 2821 Ich bin fest überzeugt, daß diese Besetzung den größten Jubel
733 2743 1902 2832 Tag seinem Niedergange entgegengehen zu sehen, unaufhaltsam,
1902 2773 3100 2870 hervorrufen wird und der künstlerische wie materielle Zweck
724 2793 1899 2871 unwiederbringlich! Eine Stütze, eine mächtige Säule nach der
146 2809 739 2907 in „Apelles“ den ich Ihnen
1913 2838 2580 2926 wird nur dabei gewinnen können.
734 2829 1900 2918 anderen wankt, bricht — zuletzt Charlotte Wolter — und bald
1990 2843 3099 2948 Also seien Sie mir wegen des Refüs nicht böse und seien
158 2875 734 2951 nkonnte, bittet — da er nicht
726 2876 1906 2975 wird nur noch das hohle Gerüst dastehen und der Begriff
167 2912 742 2994 wenigstens um Vergessenheit;
1909 2920 2798 3011 Sie herzlich umarmt von Ihrem treu ergebenen
739 2924 1736 3029 „Burgtheater“ wird eben nur noch — ein Begriff sein.
139 2968 734 3039 hre alt und ich glaube noch ein
2574 2953 3065 3056 A. Sonnenthal
815 2948 1921 3041 Aber darüber wollen wir in einer traulichen Ecke Ihres
132 3015 740 3086 an aber, wie ich erst 62 zählt,
743 3005 1922 3099 Kamins in Ihrem neuen Home ausführlicher sprechen ... An¬
141 3049 732 3121 d das Bild unseres Geburts¬
748 3041 1927 3144 gesichts des weiten Meeres und der falzigen Seeluft, die durch
149 3082 751 3172 akeit mir zukommen lassen will,
166 3089 1953 3222 Erinnerung sein, auch an Sie, das offene Fenster auf mich einströmt, will ich mich nur der?
