3392 4384
165 181 999 290 1. Miscellaneous
1165 181 1628 272 box 41/4
2328 18 2616 79 Vertretungel:
1920 61 2739 123 in Berlin, Basel, Budapest, Chicago, Clevela.
1929 104 2757 165 Genf, Kopenhagen, London, Madrid, Mailand
2760 104 2918 222 gree
1924 142 2758 216 New-Vork, Paris, Rom, San Francisco, Stockho.
2330 182 2620 240 burg, Toronto.
2215 221 2711 295 (Quellenangabe ohne Gewähr.)
1930 291 2320 371 Ausschnitt aus:
2165 332 2983 470 ## Frager Tagblatt
1931 398 2082 448 vom:
2068 411 2199 495 1
2067 517 2459 610 Ein Gespräch
2221 587 2948 681 mit Gerhart Hauptmann.
2449 659 2944 728 Wien, 19. November.
2121 708 2965 779 Die ganze Welt blickt in biesen Tagen auf den
2034 770 2964 820 großen schiesischen Dichter Gerhart Hauptmann
2033 807 2970 861 dessen Werie dreimal mit dem Grillparzerpreis
2025 837 2980 902 und nun an seinem fünfzigsten Geburtstag mit dem.
2017 898 2979 949 Nobelpreis gekrönt wurden. Von überall stürmten“
2023 924 2979 999 Gratulationen auf ihn ein, und in den wenigen
2027 976 2983 1026 Stunden seines Wiener Aufenthaltes löst ein
2022 1024 2997 1073 Freund den anderen ab, dem Poeten aratulierend —
2018 1062 2972 1117 die Hand zu drucken. Gerhart Hauptmann liebt
2012 1100 2982 1160 Wien, die Stadt aus der ihm wie er sagt, immer
2022 1145 2979 1206 ein warmer Hauch von Liebe und Anerkennung
2021 1187 2981 1249 der Menschen und alter Kultur entgegenströmt. Icht
2030 1234 2970 1287 hatte heute die Freude, eine Weile mit dem Dichter,
2022 1282 2976 1340 der mit seiner Gemahlin gekommen ist, sprechen zu
2033 1320 2974 1379 dürsen. Hauptmann erzählte von Wiener Dichtern
2021 1359 2981 1433 und Taienten von seinen nächsten Absichten, von
2027 1407 2982 1462 seinem ietzten eben erschienenen Roman „Atlantis“.
2024 1443 2989 1507 „Ich liebe Schöuherr, ich schätze Sehnitzler, ich
2023 1492 2975 1548 verehre Hoffmannsthal und Wassermann, die großen
2024 1536 2978 1584 Wiener Talente, die für mich nicht nur Wiener,
2033 1583 2977 1638 sondern deutsche Dichter sind, denn ich kann nach
2039 1620 2976 1672 ihrem Geburtsort oder ihrem Wohnsitz keinen Un¬
2024 1647 2986 1722 terschied machen. Wien und Berlin haben ja in
2032 1704 2998 1760 geistiger Hinsicht viele Wechselbeziehungen. Man#
2032 1735 2993 1816 ist immer beilammen und die Grenzpfähle trennen
2036 1792 2977 1854 das Geistesleben nicht. Wien, die Kunststadt, die
2022 1831 2981 1895 Stadi der dramatischen Kunst und Wissenschaften,
2031 1876 2977 1935 die deutsche Stadt, wer möchte sie sich nicht zum
2016 1913 2985 1986 dauernden Wohnsitz erwählen? Ich würde gern in
2031 1962 2988 2015 Wien dauernd sein, ich bin aber mehr auf die stille
2039 2000 2984 2073 Zurückgezogenheit angewiesen. Mein ruhiges Heim
2036 2029 2985 2104 ist Agnetendorf im Riesengebirge. Es hat einen
2028 2093 2983 2143 eigenen Reiz, das Tun und Treiben der Menschen
2025 2135 2985 2190 aus der Vogelperspektive zu beehachten. Man ge¬
2032 2177 2988 2242 winnt in der wohinenden Abgeschiedenheit für alle
2038 2219 2978 2280 Vorgänge viel mehr Interesse, als wenn man selbst
2043 2269 2335 2333 mit ihnen lebt.
2155 2286 2985 2367 Zwei Herbstmonate sind nun bald ständig für
2036 2349 2987 2406 Berlin bestimmt. Dorthin wird auch Rudolf
2036 2400 2983 2446 Rittner aus seiner Zurückgezogenheit wiederkehren.
2039 2430 2989 2495 Im September 1914 hoffen wir in Berlin das
2035 2471 2981 2539 „Theater der Sozietät“ zu eröffnen. Dieses soll die
2039 2519 2981 2581 Tradition von Brahm forisetzen und im übrigen,
2035 2555 2998 2621 durch junge und frische Kräfte gestärkt, sie auch er¬
2048 2619 2988 2660 weitern. Ich werde immer die Monate Oktober und
2035 2646 2995 2709 November mich persönlich an der Führung d##
2037 2692 2992 2742 Theaters, insbesondere bei der Remeurbeit und der
2047 2732 2989 2787 Inszenierung von Werken beteiligen. Ich freue
2044 2770 2996 2831 mich #s# ##b verspreche mir viel ernste künst¬
2050 2821 2991 2876 terische Anregung und Erfolg. AndereSozietäre sind
2036 2866 3005 2918 Else Lelmann, Emannel Reicher, Tilla Durieux,
2048 2902 2989 2952 Paul Wegener und Mar Grunwald. Grunwan.
2044 2952 2989 3008 wird die Führung innehaben er hat den Titel Di¬
2038 2985 2979 3037 rektor abgelehnt und wird sich nur „Vorsitzender“.
2040 3035 2207 3082 nennen.
2155 3071 2990 3119 Dieses Projekt des erweiterten Brahm=Thea¬
2035 3116 3001 3166 ters bringt die Rede auf Ibsen, Kainz, Tolstoi und
2568 3164 2600 3195 H
2046 3158 2990 3208 Rittner. Und Hauptmann spricht: Ibsen ist ein
2035 3206 2986 3256 deutscher Klassiker geworden. Was man im einzel¬
2039 3218 3047 3300 nen auch gegen ihn hat, isi belanglos. Augenblicklich#
2044 3289 2997 3345 besteht in Berlin ein starkes Vorwärtsgehen des
2043 3330 2987 3388 Interesses für Sirindbera, namentlich unter der
2048 3368 2989 3428 Jugend. Ich halie Strindberg für eine elementare,
2044 3421 2995 3469 machtvolle Persönlichkeit, die natürlich ungemein
2040 3463 2983 3514 widerspruchsvoll ist und ungemein zu Wider¬
2049 3498 2990 3552 sprüchen reizt. Ein Mann von der Bedeutung Josef
2043 3547 3000 3603 Kainzens ist nicht so leicht zu ersetzen; aber immer¬
2041 3591 2990 3658 hin besitzt Moissi, der das Erbe von Kainz ange¬
2044 3638 2589 3695 treten hat, ein Stück Poesie.
2157 3657 2994 3724 Sein Organ und die Sprechkunst an
2047 3710 2994 3776 sich die Melodik des Sprechens, stehen vollkommen
2049 3758 2998 3817 auf der Höhe der Kainz'schen Kunst.. Dann
2043 3800 2989 3847 kommt Hauptmann auf Toistoi zu sprechen. Tolstoi
2048 3845 2993 3900 hat auf mich den stärksten Einfluß geübt., Schon
2052 3888 2991 3948 vorher habe ich in meinem dunklen Jugendtrieb
2697 3924 2994 3982 aus denen die
2043 3935 2679 3985 den Weg zu den Quellen gesucht,
2051 3968 2988 4027 großen Dichter geschöpft haben. Man hat nur tradi¬
2039 4016 2978 4067 tionell von den großen Tichtern sich beeinflussen
3031 3276 3078 3325 60
