3392 4384
466 361 515 411 C
124 337 984 450 11. Mistellaneous
1105 335 1591 427 box 41/4
1794 203 2907 283 Wer son Burglneilekeikettor
1857 299 2501 425 welben:
1827 390 2988 473 Unsere Rundfrage, wer Burgtheaterdirektor werden soll, hat
1721 465 2987 521 allgemeiner Interesse hervorgerufen, und aus allen Kreisen, die
1719 497 2992 571 mit dem literarischen und Theaterleben in Fühlung stehen, sind
1723 554 2991 611 uns äußerst bemerkenswerte Aeußerungen zugegangen. Aus der
1712 597 2917 672 Reihe der eingelangten Antworten bringen wir heute folgende:
2147 671 2542 752 Tilla Durienx.
1809 725 2916 792 Mitglied des Berliner Deutschen Theaters.
1835 770 2988 843 Ich halte für den einzigen Dr. Brahm, hoffe aber, daß er
1728 840 2233 897 bei uns in Berlin bleibt.
2183 897 2547 967 Josef Jarno,
1849 944 2886 1018 Direktor des Josefstädter Theaters.
1849 985 3005 1062 Ich habe befürchtet, daß diese kitzlige Frage auch an mich
1728 1058 2994 1113 von allen Seiten gerichtet werden wird. Ehe ich darauf eingehe,
1733 1100 2992 1164 will ich gleich betonen: ich möchte es nicht werden. Dazu liebe
1739 1151 3012 1229 ich zu sehr meinen Schauspielerberuf, als daß ich auf ihn ver¬
1733 1189 3004 1275 zichten wollte. Anderseits aber gestehe ich, daß es das Ideal
1740 1243 2992 1310 eines hochstrebenden Künstlers sein, muß, diesen Posten ein¬
1733 1289 3008 1362 zunehmen. Nun zu der Frage, wer geeignet wäre, Burgtheater¬
1739 1351 3012 1402 direktor zu werden. Solche Persönlichkeiten werden nicht ernannt,
1743 1391 3012 1464 sie werden geboren... Sie setzen sich durch und warten
1741 1441 2999 1503 nicht, bis die hohe Behörde sie beruft. Existiert so eine außer¬
1744 1472 2999 1563 gewöhnliche Erscheinung, so wird sie die Stufen zum Burgtheater¬
1742 1546 3005 1612 thron emporsteigen, und wenn sich ihr noch so viele Unberufene
1739 1595 2264 1680 in den Weg stellen sollten.
2125 1648 2630 1735 Gustav Kadelburg.
1844 1707 3008 1782 Brahm, Fulda, Hauptmann, Schlenther, Schnitzler, Suder¬
1750 1761 3003 1838 nann, Thimig halte ich besonders geeignet für die Stelle des
1752 1825 2152 1902 Burgtheaterdirektors.
2135 1853 2624 1939 Wilhelm Karczag,
1877 1911 2903 1974 Direktor des Theaters an der Wien.
1861 1956 3036 2040 Wer soll Burgtheaterdirektor werden? Mein Gott, das ist
1748 2021 3029 2086 sehr schwer zu beantworten, weil man doch nie vorher wissen kann,
1755 2060 3021 2144 was in einem Menschen steckt. — Seinerzeit hat man einen neuen
1753 2129 3026 2198 Messias, dessen Namen ich aus Diskretion nicht nennen will, als
1747 2168 3024 2223 Befreier eines zusammengestürzten Theaters begrüßt, der dann mit
1764 2209 3023 2276 Schmach beladen seine Stelle verlassen mußte. Dagegen hat man
1749 2277 3031 2331 bei der Hofoper den Griff nach einem Kapellmeister Gustav
1759 2326 2365 2386 Mahler verlacht und verhöhnt.
1867 2342 3024 2428 Man kann den Unscheinbarsten und Unbedeutendsten bringen
1758 2417 3020 2470 und mit ihm einen kolossalen Fung machen, und man kann einen
1759 2450 3031 2552 mit einem bedeutenden Namen nehmen, der sich dann als ein
1767 2520 2106 2593 Nichts entpuppt.
1871 2539 3027 2614 Es ist sehr schwer, den einen Richtigen herauszufinden von
1750 2593 3027 2700 den Hunderten, die sich für die Geeignetsten halten. Es ist nicht
1772 2655 3019 2729 genügend, wenn er klassisch gebildet ist, seine Bildung nicht ver¬
1768 2705 3034 2771 werten und die große, sehr große Münze nicht in Kleingeld um¬
1767 2740 3032 2811 wechseln kann. Unbedingt muß er ein moderner Mensch sein, der
1775 2790 3033 2864 die neue Richtung nicht verschmäht und dabei die Tradition des
1772 2841 3036 2936 Burgtheaters mit ihrer klassischen Aufgabe entsprechend zu ver¬
1767 2884 3023 2971 einigen weiß. Wenn er auch- daneben ein Geschäftsgeist ist, macht
1770 2939 3026 3016 das nichts, denn das künstlerische Empfinden schließt das letztere
1771 2992 3024 3070 nicht aus. Man hat gegen Direktor Hans Gregor Stellung
1771 3035 3037 3124 genommen. Langsam hat man sich mit ihm versöhnt. Heute
1772 3080 3029 3152 empfehle ich für das Burgtheater einen „Gregor II“. Wäre das
1783 3148 3037 3231 nicht vielleicht Herr Direktor Hagemann? Oder Hugo Thimig?
2179 3213 2631 3287 Leopold Kramer.
1882 3266 3045 3349 Ich bin der unmaßgeblichen Ansicht, daß der verhältnis¬
1773 3316 3041 3396 mäßig leichteste Direktorposten der deutschen Bühnen heute der des
1769 3362 3033 3448 Burgtheaterdirektors ist. Bei dem glänzenden Schauspielerpersonal,
1768 3425 3039 3505 das das Burgtheater heute besitzt und jederzeit mühelos ergänzen
1773 3467 3036 3541 kann, bei dem Stückematerial, das das Burgtheater heute im
1780 3513 3040 3591 Repertoire hat und jederzeit mühelos bereichern kann, bei den
1780 3568 3036 3640 opulenten Mitteln, die dieser Bühne in jeder Hinsicht konkurrenz¬
1777 3614 3047 3700 kos zur Verfügung stehen, braucht es nur eines erfahrenen
1773 3659 3041 3759 Bühnenfachmannes von distinguiertem Geschmack, um unsere alt¬
1790 3705 3044 3797 ehrwürdige Hofbühne mit Glück zu leiten. Nomina sunt odiosa.
2223 3784 2587 3864 Rosa Poppe,
1780 3830 3040 3925 [Mitglied des Königlichen Schauspielhausesin
2301 3893 2530 3952 Berlin.
1893 3920 2823 4011 Ich wünschte dem Burgtheater Max Reinhardt.
1975 4001 2844 4080 Schriftsteller Richard Skowronnek.
1884 4059 3056 4140 Das Einfachste und Beste scheint mir zu sein, Paul
1781 4129 2406 4214 Schlenther wieder zurückzurufen.
