3392 4384
1143 284 1599 373 box 41/5
146 285 988 407 1. Miscellaneons
229 674 1244 785 mitt auffünchner Zeitung 9
320 735 597 838 2 M11191:
945 815 1312 877 HARA
536 880 989 972 Fernsehen.
435 962 528 1018 der
325 954 429 1022 In
537 946 1278 1025 Mai=Nummer der „Süddeutschen
219 996 1280 1061 Monatshefte“ veröffentlicht Heinrich Bock,
232 1046 1277 1103 augenscheinlich ein Mediziner, einen längeren Ar¬
229 1082 1270 1151 tikel über „Fernsehen und Voraussehen“
226 1127 1278 1193 der ausschließlich auf eigenen Beobachtungen und
235 1172 1270 1227 Erfahrungen beruht. „Sollen solche Erscheinungen,“
239 1213 1286 1263 meint Bock mit Recht, „wissenschaftlich verwertbar
233 1252 1274 1307 sein, so brauchen wir vor allem eine genaue und
242 1271 1285 1346 absolut nüchterne Wiedergabe einschlägiger Fälle.
236 1336 1288 1382 Theoretische Spekulationen und phuntasievolle Aus¬
236 1375 1276 1422 schmückungen müssen dabei ganz beiseite bleiben.
237 1422 1287 1481 Wir müssen nur erfahren und womöglich nachprüfen
229 1452 1286 1521 können, was von dem „Seher“ erlebt wurde und ol)
243 1501 1291 1560 darauf Bezügliches gleichzeitig an anderem Orte oder
244 1545 1285 1599 in späterer Zeit geschah. Nach meiner Ueberzeugung
246 1583 1284 1639 ist die Zahl der Menschen, die gelegentlich solch:
240 1628 1282 1690 Fernblicke tun, durchaus nicht gering. Allein ich wein
239 1671 1287 1719 aus eigener Erfahrung nur zu gut, wie leicht man
239 1705 1290 1763 an diesen Dingen achtlos vorbeigeht. Man muß durch
235 1755 1295 1823 Hinweis oder Erlebnis erst einmal auf sie auf erk¬
250 1782 1290 1849 sam geworden sein, dann wird man sie in der Folge
262 1840 1170 1897 vielleicht gar nicht so selten feststellen können.“
308 1882 1294 1946 Ausdrücklich betont Bock, daß es sich bei seinem
227 1943 1293 1993 Voraussehen niemals um Vorstellungen gehandelt
226 1980 1297 2036 habe, die ihm aus der Situation heraus nahegelegen
229 2017 1300 2077 hätten. „Entweder zeigten sich mir unversehens
244 2059 1288 2109 Bilder von zum Teil noch dunkler Bedeutung, oder
235 2102 1302 2156 sich mußte plötzlich zu mir selbst sprechen, so jedoch,
227 2145 1300 2196 daß ich das Gesprochene zu vernehmen schien. Oft
227 2186 1286 2244 lhabe ich, wenn ich auf solche Weise etwas zu mir
228 2224 1296 2294 ssagte, was ganz außerhalb meines momentanen
244 2268 1292 2318 Gedankenganges lag, darüber gelacht und mich über
241 2308 1294 2372 den Widerspruch mit den Tatsachen gewundert, und
248 2355 978 2432 nach Jahren ist es doch eingetroffen.“
313 2416 1296 2474 Aus der Zahl der von Bock berichteten Fälle sei
258 2450 1309 2528 Er verblüfsendste, der übrigens an eine vielgelesene
271 2497 1302 2559 und vielgepriesene Novelle Schnitzlers anklingt,
282 2549 1295 2598 der wiedergegeben: „Eines Tuns källt ein Herr zu
283 2596 1304 2653 #ir, den ich nie zuvor gesehen hatte. Bevor ich mit
291 2647 1300 2695 in sprach, soh ich, daß er in einem braunen Sarg lag
243 2670 1303 2741 [und ich ihm eine rote Nelke übergab. Das Bild war
243 2707 1299 2766 lobsolut deutlich, aber so rasch verschwunden, daß ich
247 2758 1309 2822 sehm keine weitere Beachtung schenkte. Ich nahm die
239 2792 1302 2859 Anamnese auf, untersuchte den Patienten und sand,
253 2840 1299 2897 daß er wohl leidend, aber keineswegs schwer krank
245 2881 1311 2962 war. Die Behandlung erfolgte ambulant und bald
250 2927 1300 2988 war der Patieut genesen. Lange Zeit danach — ich
243 2969 1310 3036 hatte das Gesicht beinahe vergessen — wurde ich wieder
253 3011 1303 3090 zu ihm gerufen. Er war akut erkrankt, die Krankheit
245 3057 1308 3107 nahm ihren normalen Verlauf und er schien allmäh¬
247 3086 1318 3155 lich vollkommen zu genesen. Ich stellte die Besuche
243 3140 1304 3211 ein und bat ihn, sich gelegentlich in der Sprechstunde
250 3175 1308 3252 sehen zu lassen. Beim Weggehen ersuchte er mich
248 3246 1307 3304 aber, in den nächsten vierzehn Tagen hie und da nach
248 3270 1309 3331 ihm zu sehen, wenn ich gerade vorbeikäme, da er
246 3297 1304 3368 doch vormittags immer zu Hause sei. Etwa acht bis
246 3341 1325 3425 zehn Tage danach fiel mir auf einmal die Sache mit
253 3406 1312 3457 der Nelke ein und ich sagte zu mir, jetzt soll der Herr“
252 3426 1304 3512 seine Nelke lebend bekommen und war förmlich froh
248 3474 1306 3549 darüber. Ich kaufte eine rote Nelke, ging ganz sidel
254 3524 1311 3580 zu dem Patienten, läutete, trat diskret ins Wohn¬
250 3565 1318 3633 zimmer und wollte die Nelke überbringen. Aber wie
255 3599 1312 3667 erschrak ich, als ich ihn i jenem brannen Sarge sand,
260 3659 1310 3728 worin ich ihn gesehen hatte! In der vorhergehenden
263 3709 1318 3759 Nacht hatte ein Schlagonfall seinem Leben plötzlich
263 3742 1330 3796 ein Ende gemacht. Ich war so verblüsst, daß ich.
243 3831 1317 3904 oyne es zu wollen, dem Toren die Nelke in die Handst
248 3905 408 3967 steckte.“
327 3904 1316 4006 Man muß es zugeben: Die Erzählung ist in der
223 3983 1193 4051 KTat verblüssend und regt zum Nachdenken an.
1913 202 2286 265 ———
1880 1951 3049 2082 Ausschnitt ausgoner Allgemeine Zeitung, Wien
1896 2075 2058 2122 vom:
2263 2051 2403 2122 f1.19
1901 2265 2924 2345 (Schnitzler in der k. u. k. Familien=Fideikommiß¬
1783 2311 2911 2382 Bibliothek.] Der Kaiser hat die Werke „Die Hirtenfläter
1794 2364 2908 2425 von Artur Schnitzler, „Ein Bilderbuch aus dem ltetz
1799 2398 2892 2458 Wien“ von A. F. Seligmann, „Fahrten in den Reichs
1799 2442 2892 2502 landen“ von Hauptmann Robert Michel und „Oesterreichisch
1791 2488 2879 2551 Zeiten und Charaktere“, herausgegeben von Max Mel
1792 2532 2941 2615 sämtlich aus dem Deutsch=österreichischen Verlag, für die k. u. k
1791 2577 2607 2651 Familien=Fideikommiß=Bibliothek angenommen.
