3392 4384
1123 306 1604 398 box 41/4
132 314 987 407 1. Miscellaneous
946 1062 1526 1138 Shleugo, Cleveland, Christiania,
622 1127 1524 1194 Schlagen, London, Madrid, Mailand, Minneapolis,
438 1154 1518 1237 New-Vork, Paris, Rom, San Francisco, Stockholm, St. Peters¬
832 1208 1121 1264 burg, Toronto.
737 1247 1226 1312 (Quellenangabe ohne Gewähr.)
429 1324 855 1402 Ausschnitt aus:
440 1368 1468 1465 vom: 12 10.11##fürTer AelGE
1373 1530 1488 1612 W
647 1651 926 1750 Wiener
945 1650 1330 1756 Première.
458 1772 1483 1820 „Sommer“, Kömödic von Thaddäus Rittner. —
624 1797 1335 1873 Uraufführung Zim Burgtheater.
667 1847 1502 1943 n--40gWien, 11. Oktober.
486 1931 1556 1986 In einem Nervensanatorium spielt die Komödie „Som¬
419 1968 1544 2017 mer“ von Thaddäus Ritiner. Das zog dem Antor den
423 2010 1555 2058 Vorwurf zu, daß er sich die Motivierung der Vorgänge leicht
423 2054 1560 2101 gemacht habe, denn bei Nervenkranken seien selbst unmotivierte
419 2091 1551 2131 Handlungen noch immer mit der Unzurechnungsfähigkeit der
417 2130 1558 2179 Patienten zu erklären. Man muß zugestehen, daß Rittner
421 2166 1549 2209 von dieser Erleichterung wenig Gebrauch gemacht hat. Seine
420 2204 1558 2237 Personen reagieren nur ein bißchen stärker und hemmungs¬
424 2240 1552 2290 loser auf die äußeren Reize, im übrigen aber offenbart die
432 2285 1548 2328 Hysterie dieser Menschen nur das, was sie wirklich sind,
427 2321 1552 2362 was in ihrem Innern vorgeht und was andere Leute schick¬
427 2359 1553 2408 lich verschweigen. Das ist eigentlich ein allgemeines Dichter¬
430 2388 1556 2450 recht. Vielleicht muß man noch genauer sagen: das Stück
425 2433 1565 2486 spielt in einem Sanatorium an einem Karntner See,
428 2474 1562 2520 also vor den Toren von Wien. Damit kommt man der
416 2521 1560 2563 Definierung der Figuren näher. Wien ist nicht eine beliebige
423 2553 1559 2590 Großstadt, Wien ist nicht identisch mit Berlin oder den inter¬
416 2593 1566 2641 nationalen Quartieren von London und Paris. In diesem
420 2637 1564 2680 Schmelztiegel aller interessanten Völkerschaften der öster¬
421 2663 1565 2716 reichisch=ungarischen Monarchie war immer das Leben ein
430 2707 1561 2757 wenig leichter und das Punctum saliens ein wenig wichtiger
435 2744 1568 2792 als in anderen lebhafteren und arbeitsameren Städten. Der
425 2781 1570 2823 Franzose behandelt Liebesangelegenbeiten entweder tragisch¬
429 2825 1564 2885 pathetisch oder lustig=frech. Nur in Oesterreich oder vielmehr
430 2864 1558 2906 in Wien hat man eine melancholische Zartheit für sie, eine ver¬
423 2900 1563 2945 ständnisvoll lächelnde Ironie, und nur aus dieser Stimmung
433 2939 1567 2990 heraus konnte ein so lächelnd=ironisches Spiel wie das von
425 2992 1575 3034 Rittner geschrieben werden. Hier gibt es auch zart besaitete
430 3014 1566 3071 Seelen, die sich vor dem Leben fürchten, weil es nicht ästhe¬
432 3062 1576 3107 tisch genug ist und weil sie die Pflicht, in das Getriebe sich
430 3092 1573 3142 einzugliedern, nicht ertragen. Sie spielen dann mit dem Ge¬
432 3146 1567 3180 danken des Todes, der sie von der Qual des prosaischen Da¬
424 3169 1567 3213 seins erlösen soll. Todesverheißung ist für sie Rettung vom
436 3207 1567 3262 Leben und die Möglichkeit der Erfüllung aller ihrer kleinen
433 3242 1574 3297 Wünsche, die der Starke entweder nicht hat oder deren
428 3294 1578 3334 Erfüllung er sich erzwingt. Namentlich alle Fesseln
432 3334 1575 3373 der Erotik oder deutlicher gesagt der sexualen Triebe
438 3359 1568 3414 fallen angesichts des Todes von ihnen ab, und die
437 3400 1567 3455 sonst von der Konvention Bedrängten wagen, sich in
437 3430 1585 3496 ganz bestimmtem Sinne auszuleben. Bei Arthur Schnitzler,
433 3473 1584 3529 derden Akkord von Tod und Liebe zuerst für die Literatur ent¬
431 3513 1583 3566 deckt hat, klingt er tief=tragisch, in Moll. Rittner, der nicht
434 3560 1583 3605 nuß in der Technik bei Schnitzler in die Schule gegangen ist,
427 3602 1574 3650 wendet das Thema ins Komische. Sein Held kann sich nichts
441 3631 1575 3676 er#bern, ihm muß alles geschenkt werden. Kaum hinter dem
423 3667 1623 3736 Rockzipfel seiner Mutter hervorgekommen, fürchtet er sich vor I#
2010 223 2213 289 ——
1666 1535 1889 1605 E
1584 1607 2697 1647 dem Leben, als vor der harten Schule. Wie aber der Arzt
1594 1632 2703 1691 ehm suggeriert, daß er nur noch einen Sommer zu leben habe,
1581 1680 2691 1722 wächst auf einmal der Lebensmut in ihm und er reißt an sich,
1586 1721 2705 1763 was er zuvor kaum zu berühren gewagt hatte. Da ist esnun
1586 1756 2703 1798 ein feiner Zug des Dichters, daß diese erlösende Todesweihe
1593 1787 2700 1835 ihm nicht aus Güte gespendet wird, sondern aus Bosheit von
1579 1820 2704 1871 einem Manne, der damit einen gefährlichen Nebenbuhler un¬
1587 1861 2703 1909 schädlich machen wollte. Nur ist es schade, daß weder dieser
1590 1901 2705 1949 schwachnervige Jüngling, noch die von ihm angebetete Galtin
1587 1940 2700 1984 des Medizinalrates unser Interesse gewinnen können. Bern¬
1583 1979 2705 2027 hard Shaw hat in seiner „Candida“ eine Frau zwischen zwei
1577 2029 2714 2070 solche. Männer gestellt, zwischen ##en lebensvollen Tribunen
1583 2053 2711 2097 und einen feingliedrigen aristokratischen Dichter, und er hat
1579 2088 2710 2134 es dazu gebracht, uns für alle Drei zittern zu lassen. Mit
1582 2138 2708 2183 solch schwerem Gewicht kann Rittner seine Komödic nicht be¬
1589 2161 2705 2219 lasten. Er will für keine seiner Figuren Sympathien werben,
1591 2199 2713 2253 er zeigt sie allesamt komisch, aber doch wird man bei einer
1576 2238 2701 2308 so milden Ironie schließlich ungeduldig werden. Wir haben
1588 2277 2711 2335 wohl Wichtigeres zu tun, als uns mit den kleinen Sehnsüch¬
1590 2326 2706 2371 teleien und Erfüllungen dieser trivialen Gesellschaft zu be¬
1591 2364 2707 2412 fassen und drei Stunden lang die Frage zu erwägen, mit wem
1590 2395 2711 2452 schließlich diese oder jene gleichgültige Person ihr Nachtlager
1581 2427 2715 2483 teilt. Da ist uns der freche gallische Witz lieber. Aber wir
1585 2468 2715 2522 bewundern doch die Kunst des Dialogs und die saubere, auch
1580 2511 2708 2566 in den Farben richtige Zeichnung des Wiener Autors und ver,
1581 2553 2706 2603 zeihen ihm, daß er ein schwaches Aquarellbild statt eines prächt
1592 2583 2696 2639 tigen Oelgemäldes gegeben, daß es ihm überhaupt an dramt¬
1594 2619 2708 2680 tischer Kraft gebricht. Die Wiener Luft scheint ja mit anderen
1589 2669 2714 2720 männlichen Eigenschaften auch die dramatische Kraft in weishe
1589 2713 1960 2768 Szenen aufzulösen.
1644 2717 2705 2798 Das Burgtheater hat dieses Stück glänzend aushe¬
1596 2786 2715 2842 stattet und ausgezeichnet besetzt. Frl. Marberg gab vor¬
1589 2824 2719 2871 trefflich die hysterische Frau des Medizinalrats, die erst dirch
1591 2861 2716 2907 ihr Erlebnis mit dem schüchternen Jungling erotisch genteckt
1592 2889 2723 2949 wird; diesen Jüngling gab Herr Treßler fein nüanciert,
1601 2929 2726 2994 Herr Korff mit breiter Plastik den Kommis,Damen=Er¬
1596 2972 2725 3027 oberer und Ruderchampion; Frau Kallina gab eine lielts¬
1599 3017 2719 3065 tolle Italienerin, Frau Orlow das bleichsüchtige Mädchen
1597 3044 2719 3106 mit dem unentschiedenen Gefühl, Frl. Wilke die heißblünge
1583 3087 2718 3160 Operettensängerin, Herr Heine den Medizinalrat der unter
1602 3118 2721 3182 all den Hysterischen selbst halb hysterisch geworden ist, diskpet
1597 3172 1871 3226 und vornehm.
2087 3176 2272 3244 Re
