3392 4384
1052 163 1625 269 box 41/5
164 154 1016 286 1. Miscellaneons
266 357 1590 427 TAMES, SUNDAT, APRIL 13, 1913.
135 428 228 486 —
2417 468 3064 641 VIENNA
725 478 2301 650 —NOT PARIS, BUT
134 494 755 672 EUROPE
185 650 292 699 SE
149 625 2332 729 e   ee    uuraie Ses u
2443 715 3180 782 time the Vienna forest (Wiener Wald)
1702 716 2443 800 kard, Schiller, Mozart, Strauss, and
967 716 1708 801 eral style—best deserlbed as“ fesch“
224 732 972 826 money as they indubitably do, I can¬
2442 774 3183 827 extended; it is inclosed in a niche to
1711 784 2445 831 Lanner are represented, and with
995 768 1718 846 —is to be found no place hut Vienna.
228 787 979 847 not pretendsto know. They cat and
2442 808 3182 875 which, so legend hath it, all Journey¬
1708 820 2442 877 them an army of royal mediocrities
977 830 1721 882 The inen dress like Londoners, are
239 836 980 908 drink the best, and as a native said
2438 855 3182 915 inen locksmiths paid a visit before
1708 853 2449 923 and municial celebrities. Think of
968 866 1712 925 more particular than the Germans In
228 882 972 943 to me, if they were without a roof
2442 889 3186 966 their Wanderjahre and drove a nall
1706 890 2454 966 the Central Cemetery, where is the
978 909 1712 969 the cut of their clothes, the color of
240 919 974 978 they would still go to the restaurants.
2446 951 3068 1000 into the tree to spite the devil.
1705 932 2449 1007 empty grave of Mozart; where are
975 949 1719 1021 their ties, the set of their silk hats.
245 953 976 1024 Well fed, with good, flavored food,
2479 959 3181 1039 On our way we pass the Mozarthof,
1713 999 2447 1045 the remains of Beethoven, Gluck,
974 989 1715 1052 A prosperous, prodigal, vivacious
238 994 972 1059 therefore eupeptie, not dyspeptic, the
2452 1009 3182 1089 a building erected in 1848 on the site
1720 1021 2454 1092 Franz Schubert, Johann Straurs, near
976 1028 1717 1089 population, hard as nalls if driving a
249 1048 979 1105 Viennese are seemingly contented;
2446 1063 3194 1122 of the house where Mozart died. The
1716 1076 2450 1130 his friend Brahms, and where lie such
972 1083 1710 1131 bargain, as hospitable as can be when
451 1095 989 1157 so, and they are always
239 1090 464 1150 they Joel:
2442 1098 3186 1175 glorious cathedral, celebrated in piet¬
1711 1120 2449 1172 men as Von Suppé, Milloecker, Bruck¬
981 1113 1722 1172 business Is over, and the hour of
245 1130 458 1193 cheerful.
2451 1147 3192 1216 ure and prose, need not be here de¬
1706 1151 2444 1224 ner, Herbeck, Hugo Wolf, Makard.
973 1163 1714 1219 recreation is at hand: “ Theurs ex¬
270 1150 993 1238 Their tobacco is better than the
2448 1187 3189 1248 seribed. Nor the' Graben. In the
1709 1192 2443 1264 Clement, and the pedagogue Czerny!
978 1209 1715 1266 quise,“ not of absinthe, but of coffee.
241 1196 989 1272 tobacco of France or Germany—it is
2447 1224 3192 1296 Hof are the War Office, the Credit
1707 1238 2452 1315 Vienna honors her illustrious dend in
975 1248 1708 1320 And then there is Vienna, the mag¬
248 1246 985 1318 both oddrous and cheap. Coffee is
2442 1273 3183 1328 Institute for Trade and Commerce,
1715 1285 2456 1354 anappropriate manner. There is a
981 1295 1173 1358 nificent.
242 1298 983 1355 the magnet late in the afternoon, and
2444 1317 3189 1379 the Radetzky monument—do you re¬
1710 1326 2444 1388 Lisztgasse, named after the Hun¬
1284 1320 1406 1395 III.
236 1342 981 1391 it is difficult to get a seat after 5
2448 1354 3196 1423 member in your childish years the
1712 1369 2443 1439 garian composer, and it may be re¬
1010 1362 1719 1435 Vienna the Magnificent! I fear
247 1381 981 1437 o’clock in any ofthe numerous places.
2451 1391 3199 1467 stirring little Radetzsky march, by
1726 1407 2457 1472 membered that it was in Vienna that
984 1423 1714 1474 the approach of the dithyramble.
242 1423 982 1487 Tremember one café, on the Kährtner¬
2450 1437 3188 1501 the elder Strauss? It still tinkles in
1710 1449 2465 1523 the youthful Chopin won his first
984 1464 1721 1520 Vienna is truly the city of magnif¬
245 1462 979 1528 strasse, which is appropriately called
2447 1474 3191 1548 my ears to the tonality of D major.
1713 1493 2457 1556 triumphs outside of provincial War¬
988 1498 1721 1564 icent distances; not even Washington
251 1500 988 1572 the" Guckfenster,“ from the win¬
2454 1517 3195 1590 We see the palace of Count Har¬
1717 1533 2448 1598 saw. There is a Beethovengang un
979 1544 1716 1609 deserves the title as much. Every
246 1540 990 1623 dows of which you mag stare at the
2450 1554 3195 1633 rach, the Scots Church, the fountain:
1718 1574 2452 1633 on the Kahlenberg, outside of the
981 1589 1715 1644 vista has its pieture, either a church,
239 1589 990 1645 passing show. Every afternoon I
2448 1602 3207 1667 then, through the Herrengasse, with####
1723 1613 2457 1685 city, a shady walk as you ascend by
970 1633 1717 1692 a monument, a palace, or a park. Von
254 1625 988 1688 went there early so as to secure my
2451 1647 3195 1718 its many public bulldings, we achieve
1721 1665 2452 1733 the Schreiberbach, in which Bee¬
988 1663 1729 1729 range and range and seemingly never
247 1676 987 1744 favorite seat, and there I sipped and
2453 1676 3195 1746 the imperial palace, the Hofburg—
1718 1700 2459 1765 thoven often strolled, hatless, singing
984 1712 1731 1772 exhaust the possibillties of the city.
248 1716 985 1786 stared and stared and sipped, and in
2453 1725 3205 1796 two monumental fountains, past the#
987 1744 2458 1808 If von pick out the green shade of to himself the motives he was weav¬
244 1775 995 1825 the delce far hinte Iarveled over
245 1803 3075 1869 the futility of life, especially the fu- the Prater on a sunny day you pres- ing in his skull. The Viennese of his gateway to the Franzensplatz.
2603 1850 2692 1945 225
215 1890 635 1979 Anrenenereren ehen
1521 1898 1682 1989 S
1227 1940 1287 2006 62
1643 3147 2356 3245 The Quarter of the Town HIali. 4
2497 3211 3214 3301 Another big monument. A milltary
990 3231 2472 3321 ently find yourself in the thick of life days pronounced him half mad. Per¬
2468 3275 3206 3344 band is playing. A fine rain is fall¬
1735 3295 2475 3351 haps he was, but he was also Bee¬
1001 3315 1742 3364 atthe Würst! Prater, or Venedig in
2467 3313 3218 3392 Ing, hut the place is black with peo¬
1737 3330 2471 3393 thoven. From the famons Karl Gold¬
1003 3350 1737 3406 Wien, a glorified Coney Island, At¬
2470 3361 3211 3431 ple. We sce the Rathhaus, the mu¬
1728 3388 2469 3448 mark, the most venerable of Austrian
997 3391 1737 3455 lantie City, Crystal Palace, and Vin¬
2470 3390 3214 3464 scums, the House of Parliament; we
1737 3417 2468 3490 composers, to the precocious com¬
994 3425 1745 3498 cennes gingerbread fair, without
2478 3435 3201 3499 go to the Maximilianplatz and ad¬
1738 3452 2476 3530 poser, Erich Korngold, the chain of
999 3474 1737 3526 either ocean or boardwalk. But gay¬
2465 3464 3207 3530 mire the Votive Church; look at the
1738 3503 2472 3568 active musical effort is unbroken.
2477 3500 3215 3563 monument and the Stock Exchange
999 3515 1740 3569 ety prevails, If you are in the mood
2470 3532 3219 3596 and the universitg; then we stand
1738 3547 2476 3601 Vienna is very musical, although I
997 3553 1755 3622 historical you have a field to work
2481 3566 3209 3624 amazed before the majestie propor¬
1738 3595 2472 3642 cure less for its opera house than I did
1009 3605 1743 3651 that is practically inexhaustible.
2477 3595 3218 3656 tions of the Hofburg Theater, whose
1736 3628 2464 3704 in the days when Mahler and Wein¬
2476 3627 3214 3690 entrance and stairwag are the finest
995 3634 1747 3710 Aesthetie cravings are satisfied by
2478 3666 3219 3726 in Europe; admire the spacious
633 3652 711 3739 200
1734 3683 2108 3738 gärtner reigned.
1005 3689 1746 3752 the superb architecture, the ceaseless
2478 3696 3215 3765 Volksgarten, note the monument to
1770 3687 2479 3779 Instee of beginning a chant royal
997 3723 1742 3789 musie-ma#g, the round of theatri¬
2473 3732 3218 3783 the Empress Elizabeth, past the
1740 3756 2481 3810 of admiration for the Cathedral,
564 3760 625 3801 8118
1007 3761 1737 3830 cal novelties—not to mention the
2473 3764 3218 3823 Volkstheater to the Burgring, With
1731 3795 2476 3855 which Is the“ star“ of the sacerdotal
2481 3800 3215 3854 the pair of Imperial museums. the.
998 3799 1749 3866 #artistie acting-and the rogal mu¬
368 3784 532 3862 W
347 3834 506 3881 W
2483 3830 3221 3888 Maria Theresa memorial, as far as
2067 3838 2474 3898 Fienna, 1 prefer 1o
1739 3838 2088 3900 architectung in
1014 3841 1744 3918 goum, which houses so mang 61a
604 3837 706 3898 3533
2472 3858 3213 3920 the Opernring, on the right the
449 3860 706 3944 Gen S
1751 3876 2471 3928 speak of the Karlskirche on the
1009 3891 1219 3958 masters.
2475 3891 3220 3952 Schillerplatz, (Academy or Fine Arts,
467 3892 616 3972 S
1744 3914 2472 3972 Karlsplatz, possibiy because its pom¬
2476 3929 3220 3997 full of canvases;) opposite the Goethe
485 3935 550 3980 5
1066 3931 1684 4010 Viennese Art and Literature.
2484 3962 3222 4018 statue, a stout, matüre gentleman in
1741 3966 2471 4016 pous splendor and commanding posi¬
442 3970 543 4017 1
411 3970 485 4031 4
453 3982 571 4035 WRR
2474 3991 3215 4051 a badly fitting frock coat, and the
321 3870 461 4076 *
1744 3999 2471 4057 tion impresses one more than the Ca¬
1036 3984 1752 4066 Of modern Viengese painting lcan't
338 3996 587 4081 e
2494 4012 3218 4062 Aaren. Knen u. verv irar-ire Sstruct¬
2253 4034 2453 4077 d bv aur-
2146 4043 2225 4089 15#7
374 4042 700 4089 he
1215 4055 1292 4090 uch:
327 4048 418 4102 8
1155 4057 1230 4106 K
