3392 4384
98 34 822 104 eufflcient for the day is the Baedeker
110 81 845 128 thereof. Open that invalnable volume
100 117 845 179 penned by a man and brother, and
100 154 846 225 you will find sound advice as to see¬
101 192 844 269 ing Vienna and its environs in three
105 242 835 298 days, more or less. Now I suhmit
114 289 849 338 that is not the wayto doit: ten ybars
104 322 842 388 in the Austrian capital wouldn't lex¬
108 355 843 419 haust its charms. get as most travel¬
110 394 842 467 ers allow themselves abont à weck or
106 444 844 511 ten days, it is best to follow thelad¬
115 487 853 556 vice of good old Br’er Baedeker. And
116 530 849 598 here I leave him, for I am essentially
103 576 842 641 a rambler, a prowler, lazy, leisurely
104 614 859 689 curious, and seldom sorry when
114 655 852 714 it’s dinner time. (Mrs. Ralph Waldo
117 702 841 757 Emerson once quietly remarked that
108 744 852 807 Thoreau never went beyond the sound
117 779 852 846 of the dinner horn, and who am I to
119 818 822 884 be ashamed of a similar weakness?)
138 843 850 927 Of course, the proper manner of
115 904 839 968 writing on such a resounding theme
114 951 844 1024 as Vienna would be to begin, as do
111 991 843 1061 all the guides and guide books, with
110 1037 838 1113 St. Stephen’s Cathedral (old“ Stef¬
120 1073 845 1139 fel,“ as it is called by the natives)
119 1116 852 1178 for the central point of departure,
121 1164 838 1221 trailing around the churches, traips¬
116 1205 858 1268 ing through the art galleries and
116 1245 681 1322 finally going to the Prater.
156 1281 853 1345 Tou recall the popular lecturer, the
113 1327 854 1397 spotlight, the“ ladies and gentlemen,
120 1370 847 1441 this evening we propose to visit the
113 1410 846 1476 city on the blue Danube. Tothe right
117 1456 852 1506 you may notice the spire of the
126 1497 854 1556 wondrously beautiful cathedral crect¬
125 1529 849 1613 ed in the year'’—click, and the sereen
119 1584 852 1640 shows you the church! The stomach
116 1626 859 1684 of Vienna first interested me, not its
122 1667 849 1734 soul, and after a ride around the city
118 1706 854 1767 in the“ saloon carrlage“ of the Mu¬
127 1746 857 1823 niclpal Street Railway line I started
122 1782 860 1861 out to investigate the places wherein
127 1826 857 1899 Vienna eats and drinks. Please par¬
126 1887 856 1946 don this unconventional method.
127 1922 857 1993 Doesn“t a traveler when arrlving in a
137 1959 864 2032 city eat and drink before he goes
135 2001 396 2082 sightseeing?
143 2076 871 2161 Let me hasten to tell you that I
119 2149 866 2210 have been in Vienna both Winter and
134 2180 869 2253 Summer. The latter season is in¬
127 2232 867 2295 comparably the better time to enjoy
131 2272 861 2327 Sthe town, but if you haven't been
134 2310 864 2383 there in Winter you only know Vi¬
140 2364 444 2431 enna one-half.
283 2400 710 2489 Austrian Cooking.
152 2464 864 2539 June is lovely, December more
133 2522 872 2580 brilliant, more stimulating, I con¬
140 2560 862 2626 fess at the outset I like the Austrian
149 2611 866 2672 kitchen better than the German.
143 2637 870 2716 Hungary lends her paprika, der pa¬
146 2688 873 2751 prika chicken, her gulyas, her Ester¬
145 2728 874 2788 hazy roast, and Vienna has her
149 2759 873 2835 bread, her raal schnitzel, various
144 2813 864 2869 stews, risi-bisi (rice and peas:, suck¬
138 2846 879 2925 ling pig, splendid fish, sausages, rich
141 2904 865 2967 soups—minsstra, an Italian variety—
140 2935 870 3005 and dumplings in a dozen shapes.
140 2977 881 3042 Andapfelstrudel! And Kaiserschmarn!
144 3022 877 3096 A half hundred deliclous desserts, with
151 3065 883 3128 the aroma of coffee as an aurcole at
143 3102 882 3182 the close of the meal, (or at 5 in the
143 3145 884 3220 afternoon.) Nevertheless, there is
141 3195 884 3243 seldom repletion; you are satisfied
147 3224 886 3286 with the flavoring and do not, as in
149 3270 874 3345 Germany, eat, eat, eat, as if in search
157 3318 782 3377 of something von seldom find.
166 3356 885 3431 If I whispered that the difference:
156 3401 878 3460 between German and Austrian cook¬
160 3438 885 3502 ery depended upon butter and the
144 3483 890 3544 Judicious use of the humble onion
147 3527 894 3600 you would, perhaps, smile. Yet is it
155 3561 880 3631 80. The onion and its more athletle
164 3613 886 3668 relative, garlic, is the foundational
164 3649 891 3714 base of not only Austrian, bit# the
154 3693 892 3760 best cuisines in the world, I see you
162 3748 889 3795 hold up hands of horror, nevertheless
158 3778 894 3837 anuand of garlie lends mang a meal
168 3809 892 3877 its flavor. (I snid a nuance!) 11 is
173 3862 887 3919 the obromatie scale in the harmonies
168 3901 885 3972 of taste. Viennese cooks know this,
172 3944 899 4006 and without your leave employ that
174 3976 909 4066 w-called offensive vegetable, the
2611 -5 2711 63 1
1772 6 1847 66 mien
2465 11 2527 58 74
2399 23 2581 98 ETRRA
2274 112 2548 201 78 Senscee
2453 181 2528 220 □ 2
2221 108 2285 224 M
2279 155 2343 264 05
2547 194 2669 289 0
2564 371 2753 447 W
2548 425 2666 480 Sn
2654 447 2712 492 2
2657 588 2721 658 705
1220 690 1290 775 Mnaan.
979 696 1041 785 65
1610 760 2213 853 The Church of St. Stephen.
2329 830 3061 917 tility of American life, its hurry,
1592 835 2316 917 allude to the numerous beer restaur¬
851 842 1587 938 onion, so skillfully that you ent and
2330 889 3068 950 bustle, money-making. In six months
1591 910 2331 958 ants, where all the world, his wife,
846 912 1038 974 admire.
2335 941 3062 989 1 told myself I weuld be transformed
1594 946 2329 1002 mother-in-law, and the children, eat
874 935 1591 1016 Naturally no one will admit this,
2334 979 3061 1030 into a Joyous looker-on in Vienna,
1594 980 2332 1042 daily and sip the almost non-alcohollo
3056 970 3113 1049 4
852 989 1574 1052 tourists are so scared of the health¬
2338 1015 3068 1089 qulte oblivioussto the ambitions of the
1596 1036 2334 1083 dark and light brews. I speak of cer¬
3235 1036 3295 1100 1
3060 1030 3112 1086 4
853 1030 1594 1094 giving product. But my mouth still
2344 1064 2681 1122 Western world.
1602 1075 2328 1132 tain semi-sacred houses where tho
3073 1071 3124 1128 b
846 1076 1584 1135 waters over my memorles. The noble
2374 1077 3069 1159 Oh, how mistaken I was! No one
1601 1104 2333 1171 ritual of beer drinking is observed,
3205 1110 3293 1170 y ne
852 1119 1596 1195 art of glutting is cultivated in all
2344 1140 3071 1209 works harder than the Vienna busi¬
1605 1155 2328 1212 where at preseribed hours fanaties
3080 1148 3296 1212 the comp
845 1171 1051 1230 Austria.
2334 1176 3072 1246 ness man and woman; their hours
1597 1196 2329 1248 meet and solemnly absorb the amber
3085 1200 3286 1255 are intere
954 1201 1486 1293 Some Fine Restaurants.
2350 1227 3069 1282 are at least a third longer than the#
1592 1222 2335 1292 brew. Woe to the waiter if the foam
3078 1237 3292 1295 a gallery
2336 1260 3066 1333 hours of an American, yet they con¬
1600 1276 2338 1345 is not of the crehmiest! Woe to the
3082 1282 3287 1336 derivative
882 1270 1574 1351 I strolled from Sacher’s on the Au¬
2343 1310 3064 1362 trive to so space them that they ap¬
1597 1322 2338 1391 host if any marked varlation of tem¬
3082 1322 3294 1381 Arthur S
852 1342 1588 1403 gustinerstrasse, where the menu is
2348 1340 3070 1413 pear to have limitless leisure. How
3091 1360 3275 1420 thus fär
1592 1362 1954 1426 perature is felt!
860 1379 1593 1439 first class, high in price, the wines
2347 1386 3072 1456 do they do it? The climate is soft,
1636 1377 2334 1466 In a little old house, which might
3083 1403 3292 1456 preted in
854 1416 1586 1480 impeccable, over to Hartmann's on
2346 1430 3079 1490 which allows of open-air life; the wo¬
1603 1445 2343 1497 be called“ quaint,“ on a little street
3088 1450 3293 1505 Richard
863 1458 1598 1525 the Ring. It is across the street from
2347 1464 3072 1529 inen work more than the men; the
1600 1487 2332 1554 near a Greek church, is the“ Reichen¬
3085 1490 3296 1546 the drama
850 1505 1586 1566 the Grand Hotel, and I’lI wager there
2342 1517 3077 1571 piety of the people at large is pro¬
1609 1518 2341 1584 berger“ or “ Grieschenbeisl.“ There
3088 1529 3295 1594 the ciever
863 1546 1593 1606 is no restaurant in Vienna where one
2341 1553 3076 1618 nounced—the churches Sunday märn¬
1608 1569 2336 1631 the best kept Pilsner in Vienna may
3096 1570 3302 1629 von Hof
855 1589 1593 1657 hears so much English (usually Amer¬
2349 1593 3084 1659 ing are as crowded as are the cafés
1597 1610 2332 1678 be found. There also many artists,
3091 1614 3287 1673 post and
862 1630 1587 1693 ican-English) as in this comfortable,
2346 1642 3081 1702 Sunday afternoon¬there is unmistak¬
1600 1649 2341 1723 actors, musicians assemble of nights,
3084 1653 3293 1714 Strauss o
861 1670 1599 1737 comparatively cheap establishment.
2356 1680 3074 1742 able poverty, nevertheless the mer¬
1607 1693 2345 1747 anda merry company it is. However,
3087 1700 3301 1750 are a te
869 1697 1593 1765 Its cuisine is Austrian mixed with
2351 1725 3005 1797 curial spirit prevails everywhere.
1604 1731 2346 1791 Vienna is not a“late“ city, as 18,
3092 1729 3303 1795 there ars
858 1756 1588 1810 French. The cooking is excel¬
2439 1750 3012 1844 A Paradise for Musicians.
3087 1778 3300 1844 poet and
1608 1773 2357 1833 for example, Berlin. At midnight the
1222 1789 1604 1858 a pace. Meissl
872 1796 1232 1863 lent and sets
3091 1809 3305 1878 ot the ##
1603 1814 2341 1880 streets are deserted except at Car¬
2372 1809 3085 1891 It gives Vienna its primal charm, it
869 1829 1601 1900 and Schadn’s on the Kärthner¬
1616 1860 2335 1920 nival time or New Year’s Eve—last
3082 1866 3142 1933 a
2359 1874 3088 1933 hums in the alr. Nowonder Johann
860 1871 1600 1946 strasse is typical Viennese, with its
1603 1901 2339 1966 New Tear’s Eve the crush was as bad
3083 1907 3142 1968 4
2347 1910 3087 1979 Strauss composedihis music; no won¬
859 1926 1592 1989 euckling pig, risi-bist, pickled veal,
1611 1956 1957 2016 as on Broadway.
2354 1938 3100 2014 der the otherwise ponderous Johannes
865 1957 1595 2031 and sauerkraut, (such sublimated
1642 1960 2339 2043 In Berlin I have deen intoxicated
3091 1991 3143 2045 □ 0
2360 1999 3093 2048 Brahms preferred##h# spot 1o his
868 2003 1595 2065 sauerkraut,) to be had at far from
1608 2028 2346 2095 persons, seldom In Vienna have 1
2355 2012 3136 2110 birthplace, Hamturs;no wonder #
863 2043 1604 2103 high prices. The Stephankeller (Café
1616 2068 2338 2142 encountered one. The point is sig¬
2352 2076 3011 2135 Becthoven wrote####cherz ef
866 2100 1596 2152 de I’Europe) is another mecting
1608 2109 2348 2170 nificant, as is the agreeable cocking
2348 2127 2940 2189 symphonies. Vierna inspired
863 2125 1604 2195 ground for good livers. At Gause’s,
1606 2151 2347 2219 of the dity. Food plays a greater
2349 2162 2930 2228 composers, as it läspired Moze
877 2177 1597 2236 the Rother Igel, the Rathauskeller,
1608 2196 2349 2251 röle in dur psychology than our
2357 2201 2890 2266 Schubert. Some #### these
866 2214 1601 2278 you may taste the wines of the coun¬
1610 2236 2356 2295 thin-skinned idealists will admit.
2353 2247 2972 2311 cursed the frivolitgof che Sapital
872 2244 1602 2315 try, rather too thin and shrewd for
1605 2282 2343 2341 Possibly our National cooking may be
2354 2276 3089 2361 her deen, ablding urmeheld them
867 2293 1600 2360 my palate: Vöslaü, Gumpoldskirchen,
1611 2320 2346 2388 the bar sinister in our artistic pro¬
3099 2327 3173 2374 on
2348 2331 2664 2404 cle#e to her.
872 2344 1597 2396 Nussberg, Klosterneuberg, Retz,
3100 2364 3162 2407 Sa
1620 2369 2348 2425 ductivity, for a country which is
2793 2341 3093 2420 edal 18 this
2380 2345 2769 2432 The obverse or
864 2376 1601 2443 Pfaffstadt, Mailberg, and the heavier
3091 2399 3157 2464 #
1615 2388 2353 2462 given over to fanatics and prudes—in
2364 2413 3097 2475 same frivolltv. ##ere is also an
868 2419 1606 2494 Dalmatian vintages As I stuck to
3097 2451 3166 2493 #
1612 2441 2350 2499 the domain of eating and drinking-
2368 2452 3087 2517 earnest intellectugl and artistic fife.
873 2476 1602 2522 my favorite beverage, Pilsner, I can
3102 2488 3172 2536 ho
1628 2486 2357 2548 #ill never’give birth to individual art.
2363 2499 3096 2561 In one week last Winter I attended
867 2507 1615 2570 lay no claim to being an expert on
3093 2531 3168 2582 804
2361 2529 3099 2595 conferences by Gerhart Hauptmann,
1929 2537 2043 2592 II.
873 2538 1614 2609 the subject öf the wines; furthermore,
3100 2567 3183 2621 im
2362 2571 3094 2641 Georg Brandes-tlie latter dealt with
1658 2566 2361 2649 The gayest elty I have ever lived in
873 2592 1613 2647 my pronounced taste for peppery,
2361 2600 3096 2665 Goethe and Strindberg—and I heard
1617 2641 2352 2694 is Vienna. Paris is feverish. Parls
874 2633 1618 2689 highly flavored food is hardly a
2369 2650 3095 2718 Mortz Rosenthaf, Eugen d’Albert,
1619 2677 2354 2736 takes its pleasures very much as dees
871 2680 1610 2737 criterion for the milder palates of
3102 2691 3215 2746 ness
2375 2693 3094 2764 Godowsky, and tbe Rose quartet, and
1613 2710 2351 2770 New York, in a hurry, as if to snatch
878 2731 1615 2784 visltors from abroad. The big hotels
3102 2734 3304 2802 particulaf
2363 2741 3090 2800 attended à performance by the great¬
1619 2762 2357 2812 at the fugitive moment and like
872 2764 1615 2815 know this, and there you get the.
3110 2775 3318 2827 of the rei
2363 2779 3093 2842 est of orchestras, the Vienna Phil¬
1620 2801 2353 2866 Faust cry.“ Stay! thou art so falr.“
883 2805 1607 2862 “international cooking, which pre¬
3104 2813 3310 2878 that best
2360 2812 3090 2889 harmonie, under the leadership of
1617 2839 2358 2898 Berlin, I found, was too self-con¬
884 2842 1619 2910 vails over all Europe, even in the
3109 2854 3316 2914 always c
2370 2866 3097 2924 Felix Weingärtner, who gave a read¬
1628 2885 2361 2938 sclous, too cultured to relax, while
887 2888 1612 2949 dining cars, a something that belongs
3102 2891 3323 2954 are 200
2361 2899 3102 2970 ing of the Brahms fourth symphony
1613 2924 2362 2992 Munich is a trifle Stoo soggy, too
874 2923 1606 2996 to no nation, neither French, Ger¬
3099 2941 3310 2996 beats all
2368 2949 3101 2997 (in E minor) which, according to the
1652 2959 2365 3027 “wet.“ Vienna, for me, hits the
879 2963 1612 3028 man, nor English, cosmopolitan, in a
3117 2984 3312 3038 and Vien
2363 2988 3104 3048 Interpretations of most conductors, is
1618 3010 2361 3078 medium of gayety without hectie
882 3009 1619 3069 word. There are exceptions in Vien¬
3105 3019 3317 3081 matter of
2369 3036 3102 3091 a gray-in-gray crabbed pattern, in¬
1634 3049 2359 3115 symptoms and leisure without Prus¬
884 3056 1611 3114 na, for example at the Bristol, with
3112 3060 3320 3120 they are
2366 3071 3104 3136 stead cf the glowing, luminous and
1627 3092 2351 3153 sian stiffness. The elements of tho
882 3095 1618 3155 its French chef, you fancy yourself
3113 3103 3308 3164 They are
2377 3112 3105 3174 eloquently expressive masterplece it
1629 3129 2365 3197 Austrian race are heterogeneous;
888 3143 1620 3199 in Paris at Paillard’s—that is to say,
3115 3152 3320 3205 modious,
2367 3159 3102 3220 became under the hands of Wein¬
1627 3174 2368 3229 the Slavic counts, and counts the
884 3182 1622 3244 if you order a special dinner. Other¬
3113 3186 3308 3247 In one I
2376 3183 3103 3270 gärtner. Not a bad record, is it, for
1631 3213 2369 3278 Magyar. The beer is Germanle, the
881 3218 1622 3281 wise one hotel table d’hôte is like
3106 3230 3317 3293 never sen
2373 3236 3103 3303 the city on the brown and turbld
1627 3257 2368 3329 culture is, minus a heavy Teutonie
884 3265 1617 3333 another, neither fish nor flesh, nor
3110 3272 3313 3329 degrees
2368 3282 2582 3351 Danube?
1635 3302 2368 3360 quallty, also Germanic; there Is a
882 3306 1274 3380 good, red herring.
3118 3314 3314 3370 remonstr#
2402 3297 3107 3377 Then there is thie opera, there are
1624 3336 2360 3409 lightness in the moral atmosphere
908 3344 1617 3401 But the Pilsner in Vienna! That
3106 3346 3323 3415 (lord was
2378 3364 3103 3416 the theatres, and, to Jump to therother
1638 3381 2204 3460 that might be called Gallle.
892 3394 1624 3455 would need a complete chapter. Whlle
3116 3392 3316 3463 more st
2390 3403 3105 3465 side of the scale, there are the med¬
883 3432 1621 3489 it is not so superlatively fine as at
3114 3428 3323 3494 rooms, 1
2383 3459 3099 3501 ical schools, and surgeons and physi¬
1777 3434 2200 3520 Optimistic Vienna.
891 3471 1629 3532 Prague, with that supernal touch
3121 3479 3316 3538 to Viennd
2376 3483 3100 3557 clans who have not their equal any¬
1663 3478 2355 3560 The Viennese man is an optimist.
888 3507 1621 3579 which never can be elsewhere dupli¬
3113 3518 3314 3576 and agal
2370 3530 3025 3592 where. And the university life.
1628 3523 2371 3609 He regards life not so steadily, or as
888 3559 1629 3610 cated, it is wonderful enough, though
3118 3562 3321 3621 able in t
2400 3572 3109 3634 I only know Vienna guperficially,
1643 3584 2370 3643 a whole, but as as a gay fragment.
896 3591 1629 3653 I noted with dismay, as I noted in
3118 3601 3315 3659 will mare
2378 3611 3106 3668 the inner social life not at all, but to
1635 3626 2374 3688 Cleuds gather, the storm breaks,
899 3640 1621 3698 Stuttgart, Munich, Dresden, and Ber¬
3137 3648 3305 3705 In the
2379 3646 3112 3710 my inexperienced masculine eyes the
1632 3660 2373 3734 then the raln stons and the sun floats
895 3667 1633 3744 lin. that the Invasion of the Amerlcan
3116 3680 3312 3748 you see 5
2380 3695 3107 3762 Vienna woman is the best dressed in
1643 3707 2369 3768 once more in the blue. Let to-mor¬
899 3724 1618 3788 had been fatal in the matter of tem¬
3112 3733 3321 3794 „ory of ce
2383 3734 3105 3798 the world after tho American. (Paris
1634 3760 2372 3804 row take care of itself, to-day we go
896 3763 1626 3834 peratures. The European now drinks
3113 3767 3314 3825 Brahms,
2374 3779 3109 3839 is, of course, hors concours.) There,
1633 3800 2379 3860 tothe Prater and watch the wheels
889 3804 1616 3864 his beer cold, even lcy. In few
3119 3813 3301 3870 gruber,
2380 3808 3112 3879 again, the touch is Gallic. The beauty
1634 3833 2363 3902 go round. This irresponsibility is con¬
898 3856 1628 3904 spots couid Ffind the precise degree
3119 3844 3317 3909 berg, in
2381 3870 3108 3932 of the Viennese women is proverbial.
1632 3875 2375 3938 fined to no class. Whether all the
903 3891 1633 3964 of temperature at which Pilsner is its
3119 3886 3328 3962 Hamerii
2376 3898 3117 3966 That gypsy-like çoloring, hair and
1638 3921 2368 3975 folk you see in the restaurants, cafés,
888 3942 1121 4005 bloomiest.
3116 3942 3329 4012 Theodore
929 3984 3118 4045 1 do not think it necessary here to and gardens can afford to spend eyes, the fresh complexions, the gen¬
