3392 4384
2424 320 2624 419 327
1123 314 1902 398 The Saturdav Review.
403 345 774 417 15 March, 1913
1512 426 2635 489 a residential quarter of the modern English town.
365 463 1500 512 are ihe repetition upon a small contemporary stage
1520 476 2642 545 Schnitzler has written comedies of sex upon à tacit
361 499 1486 569 of blunders perpetrated by six or seven gencrations
1511 523 2647 579 understanding that society is based upon sex relations
360 535 1493 600 of English erities upon English comedy at large.
1511 566 2650 629 between men and women terminated at will. These
371 582 1494 642 There are two periods in the history of the English
1523 637 2653 688 relations are governed by a positive morality of their
368 638 1495 691 theatre when English drama reflected the tempera¬
1515 656 2648 710 own. It is not the morality of marriage—Christian or
372 680 1499 739 ment of English life. The first and greatest was
1520 703 2657 756 secular. But it is none the less definite; and so long
369 717 1503 800 the period of Elizabeth; the second was the period
1517 765 2655 810 as Sehnitzler’s people keep within shelter of Schnitzler’s
371 792 1508 828 of the later Stuarts. The second period was quite
1533 810 2649 863 lnws his comedy is consistent and morally inoffensive.
371 819 1510 873 unlike anything within English historical experience
1529 853 2658 908 His English eritics would have him wind up with a
369 878 1502 924 before or since. It was unique, brief, and brilliant—
1521 884 2664 935 moral in favour of English family lise, not perceiving
377 908 1517 982 so unique that it had to invent a special sort of comedy
1529 944 2660 989 that this would destroy not only the artistic but the
368 953 1507 1030 for its expression, quite unlike anvthing in native or
1540 976 2659 1041 moral value of his comedy. It is conceivably of no
370 1007 1504 1060 foreign literature; so brief that within a single genera¬
1532 1034 2661 1084 moral advantage to know that, when nitric acid is
382 1045 1506 1098 tion of its flourishing the attitude of its pcople was
1541 1068 2675 1149 poured into copper, the result is a red fume, which is
376 1088 1518 1143 entirely lost; so brilliant that even the critics who
1537 1111 2660 1179 nice or nasty according to taste: but it quite certainly
389 1129 1522 1212 failed to recover the temperament of the period had
1549 1164 2667 1225 does not make for anybody’s moral improvement to
386 1175 1519 1249 to make all sorts of excuses for their admiration.
1548 1206 2438 1273 be told that there is no reaction whatever.
392 1225 1515 1281 This comedy, being an imaginative reflexion of lise,
1584 1247 2669 1313 Let us pursue the English historical analogy a little
392 1270 1519 1351 was in its best examples the perfect expression of a
1541 1293 2678 1363 further. Schnitzler, like Congreve, expresses in his
385 1319 1518 1380 very definite and positive morality. But it was not
1551 1358 2674 1414 comedies a definite attitude towards lise; and his
392 1363 1521 1427 the morality of the critics who afterwards wrote about
1544 1384 2678 1448 comedies are founded upon a positive system of
395 1408 1531 1473 it. The criticism of the small-fry of two hundred
1779 1429 2678 1507 Having expressed himself in an entirely
1556 1448 1745 1513 morality.
393 1466 1526 1521 years to#k one of two lines. Either they described
1544 1496 2682 1547 natural and unaffected manner, Schnitzler, like Con¬
390 1500 1534 1569 this natural artistic product of a period they did not
1559 1521 2671 1602 greve, is asked to be less artificial''; and to“ let
397 1547 1534 1611 understand as“ artificial?'; or they described it as
1547 1571 2673 1633 alittle fresh air?’ into his comic scene. It so happens
727 1590 1530 1646 What exactly did they mean by
427 1604 678 1662 immoral?
1564 1614 2676 1681 that English Farquhar has done precisely what
404 1643 1528 1701 Partificial?'? Artificial art is either a pleonasm, or
1568 1677 2690 1729 Viennese Schnitzler is invited to do. Farquhar is sup¬
390 1684 1534 1738 it simply means art which you do not happen to like,
1565 1700 2681 1782 posed to have let fresh air into the artificial comedy of
400 1728 1532 1794 art which is false, and therefore not art at all; in
1558 1757 2686 1818 Cengreve; and hie has for generations been praised for
406 1775 1534 1846 fact, the term “ artificial'’ signilied nothing but the
1559 1796 2688 1875 improving the morality of a corrupt theatre. What he
408 1821 1542 1899 critics' vague displeasure. The term“ immoral’ was
1566 1841 2686 1921 achally did was to turn the morality of the comic world
417 1864 1537 1944 worse. It presupposed that these English comedies
1556 1878 2696 1950 of Congreve into the immorality of the comic world of
412 1912 1535 1979 were a bounder’s week-end in Paris; that they were
1572 1943 2689 2002 Mr. Brockficld. There is no moral offence in the loves
400 1959 1543 2031 a deliberate breach of the understandings upon which
1556 1991 2690 2048 of Mr. Brisk and my Lady Froth. There is very
414 2004 1550 2074 society of the time was founded; that the sentiments
1569 2018 2695 2103 grievous moral offence in the loves of Mr. Archer and
406 2049 1550 2118 of Mirabell were elaborate exercises in impiety. The
1571 2067 2691 2140 my Lady Sullen. Farquhar’s fresh air was an English
407 2088 1537 2150 two schools of criticism suggested in the terms arti¬
1575 2132 2043 2197 fog, not yet dispersed.
409 2140 1543 2193 ficial'’ and“ immoral'’ have between them utterly
1620 2150 2684 2218 This Schnitzler matinée and the wav in which the
407 2188 1553 2252 killed the reputation of their victims. They determined
1574 2200 2697 2267 English crities have reccived it is a flat challenge to
421 2233 1550 2301 that readers of this comedy, instead of realising that
1565 2262 2695 2320 every self-respecting person who has ihe least en¬
414 2278 1552 2340 its people were observing a code ofltheinown, should
1573 2288 2702 2374 thusiasm for good work, English or foreign. I shall
427 2325 1559 2393 Very Clearly realise that its people were breaking the
1586 2361 2694 2417 return tothe“ Comtesse Mizzi upon the first possible
421 2375 934 2446 code of somebody else.
1578 2385 2704 2454 opportunity—also to the sccond Schnitzler play of
466 2415 1549 2474 This is precisely what has happened to Schnitzler.
1573 2431 2699 2497 Monday last, which in a wonderfully different way is
422 2481 1551 2527 The historical method has in vain been invented. The
1578 2478 2696 2542 equally a work of genius. It is useless talking about
426 2506 1561 2577 art of criticism has in vain been brought at least within
1575 2522 2702 2603 a regeneration of the English theatre when every suc¬
419 2553 1562 2618 reach of a few elementary first principles. Queen
1582 2569 2699 2636 cessive production of the least consequence is the occa¬
424 2593 1551 2659 Anne is dead; but the“ Times?' to-day might be the
1585 2613 2706 2693 sion for a further exhibition of incompetence on the
426 2655 1566 2718 “ Tatler?' this time two centuries ago. Viennese
1589 2658 2699 2737 part of persons who are supposed to lead the public
417 2692 1563 2753 Schnitzler perfectly reflects the attitude towards life
1583 2706 2707 2776 taste. There have been precisely three occasions mthe
426 2736 1568 2796 of just such a group of social figures as frequented
1587 2759 2703 2815 last two vears when, for critics, there was an oppor¬
424 2782 1561 2827 Covent Garden in the ’eighties and 'nineties of the
1589 2809 2707 2869 Lunity for good work. The reception in London of the
426 2829 1576 2896 seventeenth century in England. At all points we are
1585 2849 2709 2906 first translations of Tchekoff, Strindberg and Schnitzler
435 2882 1563 2948 driven back upon the seventcenth century. For an
1597 2889 2712 2955 make it quite clear that, despite the fashion which
436 2911 1568 2978 atmosphere delicately suggested we must go right
1600 2950 2708 3011 prevails in newspapers to-day of periodically publishing
438 2987 1577 3023 back to Etherege before in England we can find any¬
1590 2998 2718 3056 mechanical eulogies of lbsen, plays of genius are no
439 3009 1579 3071 thing of equal refinernent; for a positive morality logi¬
1598 3018 2720 3099 more likely to be understood now than they were half
433 3058 1569 3135 cally coherent through every word and deed of its sub¬
1594 3093 1913 3163 a century ago.
450 3104 1566 3162 scribers we must go back at least as far as Congreve.
449 3142 1575 3204 For an equally beautiful expression of a piece of life,
1798 3203 2527 3259 ASPECTS OF ROME IN 1913.
438 3209 1582 3262 presented with the minimum of affectation, we must
431 3248 1586 3300 go back, halting not even at Sheridan, to the one great
1935 3249 2374 3327 Bv ALIcE MEYNELL.
448 3286 1537 3356 age of English comedy. Such is the“ Comtesse Mizzi
1651 3310 2723 3361 PHEchief novelties exposed to the reluctant eyes of
447 3330 1579 3389 of Arthur Schnitzler, who is this weck solemnly invited
1726 3381 2716 3422 visitors to Rome, after an absence of two years,
451 3372 1587 3443 br the critics of England to be less “artificial''; to
1591 3412 2726 3472 arethe finished tempie to the" Divine?' Victor
454 3416 1579 3487 square his values, moral and artistic, with the ideals
1607 3474 2721 3517 Emanuel—to give the monument on the Capitoline a
447 3467 1577 3529 of a Victorian middle-class interior; to be decent and
1597 3507 2721 3568 title fit for the antiquity it imitates; and the newly
448 3527 827 3589 natural and truc.
1608 3542 2725 3610 opened bridge about midway among the bridges of
498 3557 1591 3630 Schnitzler gives local habitation and a name tothe
1613 3606 1765 3664 Rome.
450 3623 1594 3674 impression left upon his imagination by the Viennese
1646 3634 2728 3699 The temple is not without beauty, but in one respect
453 3657 1584 3724 life of his time; and his artistic sincerity gives to his
1598 3684 2722 3747 it imitates antiquitv faultily; it is so huge in its mass
451 3701 1593 3756 work a moral consistency which is in itself a kathartic
1607 3721 2734 3796 and in the scale of its detail as to dwarf the little Forum
454 3755 1583 3800 for the feeling and intelligence of anyone not
1613 3772 2746 3835 lving low behind it, the whole little Forum, its two
458 3793 1595 3867 thoroughly besotted with the shams of modern English
1612 3815 2743 3891 historic arches, its pillars—Byron’s, no longer“ with
466 3837 1585 3904 play-making. But the English critic brings to this
1606 3881 2738 3940 the buried base '’—and the rest of the graceful ruins.
459 3886 1586 3934 work a dead imagination and an active conscience.
1613 3915 2744 3979 All these were dutiful in their proportion, in relation to
465 3931 1592 3994 The laws determining the conduct of Schnitzler’s
1612 3954 2735 4013 the little hills of Rome and in relation to the stature of
464 3977 1596 4037 people are not laws whereby his own conduct is deter¬
1612 4000 2743 4063 man, our one rod of measurement, which antiquity,
466 4022 1594 4085 mined foris et domi. It is enough. It is the end of
1606 4049 2736 4106 while it was wise, respected. The new temple respects
473 4070 1599 4133 comedy and of all art to show by instances that the
1613 4095 2743 4165 it not at all. Thus it crushes not present Rome only,
471 4116 1597 4179 only life worth living is life of a desirable residence in
