3392 4384
1138 198 1580 287 box 41/5
147 199 977 308 1. Miscellaneous
619 461 866 518 Sewal!
118 519 1268 638 AAusschnitt aust#Len Anzeider
129 622 773 718 om: II. AUBUST 1913
469 750 759 834 Novellen.
162 807 1049 884 V „Hioh“ nennt Alfred Polgar seinen neuen No¬
165 875 1056 915 vellenband. (Verlag: Albert Langen, München.)
170 912 1059 963 Es sind zehn kleine Dingerchen, die im Tone und
165 947 1056 1006 Stil den geistvoelln Wiener Feuilletonisten ver¬
164 985 533 1038 raten. Meisterlich
536 989 1066 1049 sind die Dialogstellen, die
171 1027 1054 1070 in feingeschliffenen, für den Autor charakteristi¬
166 1065 1055 1111 schen Sätzen wie aneinandergereihte Epigramme
165 1105 1056 1155 wirken. Alfred Polgar ist ein scharfer Beobachter
160 1142 1058 1183 und unerbittlicher Psychologe; ein genauer Ken¬
170 1185 1064 1231 ner des Weibes, wenn wir auch anzunehmen ge¬
160 1225 1058 1270 neigt sind, daß er da gleich zu sehr verallgemei¬
171 1259 1058 1296 nert. Die Schlagkcaft seiner Situationen ist ver¬
167 1292 1057 1333 blüffend; sehr ergötzlich, wenn er strikte ins
174 1333 1062 1385 Gegenteil verkehrt, was dies süße Wiener Mädel
169 1373 1063 1421 sagt und so alle ihre Entschließungen vorausahnt.
165 1420 1066 1458 Die Igelhaftigkeit bleibt jedoch immer ein ver¬
160 1448 1055 1499 gebliches Sträuben gegen das Ewigweibliche, dem
172 1486 1055 1538 jeder seiner männlichen Figuren auf seine Weise
173 1562 1062 1612 kierung zu denken, doch leuchten hinter den Ver¬
168 1602 1057 1651 zerrungen die Masken desto wahrhaftiger hin¬
170 1637 1058 1685 durch. Bisweilen sind es bloß Wortgeplänkel, die
168 1684 1054 1733 zwischen Liebelnden, Eifersüchtigen und Bevor¬
167 1716 1055 1771 zugten geführt werden, doch gerade das Tändelnde
168 1766 1058 1805 und Spielerische hat einen tiefernsten Unterton.
171 1799 237 1838 Sch
269 1796 1052 1835 tler variiert immer nur das eine Thema
170 1813 1055 1881 ## ihr und dem anderen; Alfred Polgar ge¬
161 1870 1054 1923 winnt alledem neue Seiten ab: doch aus all der
162 1904 1063 1961 geistvollen Bosheit des halben Hinhörens und
161 1948 1055 1997 Nichternstnehmens klingt weh der Schmerz des
174 1988 1052 2043 echten, heißen und wahren Herzens, das nach einer
174 2025 1053 2070 Seele schreit und immer nur ein Weibche findet.
1937 112 2182 178 —
1755 761 2763 848 Ausschnitt aus:##rier, Berlin
2178 826 2568 913 Torgenzusgabe
1766 884 2001 936 vom: O1.
2001 893 2267 976 K
2034 968 2603 1038 Wir Deutschösterreicher.
1988 1033 2647 1087 Von Ottokar Stauf von der March.
1986 1082 2643 1141 Wien, Verlag von H. Feige u. Co.
1858 1110 2830 1180 In dieser Broschüre, in der hinter dem Schild von
1789 1164 2819 1216 Männlichkeit, Wahrheitsliebe und Objektivität ein kleiner,
1799 1202 2824 1270 ##illustrierter Skiavenaufstand de# literarischen Dilettantis¬
1810 1243 2819 1304 Imus arrangiert wird, ziehen in einer Art von kritischen
1801 1280 2811 1334 Steckbriefen volle zweihundertundfünfzig österreichische
1811 1319 2813 1370 lebende Dichter und Dichterinnen, zum großen Teil mit
1797 1355 2819 1401 Bild, an dem entsetzten Leser vorüber. Wo kommen sie
1805 1387 2830 1449 her, welche unbekannte Hölle hat sie mit einem Male aus¬
1806 1420 2828 1471 gespien? fragt er sich angstvoll und schon bereit, zu füchten.
1804 1459 2765 1507 Allein gerade diese Frage ist es, sagt Ottokar Stauf t
1812 1498 2755 1545 der March, die ihn veranlaßt hat, diesess Büchlein
1807 1539 2799 1587 schreiben. Wären ihre Namen jedermann bekannt un
1815 1570 2820 1621 nicht der ganze literarische Ruhm Oesterreichs widerrechtlich
2435 1607 2808 1655 er, Altenberg und —
1815 1606 2456 1657 von Bahr, Hofmannsthal, Schnitzt
1811 1632 2836 1688 Dörmann (!!) präokupiert, so hatte ek' diese Lanze für das
1801 1673 2834 1725 wahre österreichische Schrifttum nicht zu brechen brauchen.
1803 1716 2835 1766 So aber habe er sich aus Männlichkeit, Wahrheitsliebe und
1796 1758 2825 1798 Objektivität gedrungen geseben, dieses den Literatur¬
1806 1788 2827 1840 geschichtsschreibern „in Verehrung als gehorsamstes Pro¬
1812 1818 2833 1874 memoria“ gewidmete Kompendium der echt bürgerlichen
1806 1857 2836 1909 Literatur des heutigen Oesterreichs zusammenzustellen, den
1809 1895 2830 1953 Feinden zum Trutz, den Freunden zur Ehre und sich selbst
1800 1936 2837 1997 zum Wohlgefallen. Ich schlage auf: Ueber Schaukal:
1807 1965 2842 2020 „Immer sucht der Dichter zwischen sich und der Welt eine
1812 1996 2844 2051 Brücke zu schlagen, aber es geschieht nie in gewöhnlicher
1810 2049 2836 2100 Weise, stets ist ein großer Zug vorhanden.“ Ueber Rilke:
1813 2077 2846 2133 „Rilke schildert, wie er sehen möchte oft genug wunder¬
1814 2122 2834 2162 lich und ungewohnt, meist aber poetisch“ Ueber Adolf
1809 2147 2837 2200 Heinrich Portinelli (geboren am 12. Juli 1862 zu Inns¬
1809 2186 2833 2232 bruck): „Sein Ahasverus in Tirol“ gehört zu den ur¬
1813 2221 2834 2278 sprünglichsten Schöpfungen dieser Art. Die Erfahrungen,
1805 2261 2842 2307 die der ewige Jude auf seinem Abstecher durch das
1813 2298 2832 2345 „heilige Land Tirol“ macht, könnten nicht leicht wirksamer
2214 2339 2835 2382 Außer Schaukal und Rilke haben
1811 2342 2176 2387 geschildert werden.“
1813 2362 2838 2415 noch andere ernsthafte Männer des gegenwärtigen Oester¬
1821 2405 2841 2459 reichs das Ungluck gehabt, in die Hände dieses vernichten¬
1819 2442 2839 2494 den Lobredners zu geraten, wie Wilhelm Fischer in Graz,
1826 2483 2834 2529 Frany Karl Ginzkey, Friedrich Werner von Oestéren,
1825 2514 2855 2567 Artur von Wallpach u. a. und unter den jüngeren Emil
1830 2562 2846 2599 Ertl, Emil Lucker, Walther von Molo, unter den Frauen
1828 2586 2848 2638 die Handel=Mazetti. Flößen schon diese Namen, die der
1821 2621 2842 2675 An reisung durch Ottokar Stauf nicht bedürfen und für ihr
1824 2653 2865 2707 Tei den Zweck der Broschüre illusorisch machen, in dieser &
1826 2694 2851 2747 Form der Massenansammlung ein gewichtiges Grauen ein,
1825 2732 2851 2782 so erstarrt man völlig, sieht man dann noch die Engel¬
1826 2765 2850 2818 bert Adam, Julie Adam, Emilie Adler, Josef Allram,
1822 2798 2861 2854 Else Ascher, Ernst Altener, Karl Anzengruber (um nurk
1831 2832 2854 2889 beim A zu bleiben) in Heerscharen heranpilgern und wies
1830 2868 2843 2942 kleine Aasfliegen, dicht gedrängt, auf den paar „Namen“
1827 2917 1955 2992 sitzen.
1869 2942 2859 3011 Und dennoch ist dieses Buch nicht ohne Ernst. Selbst
1822 2988 2853 3056 lächerlich, macht es in der Ferne einen Gegner sichtbar,
1823 3026 2858 3080 mit dem es eine Auseinandersetzung lohnt. Dirigiert von
1824 3075 2852 3119 deutsch=nationalem, halb verleugnet, halb zugegeben antiset
1829 3113 2839 3153 mitischem Geiste und zwar in jener besonderen kleinbürger
1833 3144 2842 3190 lichen Fassung, die das Alldeutschtum mangels einer mäch
1822 3173 2847 3235 tigeren und freieren Schicht, von der es getragen würde
1829 3217 2842 3265 in Oesterreich angenommen hat, fast ganz verkrochen in di¬
1819 3242 2840 3315 kleinen, verschlafenen Provinzstädte, in denen man nod
1833 3284 2845 3334 nicht weiß, daß die kleinbürgerlichen Lebensformen den
1826 3317 2847 3372 Tode verfallen sind, rührt das Buch an die österreichisch.
1819 3349 2850 3408 Frage, die ja mit der Judenfrage eng und vielfältig ver
1817 3386 2855 3431 knüpft ist, im allgemeinen, indem es von den Literatur
1824 3431 2858 3491 verhältnissen auf die Probleme zurückweist, die diesen zu
1828 3480 2859 3522 grunde liegen. (Es tut dies natürlich, ohne es im enti
1825 3511 2860 3557 ferntesten zu wollen, und regt den Gedanken daran ledig.
1830 3549 2860 3594 lich automatisch auf.) Darauf eingehen hieße jedoch, die
1827 3573 2854 3624 Broschüre als symptomatische Erscheinung werten, aber dazi¬
1829 3613 2854 3658 ist sie denn doch materiell zu nichtig, dürften sich doch unter
1832 3646 2858 3693 den Gesinnungsgenossen Staufs wohl selber Männer fin¬
1823 3685 2870 3743 den, denen diese Art literarischer Bilderbogenpropaganda
1822 3721 2638 3782 im eigenen Interesse mehr als peinlich wird.
2536 3742 2847 3841 Loo Greiner.
