3392 4384
1738 186 2339 290 .
1150 293 1629 391 box 41/4
148 303 1009 418 11. Miscellancens
676 1506 3165 1625 fühl an die Geschöpfe seiner Einbildungstraft ausgab und aus¬) schaftliche Shmpathie miteinander — schrieb am Ausgang in .
676 1585 1884 1645 gedörrt, leer, alt und kalt übrigblieb. Seine schlimme Laune und
167 1569 548 1665 Junggesellen.
1902 1591 3122 1652 sein Tagebuch: „Das größte Unglück meines Lebens war, daß
669 1625 1880 1675 sein galliges Gemüt lud er bei seiner „ewigen Braut", Kath:
1885 1626 3108 1687 ich nicht allein blieb, weil ich nicht für ein Doppelleben paßte.“
151 1639 371 1718 nberg.*)
671 1661 1897 1721 Fröhlich, ab; zur Einsamkeit verdammt, konnte er dennoch nicht
2007 1682 3116 1728 Das ist für sensible Naturen charakteristisch, dies Nicht¬
145 1684 649 1773 tammen nicht von Adam
669 1710 1886 1763 allein bleiben, so hockte und verspann er sich in seine Mißmuts¬
1896 1718 3113 1776 passen zu den Täglichkeiten der Gemeinschaft, zu dem Haus= und
145 1754 662 1817 eitläufigen Vetter gehabt
670 1753 1884 1829 hecke bei den Schwestern mit dem heiteren Namen ein, zum Zerr¬
1891 1764 2749 1828 Schwellenkommunismus von früh bis spät.
663 1792 1284 1862 bild menschlicher Gemeinschaft.
147 1792 654 1869 Herr, den Kain und Abel
2002 1809 3112 1886 Ein reizbarer ästhetischer Sinn liegt dem zugrunve. Wie
156 1839 272 1895 ab.“
783 1854 1887 1919 Von solchen Naturen sei hier nicht geredet, im Gegenteil,
1889 1859 3113 1917 die andern grade für die Negligéstunden der Seele, für Verstim¬
150 1861 651 1934 kommt das Wort, von
665 1885 1882 1946 diesen Misogynen steht unser Junggeselle gegenüber, der nicht
1893 1904 3110 1950 mungen und Oedigkeitsmomente die Ablenkung durch die häus¬
145 1926 655 1978 n Leben als Legationsrat
655 1923 1888 2008 deswegen die Ehe mied, weil er die Frauen nicht liebte, sondern
1893 1947 3104 2001 liche Gefährtin brauchen, Aussprache, Abwälzen, gemeinschaft¬
142 1966 656 2029 ndgehäus zwischen Natur,
665 1982 1885 2063 vielleicht eher, weil er sie zu sehr liebte und an sich das Organ
1890 1986 3113 2055 liches Tragen, so scheuen diese Menschen durchaus davor zurück.
174 2008 663 2075 Dasein pflegte, Briefe
656 2029 1625 2098 der Treue und der stillen Beständigkeit vermißte.
1901 2036 3115 2103 Ihre Gemeinsamkeiten wünschen sie sich festlich und besonders,
157 2045 659 2132 schrieb und wie ein fein
1892 2083 3116 2147 sie wollen nur ihre besten Stimmungen teilen, und wenn der
776 2063 1886 2137 Wer besser von beiden, wer weiß es? Am Ausgang von
160 2104 621 2168 seiner Einsamkeit hegte.
1895 2120 3113 2201 Gram, die Melancholic über sie kommt, ziehen sie sich in sich
661 2121 1878 2179 Hofmannsthals Komödie „Christinas Heimreise“ schaut Casa¬
147 2136 654 2210 em spielenden Wort zu¬
1893 2167 2054 2230 zurück.
673 2175 1884 2221 nova, der Abenteurer, in ein ruhevolles Hausglück hinein, das
160 2190 649 2253 der unser kleines natur¬
671 2214 1882 2260 er hätte haben können, und ein Schatten der Melancholie, etwas
1989 2195 3114 2283 Sie treiben eine Art Hochkultur in ihren menschlichen Be¬
180 2234 660 2296 1 sich bewegen wird....
665 2257 1879 2314 von jener Stimmung: ich bin nur durch die Welt gerannt, fällt
1897 2229 3114 2312 ziehungen und erhalten sie dadurch reizvoll und neu. Aus
154 2275 656 2333 esen Traktat lieber über¬
1899 2294 3104 2346 egoistischer Wurzel stammend, äußert sich solchWesen dabei durch¬
663 2303 1892 2375 über den Fremdling, den Unbehausten. Doch er schüttelt's ab,
173 2323 646 2394 genießerische Gesicht, das
672 2344 1892 2418 die Pferde ziehen an, und in die Welt, zum Divin imprévu,
1890 2341 3116 2415 aus als Rücksicht, Rücksicht auf die eigene leicht verletzliche Ver¬
1903 2384 2546 2440 fassung und auf die der andern.
672 2382 1084 2458 trägt es ihn weiter.
161 2381 662 2475 m mürrisch=weiberscheuen
2007 2414 3105 2487 Ausgeprägte Selbständigkeit gehört dazu, in inneren und
768 2404 1883 2475 Der Erotiker kann kaum ein guter und zuverlässiger Le¬
182 2453 655 2515 sich etwa in der essig¬
1888 2452 3108 2535 äußeren Dingen. Nicht die Hilflosigkeit des „Sie=Mandls“ das
665 2456 1882 2539 bensgemeinschaftler sein. Und hat er die Erkenntnis seiner Art,
158 2501 659 2559 erkopfes vorzustellen hat,
1898 2519 3112 2585 von der teuern Gattin zum Schneider geleitet und dem der Reise¬
672 2512 1883 2572 ist er zudem noch ein Wissender um die Unsicherheit aller Lebens¬
152 2538 662 2596 Halbnaturen, die auf der
1896 2556 2287 2626 koffer gepackt wird.
664 2562 1890 2627 beziehungen — Schnitzler hat dies oft geschildert — und kennt
161 2588 659 2643 Oede ihres Herzens her¬
675 2603 1886 2655 er das Gesetz der Umwandlung, das Ibsen in ganzerSchonungs¬
2011 2587 3111 2665 Der Klasse von Menschen, die wir hier umschreiben, sind
159 2624 660 2698 erwerben konnten, und
1898 2640 3103 2707 solche Dienste nur fatal. Sie fühlen, daß, wer sie sich gefallen
670 2647 1884 2709 losigkeit aufgestellt, dann handelt er- wohl ethischer, wenn er nicht
158 2670 331 2732 lieren.
672 2691 1895 2762 heiratet und das Gebot Schleiermachers, des Predigers an der
1901 2693 3109 2757 läßt, dadurch hörig wird. Und daß ist ihnen der schlimmste Alp¬
160 2703 649 2786 er Dichter trugen in ihrer
1889 2735 3103 2794 druck. Sie lieben fanatisch die Unabhängigkeit, die Unverant¬
672 2737 1882 2790 Dreifaltigkeitskirche, erfüllt: „Du sollst keineEhe schließen, die ge¬
179 2765 650 2839 Schopenhauer und
1885 2772 3114 2849 wortlichkeit, die Beweglichkeit aus jeder Laune des Moments
667 2779 1890 2837 brochen werden müßte." Er wird dann in den Erregungen der
1889 2823 2799 2888 heraus, ohne Rechenschaft ablegen zu müssen.
668 2821 1882 2879 Liebe leben, Glück empfangen und Glück geben, leiden und leiden
145 2830 649 2913 igenen Gehirnzellen ver¬
664 2869 1884 2924 machen, im Aufschwung und im Decrescendo müde werden und
2008 2857 3109 2934 Frauen, die lieben, fragen. Sie fragen nicht nur, wie es
160 2889 649 2961 bst mit Menschenhaß ver¬
667 2911 1887 2963 wieder leuchtend jung, bis seine Stunde schlägt, le quart d’heure
1888 2897 3114 2961 in einem jetzt gespielten englischenLustspiel heißt: „Wann kommst
160 2938 661 3005 g in seinem helldunkeln
671 2961 1891 3016 de Rabelais; und wenn seine menschliche Qualität gut, so hat
1893 2958 3119 3018 du wieder?“ sie fragen auch: „wo warst du und wo gehst du
161 2983 653 3045 tlitz das entsetzlichste ist,
663 2984 1892 3067 er nach dem Tanz genügende Reserven der Betrachtsamkeit in
1894 3003 3111 3059 hin, und sie fragen vor allem: warum tust du das und warum
154 3017 665 3082 Mut für sieben hatte, er¬
672 3038 1883 3100 sich gespeichert, daß er das Alter trägt ohne Horror vacui,
1890 3044 3111 3109 läßt du jenes, und sie fügen festnagelnd hinzu: „Du meinten
161 3062 656 3135 r und saß als Gesandter
657 3086 1880 3148 Und der Erotiker wird dann vielleicht Bibliophile und Sammler,
1897 3087 3114 3139 aber doch damals ....“, und dem Abwehrenden und Ungedul¬
156 3111 657 3178 gern im „Schwan“ wenn
665 3132 1881 3180 ein ästhetischer Eremit, wie der Abbé Galiani, wie Heinse, wie
1893 3136 3113 3204 digen halten sie bitter entgegen: „Ich werde doch wohl noch sagen
163 3143 655 3237 Grillparzer, der sein Ge¬
672 3176 1876 3225 Stendhal, die in der geisterfüllten Stille ihrer Bücherei spazieren
1893 3178 3110 3258 dürfen ...“ und dann setzen sie sich in die Ecke und nehmen
669 3219 1877 3274 gehen wie in einem Garten der Erkenntnis und, aller Möglich¬
1888 3217 2131 3279 übel
157 3224 664 3316 Ent im Verlage von Erich
667 3261 1441 3331 keiten voll, Abenteuer der Seele erleben.
1981 3247 3103 3321 Ich verstehe die gequälte Unruhe einer eifersüchtigen Frau,
166 3288 661 3331 kenzüge“ von Felix
783 3278 1880 3362 Der Fürst Pückler, der Typus des Junggesellen, trotz¬
1888 3302 3102 3358 und sie tut mir leid, daß sie, während sie sich an den Mann klam¬
169 3330 661 3378 nige, unsern Lesern schon
665 3337 1879 3402 dem er verheiratet war — er ließ sich im gegenseitigen Einver¬
1897 3356 3102 3406 mert, jedes seiner Augenblicke teilhaftig zu sein, ihn um so eher
167 3367 662 3433 Plaudereien des bekannten
657 3371 2169 3455 nehmen von seiner Frau scheiden, und sie pflegten eine freund=nur verliert.
176 3407 635 3505 17. 5#/70 Die Red.
