3392 4384
165 293 992 391 1. Miscellaneons
1165 270 1605 356 box 41/4
2050 146 2531 193 Novemher mich persän!
2556 167 2990 238 # Reistealbeit und der
2051 185 2506 243 Theaters, inehesonbere #
2049 229 2998 280 Inszenierung von Werken beteiligen. Ich freue
2036 267 2996 330 mich darauf und verspreche mir viel ernste künst¬
2043 304 2994 372 lerische Poregung und Erfolg. AndereSozietäre sind
2146 359 3000 417 Lehmann, Emannel Reicher, Tilla Durieux,
2053 406 2983 453 Paul Wegener und Mar Grunwald. Grunwa..
2047 440 2998 492 wird die Führung innehaben er hat den Titel Di¬
2050 480 2991 538 rektor abgelehnt und wird sich nur „Vorsitzender“
2040 537 2221 590 nennen.
2167 557 3002 624 Dieses Projekt des erweiterten Brahm=Thea¬
2045 609 3007 667 ters bringt die Rede auf Ibsen, Kainz, Tolstoi und
2047 655 3007 705 Rittner. Und Hauptmann spricht: Ibsen ist ein
2042 705 2998 751 deutscher Klassiker geworden. Was man im einzel¬
2059 737 3006 790 nen auch gegen ihn hat, isi belanglos. Augenblicklich
2047 779 3007 834 besteht in Berlin ein starkes Vorwärtsgehen des
2060 815 3002 875 Interesses für Strindbera, namentlich unter der
2048 860 3001 925 Jugend. Ich halie Strindberg für eine elementare,
2058 915 3009 963 machtvolle Personlichkeit, die natürlich ungemein
2063 951 3008 1003 widerspruchspoll ist und ungemein zu Wider¬
2061 980 3009 1051 sprüchen reizt. Ein Mann von der Bedeutung Josef
2061 1037 3014 1101 Kainzens ist nicht so leicht zu ersetzen; aber immer¬
2067 1085 3004 1146 hin besitzt Moissi, der das Erbe von Kainz ange¬
2063 1122 2614 1190 treten hat, ein Stück Poesic.
2176 1151 3009 1222 Sein Organ und die Sprechkunst an
2061 1208 3015 1265 sich die Melodik des Sprechens, stehen vollkommen
2059 1251 3016 1305 auf der Höhe der Kainz'schen Kunst ... Dann
2061 1300 3017 1351 kommt Hauptmann auf Tolstoi zu sprechen. Tolstoi
2061 1341 3014 1389 hat auf mich den stärksten Einfluß geübt. Schon
2059 1379 3016 1440 vorher habe ich in meinem dunklen Jugendtrieb
2074 1432 3027 1477 den Weg zu den Quellen gesucht, aus denen die
2061 1457 3021 1519 großen Dichter geschöpft haben. Man hat nur tradi¬
2065 1507 3027 1568 tionell von den großen Dichtern sich beeinflussen
2069 1548 3020 1612 lassen, ist abei nicht zu den Quellen gegangen, aus
2073 1591 3023 1644 nenen sie ihre Kraft #ekangt haben; das ist das
2059 1637 3019 1707 Voil, das Völksichen. Dazu hal es mich getrieben,
2065 1667 3021 1734 ehe ich Tolstoi kannte. Tann kam allerdings der
2068 1723 3017 1778 Mut, ihm nachzustreben, der Mut und die Andeu¬
2072 1755 3022 1819 tung und die Möglichleit des Weges. Das Aus¬
2066 1816 3017 1867 land lenkte unsere Aufmerksamkeit auf die Beobach¬
2055 1866 3014 1931 tung der Natur, es brachte uns zur Natur zu¬
2075 1907 3024 1961 zuruck . Von den Klassikern, führt Haupt¬
2078 1936 3016 1993 ####n fort, verehre ich Goelhe am meisten. Der
2052 1977 3017 2042 Rttmerster ist vom deutschen Volke noch lange nicht
2061 2019 3012 2088 l###ung gelesen, gewürdigt und geschöpft worden. Er
2076 2064 3016 2133 ist in seinem Wesentlichsten und Natürlichsten vom
2069 2102 2782 2182 deutschen Volke nicht aufgefaßt worden.
2170 2169 3019 2247 Raimund und Anzengruber sind Gerhart
2052 2214 3022 2279 Hauptmann liebe Bekannte. „Wenn ich in Wien
2198 2267 3011 2318 — meint er —“ ich könnte mir jede Woche
2060 2278 2193 2344 lebte“
2068 2315 3023 2367 ein Naimund'sches Stück ansehen und hatte meine
2078 2345 3031 2418 Freude daran. Daß Anzengruber so frühzeitig aus
2087 2387 3020 2454 dm Leben geschieden, ist tief zu beklagen, denn die
2068 2425 3022 2490 Literatur hat einen großen Verlust erlitten. Anzen¬
2081 2474 3019 2557 gruber hatte seinen Höhepunkt noch nicht ereicht
2082 2511 3032 2584 und hätte, wenn er länger gelebt hätte, Werke von
2088 2532 3068 2631 mächtigerer Gestaltungskraft und größerer Styl¬
2079 2596 3022 2682 reinheit geschrieben. Das Formen, das Gestalteni
2078 2656 3021 2710 und der Aufbau sind bei einem Kunstwerke die
2092 2685 3023 2756 Hauptsache, das Stoffliche tritt erst in zweite Linie.
2086 2730 3030 2804 Die Art des Gestaltens bestimmt die Kunstform,
2081 2778 3023 2856 die Reinheit des Styls ist für ein Werk ansschlag¬
2089 2835 2252 2904 gebend.
2190 2852 3035 2935 Zum Schluße erzählt der Dichter von seinem
2073 2916 3023 2976 seben erschienenen Roman „Atlantis“, der eine
2088 2950 3050 3026 große Schiffskalastrophe schildert, jedoch beim Un¬
2080 3000 3043 3080 tergang der „Titanic, an den er in vielen Details
2092 3050 3032 3124 zu erinnern scheint, bereits völlig abgeschlossen
2848 3089 3031 3142 „in den
2080 3098 2845 3164 vorlag: „Ich habe“, sagi Hauptmann
2670 3119 3042 3188 noch Amerila ge¬
2097 3152 2547 3199 ——
2092 3163 3038 3237 macht und auf dem Dampfer „Elbe“ eine sehr stür¬
2103 3209 3038 3271 mische, gefahrdrohende Ueberfahrt gehabt. Genau
2108 3263 3047 3314 ein Jahr später ging die „Elbe“ mit demselben
2099 3303 3032 3353 Schiffspersonal, das ich seinerzeit bei der Ueber¬
2108 3339 3033 3407 fahrt kennen gelernt hatte, unter. Dies machte auf
2111 3376 3046 3445 mich einen tiefen Eindruck und es bildete sich in mir
2105 3425 3044 3494 die ersie Idee zu diesem Roman. Drei Monate
2109 3467 3059 3533 blieb ich in Amerika und habe das dortige Lebeng
2115 3518 3059 3579 und die Stellung der Deutschen in den Vereinigten“
2113 3539 3054 3616 Staaten zenauer kennen gelernt. Ich habe gesun¬
2109 3588 3051 3665 den, daß die Deutschen vielfach mit einer sentimen¬
2103 3652 3059 3714 talen, oft herinungslosen Liebe an ihrer alten Hei¬
2115 3691 3050 3747 mat hinn und gern den Plan einer späteren
2118 3727 3059 3795 Rückkehr ##oogen, die sich jedoch vielfach als un¬
2104 3760 3054 3830 mö#### heausstellte. Sie kamen mir fast alle als
2111 3813 3069 3876 Entwuggelte vor und nur habe ich tieser als damals #
2116 3853 3054 3914 begritien, wie eng der Menich mit der Scholle, auf
2118 3899 3054 3955 ###r er geboren ist, zusammenhängt. Die Heimat ist
2102 3926 3049 4011 das Werentliche ebenso für die geistige, wie für die
2110 3985 2727 4057 politische Existenz der Menschen“.
2401 4016 3012 4110 Ludwig Klinenberger.
