3392 4384
133 275 235 368 1.
2092 188 2186 253 —
1085 261 1571 359 box 41/4
262 270 1088 371 Miscellaneeus
191 658 386 754 2.—
188 807 740 928 G 20
1863 893 2505 981 25. November 1912
336 912 452 1009 2
2611 928 2715 1030 —
389 1049 443 1190 —
2068 1389 2298 1463 —
193 1443 281 1489 —
2395 1560 2779 1619 Bruch und Berlag:
1649 1571 1770 1641 ##
2377 1596 2808 1660 Audolk Molle, Berlin
870 1590 1748 1687 „Berliner Tageblatt
199 1593 684 1694 blatt zum
1621 1716 2833 1788 heitsstückchen „Folle entreprise“. Ein junger Mann probt mit
394 1737 1595 1807 einen schöpferischen Gedanken hat, ihm nur durch eigene Begeisterung,
1619 1775 2835 1833 einer Schauspielerin ein Theaterstück. „Wenn Sie bei mir
405 1786 1605 1856 ja selbst durch eigenen Fanatismus zum Erfolg verhelfen kann, dann
1619 1823 2853 1886 sind, sagt er ihr, „haben Sie nichts zu fürchten — von den
403 1829 1605 1905 sind wir einig, ich spreche hauptsächlich gegen jenes unnütze Hetzen
1629 1865 1816 1923 anderen“
391 1875 1606 1952 und Verhetzen, das eine bessere Ueberzeugung nie aufkommen läßt. Es
206 1867 384 1951 wurm.
1668 1885 2843 1948 Der „Lyfistrata“ steht die „Education du prince“ im Tone
401 1922 1544 2009 ist nur ungemütlich und hat noch nie zu etwas Gutem geholfen.
205 1938 376 1994 erboten.!
1626 1951 2851 2006 nahe. Kein Drama, nur lose, aneinandergereihte Szenen. Ein
449 1959 1610 2043 Ich: Was man gut oder nicht gut nennt, ist schon ein Stückchen
210 1981 389 2036 Buben¬
1626 1986 2834 2037 abgetakelter Kronprätendent eines Balkanreiches soll in die
403 2024 1601 2084 Fanatismus für sich. Das kommt auf den Standpunkt an. Ketzer zu
1636 2011 2851 2080 Pariser Kokottenwelt eingeführt werden . .. zur Vervollstän¬
201 2026 330 2101 1ajor
393 2063 1614 2119 verbrennen, hat man lange Zeit für sehr gut gehalten, heute gilt es
1627 2058 2842 2116 digung seiner Erziehung. Eine kostbare Figur ist seine Mutter.
1621 2098 2844 2163 Königin von Silistrien, ehemals Liebling des Puhlikums (als
409 2112 1610 2171 für inhuman. Kriegführen halten heute noch sehr viele Menschen
211 2097 388 2177 dene ge¬
1630 2149 2835 2197 Sängerin) in Prag. Potipharszenen von schwer vergeßbarer
408 2167 1611 2221 für durchaus nötig, vielleicht kommt eine Zeit, in der es allgemein
211 2164 376 2223 Gelegen¬
1629 2174 2846 2240 Heiterkeit. Andere, in denen zum Beispiel der Gerichtsvoll¬
406 2202 836 2268 auch für inhuman gilt.
214 2204 380 2281 ilkan die
1625 2217 2835 2289 zieher von dem historischen Schreibtische Beschlag nimmt, an
459 2231 1615 2303 Sie: Wir wollen's hoffen. Heute sind wir jedenfalls sehr weit
1636 2289 2850 2326 dem die Könige von Silistrien schliefen. Eine Bacchanalszeue
401 2286 1606 2347 davon entfernt und müssen auch mit jener Begeisterung oder jenem
212 2283 390 2361 irklicher
1637 2312 2854 2365 der Pariser Grisettenwelt voll funkelnden Witzes und ausge¬
407 2342 1616 2397 Fanatismus rechnen, der Blutvergießen zum Vorwurf hat. Man mag
217 2346 389 2412 laubens¬
1631 2368 2848 2408 lassenster Laune. Vieles Pathetische, Dekorative mit herzlichem
407 2390 1617 2446 es beklagen oder als Gelegenheit preisen, männlichen Mut zu zeigen,
1634 2389 2847 2452 Lachen gesehen. Der Gegner des Prinzen fällt nach dem Duel
409 2425 1469 2492 jedenfalls weckt auch die Begeisterung edle und schöne Züge.
212 2423 390 2494 verehrte
1637 2444 2847 2494 in Ohnmacht: er ist nicht verwundet, nur stark betrunken. Da¬
457 2476 1609 2532 Er: Spartanische Anwandlungen. In der Schule haben wir
1629 2478 2842 2540 Ganze von herzhafter Frechheit, von einem Mangel an
228 2481 394 2543 Wärme
1643 2511 2839 2573 verecundia, von einem prachtvoll heiteren Aufdecken der
411 2513 1611 2584 gelernt, das schön zu finden, aber unsere ganze Kultur, unser ganzer
222 2529 394 2587 n sagen
1631 2556 2854 2626 Menschlichkeiten hinter all dem Getue. daß man sich herzlich
409 2554 1617 2632 Fortschritt, zielt darauf, jede Gelegenheit dazu sorgfältig aus der
229 2575 386 2640 Reserve.
1642 2610 1774 2669 freut.“
417 2605 1616 2676 Welt zu schaffen. Was andere Leute denken und glauben, ist ja so
222 2621 393 2686 den mo¬
1695 2617 2859 2699 Sein Bestes hat Donnay in den „Amanis“ gegeben. Zwei
412 2650 1630 2741 gleichgültig, solange sie mich denken und glauben lassen, was ich mag.
224 2673 398 2730 ung ab.
1639 2685 2849 2740 Leute, die einander heiß und tief lieben. Romeo und Julia in
464 2695 1620 2772 Ich: In dem „solange“ liegt der Fehler Ihrer Weltanschauung.
238 2720 396 2778 verliert
1641 2728 2853 2779 Paris. Trotzdem Claudine die Maitresse eines alternden Grafen
405 2747 1615 2812 Dem Fanatiker ist es nicht gleichgültig, und dadurch müssen Sie auch
235 2762 395 2835 Lebens¬
1633 2747 2854 2830 ist und Betheuil auf der Straße warten muß, bis der andere
413 2784 1624 2863 zum Verteidiger, das heißt zum Fanatiker Ihrer Meinung werden.
1641 2811 2853 2864 verschwunden ist. Sie lieben und streiten sich, versöhnen sich
402 2832 1617 2882 Statt ruhig in Ihrem Klubsessel zu sitzen, müssen Sie sich eventuell
1634 2845 2859 2902 und hassen sich wieder. Heftige Eifersuchtsszenen, leidenschaft.
228 2847 397 2924 geisterte
417 2892 1159 2967 hinter seinen Lederwänden verteidigen.
1634 2884 2866 2954 liche Erklärungen. Er will nicht mehr in diesem Lügengespinst
457 2922 1617 2992 Er: Sie wollen mich nicht verstehen. Welchen Fanati#mus ich
1654 2921 2861 2996 verharren; sie kann ihr Kind nicht verlassen. Nach kurzem ge¬
229 2938 409 3013 deutsche
1645 2982 2850 3034 meinschaftlichen, aller Seligkeit vollen Aufenthalt im Süden
415 2970 1627 3032 bekämpfe, will ich Ihnen in einer kleinen Geschichte erklären. Als
236 2993 409 3057 gnädige
1638 3010 2858 3065 reißt er sich schweren Herzens los um sich einer Expedition nach
417 3016 1618 3084 Napoleon daranging, Aegypten zu erobern, machte ihm ein Derwisch
227 3039 399 3097 unter¬
1642 3055 2857 3120 Indochina anzuschließen. Ein Abschied, voll zitternder, leiden¬
427 3068 1619 3133 viel zu schaffen, indem er die Massen sanatisierte und drohte, der
242 3084 404 3142 braucht
1644 3087 2864 3175 schaftlicher Erregung, voll Qual und Schmerz. „Lasse mich
417 3115 1632 3175 Engel Gabriel werde sich mit erhobener Hand zwischen Erde und
1645 3133 2849 3198 dich betrachten, schluchzt Claudine. —. geh. geh. sag' mir
427 3155 1622 3215 Sonne stellen, wenn die Araber die Fremden im Lande duldeten.
232 3178 399 3231 r. Des¬
1639 3191 1928 3248 nichts mehr!“
415 3200 1635 3270 Nun war aber eine Sonnenfinsternis in Aussicht, auf die der
242 3217 404 3280 ein, die
1704 3200 2856 3282 Sie weint und leidet lange, lange Zeit. Nie, glaubt sie, wird
423 3249 1634 3308 Derwisch mit dem Bild vom Engei Gabriel hingewiesen. Napoleon
252 3266 399 3326 ist das
1651 3275 2856 3337 sie das überwinden können. Der letzte Akt spielt achtzehn Mo¬
416 3293 1631 3352 ließ ihn kommen und ihm durch Gelehrte die Sonnenfinsternis er¬
239 3303 410 3376 ternunft
1662 3307 2859 3372 nate später. Betheuil ist zurückgetehrt. Die beiden tresfen
418 3339 1632 3409 klären. Er hörte aufmerksam zu, einmal, zweimal, dreimal, und
249 3360 401 3420 ergießt,
1650 3345 2875 3410 sich in Gesellschaft wieder. Er hat sich mit einem jungen
429 3403 1630 3458 erwiderte jedesmal, wenn man ihn fragte, ob er die Sache einge¬
1653 3403 2872 3461 Mädchen verlobt und sie wird den alten Grafen heiraten. Man
281 3408 399 3466 Dann
421 3426 1627 3501 sehen: „Es ist der Engel Gabriel, der sich drohend zwischen Erde und
1654 3427 2871 3497 ist geheilt und spricht freundlich, ja herzlich mit dem anderen.
242 3452 406 3521 ärmerei
1653 3484 2879 3539 Sie spricht, die Photographie der Braut des einst so Heißge¬
419 3480 1633 3545 Sonne stellt.“ Da verlor Napoleon die Geduld und rief: „Das ist
1642 3522 2866 3591 liebten betrachtend: „Wenn ich jemals das Original treffe.
417 3527 1450 3600 ein Fanatiker. Werst ihn hinaus und prügelt ihn durch!“
232 3545 405 3602 ie selbst
1651 3564 2455 3637 werde ich es von ganzem Herzen küssen.“
471 3577 1629 3631 Sie: Aber die Prügel werden ihn auch nicht überzeugt haben.
237 3589 409 3650 intönige
1656 3595 2886 3662 #ine Szone #n## die Vergänglichkeit irdischer Regungen.
468 3617 1628 3684 Ich: Nein. Das ist gerad dus Schlimme, daß die Mittel gegen
243 3635 423 3690 chritten,
1659 3643 2875 3690 shlbarer wird. Der Menschheit ganzer Jammer im engsten
421 3645 1634 3723 den Fanatismus nicht be#ter, sind als der Fanatismus selbst. Doh
248 3678 412 3728 8 zu er¬
1649 3677 2874 3730 Kahmen. Es liegt Melancholie und Heiterkeit über dieser Ke¬
423 3706 1635 3762 es ist spät, und wenn wir weiter sprechen, werden wir noch alle
243 3715 407 3776 ssen uns
1652 3722 2877 3781 mödie; sie ist bitter und grotesk, schmerzlich und lustig wie das
423 3755 619 3824 sanatisch.
246 3763 413 3825 as neue
1653 3754 2871 3826 Leben. Heineverse klingen beim Lesen im Ohr: Schattenküsse,
250 3808 427 3862 un wir
1651 3813 2484 3871 Schattenliebe; Schattenleben wunderbar
1701 3829 2861 3890 Liebesprobleme wersen auch fast alle übrigen Stürke
260 3851 426 3921 s in der
707 3824 1406 3955 Flaurice Donnay.
1653 3872 2870 3941 Donnays auf. Sie zeigen alle Phasen des Geschlechtskampse¬
253 3896 431 3959 nuß ge¬
1402 3904 1595 3960 Nachbruck
1649 3941 2864 3980 mit allen seinen Ueberraschungen und heimlichen Wunden
737 3926 1638 3999 Von Br. Theodor Reih (Glien). verboten.]
1650 3971 2882 4035 seinem Hinterhalt und seinen Siegen. Am Ende gibt es aber
258 3966 425 4047 gnödige
1651 4011 2255 4075 eigentlich nur besiegte Sieger.
503 3997 1633 4082 An Deutschland schließt jede Komödie mit einer Heirat.
259 4024 430 4102 ans gar
1705 4038 2866 4093 Der junge Mann ist bei Donnay ein Typ wie bei Arthur
535 4059 1645 4138 In Frankreich und im Leben beginnt sie damit. Stücke
261 4077 416 4138 en Ler¬
1655 4089 2871 4148 Schnitzler; es ist fast derselbe Typ. Er und seinesgleichen wer¬
438 4106 1278 4164 ##### dieser Art schreibt Maurice Donnay.
1651 4126 2744 4187 den mit „vieux jeunes gens“ am besten bezeichnet. C
495 4128 1649 4203 Er begann im Chat=Noir, jenem berühmten Kabarett der
