3392 4384
1123 280 1593 373 box 41/4
136 275 983 401 1. Miscellaneons
698 623 1043 703 Vertretungen:
305 677 1405 760 in Berlin, Basel, Budapest, Chicago, Cleveland, Christiania,
304 743 1402 799 Genf, Kopenhagen, London, Madrid, Mailand, Minneapolis,
310 773 1401 842 New-Vork, Paris, Rom, San Francisco, Stockholm, St. Peters¬
706 815 995 871 burg, Toronto.
602 841 1101 924 (Quellenangabe ohne Gewähr.)
301 907 720 992 Ausschnitt aus:
539 945 1335 1070 SLHLITEN TAGBLAT
296 1007 475 1063 vom:
468 1011 777 1107 —
737 1021 811 1114 —
532 1120 1301 1211 Das andere Wien.
637 1202 1521 1286 Von Albert Ehrenstein. (Nachdruck verboten)
410 1266 1516 1342 aß es in Wien außer den sattsam berühmten süßen
404 1337 1523 1397 Mädeln der Literatur und außer den Neolibrettisten,
296 1348 432 1416 4
436 1369 1513 1414 daß es in Wien, wo jedes Cottageviertel seinen Be¬
299 1413 1523 1457 zirksdostojewski, jedes obskure Blättchen seinen Feuilleton¬
287 1450 1519 1500 watteau besitzt, auch noch und vor allem geistig reine Kräfte
294 1497 1527 1554 gibt davon scheint man weiter nördlich nicht allzuviel zu
290 1533 1516 1595 wissen. Zwar werden die Emanationen der stärksten Potenz
304 1584 1523 1623 unter den Wiener Autoren, die Schöpfungen von Karl
289 1608 1526 1671 Kraus, heutzutage nicht mehr totgeschwiegen, aber es haftet
292 1661 1527 1730 ihnen nicht jene Plakatgrelle an, die selbst bei den Arbeiten
295 1703 1523 1764 Weiningers zu konstatieren ist, und damit fallen für das träge
294 1746 1113 1810 Normalgehirn die werbenden Reize fort.
341 1796 1527 1861 So haben nur „die wenigen Edlen“ die bestimmte Pracht
295 1825 1526 1908 seiner „Sprüche und Widersprüche“ den exklusiven
286 1870 1527 1928 Witz und das prophetische Pathos der „Chinesischen
288 1922 1539 1985 Mauer“ ihrer Bewunderung zugeführt. Aber selbst von
286 1955 1528 2032 dieser Minorität fiel mancher ab. Als Heine und die
294 2005 1531 2052 Folgen“ erschien, ergab sich unter den abtrünnigen An¬
286 2047 1527 2105 hängern eine kleine, lustige Verkehrsstockung. Dieser Schritt
286 2082 1523 2143 ist für Kraus aber nun einmal eine Lebensnotwendigkeit ge¬
284 2131 1524 2193 wesen. Seiner psychischen Konstitution nach mußte er seinen
288 2171 1529 2218 elementaren Vernichtungstrieb auslassen. Der Stil dieses
289 2206 1528 2259 Mannes ist nicht „eigenartig“, er ist gar nicht da, es ist
291 2251 1525 2302 die nackte deutsche Sprache, die sich durch Karl Kraus präsen¬
292 2293 1526 2347 tiert. Das Organ der Sprache allein kann alles: von dor
283 2328 1534 2399 an sich minder wertigen, nichtsdestoweniger genialen Repro¬
282 2386 1519 2445 duktion und Parodie saloppen Bombasts bis zu dem für einige
288 2417 1523 2473 Ewigkeiten feststehenden Aphorismus. Und da Karl Kraus, wie
291 2459 1526 2525 ich glaube, das Organ der heutigen deutschen Sprache ist, wäre
276 2504 1520 2573 es meines Erachtens nicht am Platze, seinen (gleich den drei
275 2537 1517 2609 vorerwähnten Büchern bei Albert Langen erschienenen)
285 2588 1527 2652 Aphorismenband Pro domo et mundo“ irgendwie
281 2623 1521 2692 mit den Leistungen französischer Aphoristen oder den Betrach¬
275 2674 1523 2716 tungen Lichtenbergs und Nietzsches zu vergleichen. Es scheint
274 2703 1513 2784 mir barbarisch, ein Buch zu analysieren, das keine Kritik ver¬
283 2758 1226 2813 trägt, weil es für mich die Vollkommenheit ist.
335 2798 1514 2846 Ob man nun seine (bei Jahoda u. Siegel verlegte) Bro¬
273 2830 1518 2894 schüre „Nestroy und die Nachwelt“ oder sein trotz
277 2883 1525 2955 scheinbar aggressiver Formulierungen nie ins Ungerechte ver¬
273 2937 1516 2979 zerrtes Porträt Arthur Schaitzlers zur Hand nimmt, stets
276 2980 1516 3035 dieselbe dämonische Rafang der Spräche Wieviel Manieriert¬
272 3010 1516 3078 heit verging bereits unter den Sichelwagen seines Grimmes,
285 3060 1509 3100 wie wenige Essayisten vermochten sich dem Einfluß seiner
272 3086 1516 3142 Wesenskraft zu entziehen! Von Krausimitationen wimmelt
275 3137 1512 3207 es nämlich nicht nur bei den ihm deswegen feindlichen
273 3190 1512 3245 Wiener Blättern und jungberliner Neokrakeelern, sogar in
274 3223 1514 3287 einer so erdfernen Zeitschrift, wie sie dem Namen nach der
270 3262 1516 3323 vielversprechende „Saturn“ des amüsanten Heidelberger
273 3318 1513 3376 Humoristen Hermann Meister sein sollte, fehlt es neben
277 3356 1521 3430 hochwertigem und ergötzlichem Eigenbau ab und zu nicht an
271 3388 764 3449 imprägnierten Stellen.
335 3450 1509 3507 Um so bemerkenswerter bleibt es, wenn in Wien selbst,
274 3487 1509 3553 auf dem ureigenen, kampferoberten Schlachtfelde des
1077 3535 1115 3569 0
270 3533 1509 3578 zornvollsten Propagators der „Neuen Freien Presse“, im un¬
270 3578 1512 3635 mittelbaren Bereiche der shakespearisch dialektischen Witze, der
282 3613 1508 3683 biblischen (Verwünschungen und Flüche des Herausgebers
275 3654 1508 3723 der „Fackel), ein Schaffender, völlig krausfrei und nicht
264 3691 1504 3762 verschluckt von diesem Erderschütterer, zu existieren und sich
260 3731 1509 3796 dem ungestörten Genusse eines unwandelbaren Stiles hinzu¬
272 3785 1499 3831 zeben vermag. Einer dieser seltenen Unabhängigen, der ein¬
271 3805 1508 3867 zige zudem unter den literarisch wertbaren Wiener Autoren,
289 3855 1524 3918 der in keiner Weise auf die Ergebnisse der pansexuellen
276 3896 1507 3962 Freudschen Psychoanalyse reagierte, ist der von unsauberen
306 3947 1537 4033 Likeraturpolitikern und Ruhmverteilern mit gleicher Vergeb¬
307 4003 1101 4084 lichkeit zurückgesetzte Otto Stoessl.
390 4059 1547 4125 Es gibt Erzähler, ganz und gar Epiker im Stil, in der
318 4092 1542 4171 Haltung und in der Technik, die alles Gedankliche in eine so
320 4146 1473 4194 erhabene Form bringen, daß Artisten in die klassisch=r¬
2032 187 2210 255 —
1543 3991 3337 4064 fremden und ihm statt dessen literarische Wechselbälge, tugend= wicklung zur Neurose steht
1557 4025 3317 4097 hafte oder gar sublime Produkte einer für den Volksgeschmack heit und Minderwertigkait
1558 4075 3345 4149 indiskutabeln Hochkunst zu unterschieben. Aber die Leser tende, sichernde, beruhigende
1556 4122 3226 4177 wollen das ihnen zugemessene kleine Quantum Leben in ein Sträglich zu machen. M
1568 4155 1693 4194 Marin¬
