3392 4384
192 247 295 341 1
1171 225 1646 330 box 41/4
324 238 1046 354 Miscellaneons
964 1006 1470 1146 — 9 7017
1065 997 2109 1186 — Redlesische- Norteheste Wancher
817 1219 2300 1285 Gelix Salten: Die Wege des Herrn. Novellen (Wien, Deutsch=Österreichischer Ver¬
826 1265 2313 1338 7) lag, M 3.—). Die siebzehn teils kürzeren teils längeren Stücke dieses Bandes sind
822 1314 2307 1400 ungleich auch im Wert. Manche erheben sich nicht über die empfindsam geistrei¬
821 1373 2322 1447 chelnde Durchschnittsskizze unterm Strich, manche sind vorzüglich. Salten hat einen
831 1424 2316 1506 schlimmen Feind seiner künstlerischen Entwicklung; das ist seine Geschicklichkeit,
836 1481 2317 1566 die ihn verleitet sich in allen Sätteln gerecht zu zeigen und seine Begabung zu
837 1556 2314 1622 industrialisieren. Wer eine so gute Hundeskizze schreiben kann wie die erste, die
828 1593 2319 1667 dem Buch den Titel gab, sollte es verschmähen, ihr einen psychologisch aufgeputzten
839 1653 2318 1712 Gemeinplatz folgen zu lassen wie die Audienz beim Minister oder novellistische
841 1700 2315 1773 Kartenkunststücke wie den Orestes oder Tini Holms Aufstieg: Sachen, welche man
837 1767 2316 1820 sich unwillkutt, von Schuitler behandelt denkt, der in seinen schwächsten Konstruk¬
844 1811 2317 1872 tionen eleganter ist, und der auch Stosse, wie die Multer der Sängerin, oder den alten
837 1866 2323 1940 Narren feiner behandelt hätte. Salten sollte zu stolz sein, um nach dem Ruhme eines
833 1970 2318 2048 #ecomsehand-Schnitzler zu streben; er kann dafür manches, das Schnitzler versagt ist.
828 2041 2318 2098 Ich rechne dazu nicht die Hinterbliebenen, bei welchem Stück die Schalen ziemlich
829 2092 2329 2165 gleich stehen werden (abgesehen von der recht problematischen Form der Ich-Erzäh¬
838 2152 2322 2211 lung); aber das Manhard=Zimmer oder die Erhebungen über die hundertjährige
839 2199 2329 2269 Barbara Liebhardt, oder Begräbnis sind knapper Maupassant aus der besten Zeit,
832 2241 2326 2325 Feiertag hingegen auf der Höhe des letzten, nicht mehr erfindenden, aber desto
840 2308 2324 2374 schärfer beobachtenden Maupassant. Das letzte Stück: Die Geliebte Friedrichs des
842 2362 2327 2431 Schönen dürfte, wenn das Entstehen der Monomanie feiner gezeichnet wäre — die
841 2425 2329 2492 Sache spielt sich in zu kurzer Zeit ab — sogar an In Geur Simple von Flaubert er¬
843 2464 2330 2544 innern. In solchen Stücken und nicht in dem mit aristokratischen Kreisen und
839 2547 2336 2589 Problemen kokettierenden Kitsch liegt Saltens Stärke; ebensowenig in konstruierten
840 2596 2341 2645 Künsteleien, wie den Srutzen bei Sedan. Ertüftelt und künstlich sind auch die drei
850 2649 2329 2709 Erzählungen des Bandes „Das Schicksal der Agathe“ (Inselverlag,M 3.—),
846 2695 2336 2764 in denen uns der Salten der kleinbürgerlichen Wiener Novelle als klassischer Prosa¬
851 2733 2332 2807 schriftsteller maskiert überrascht. Ich kann dabei den Gedanken nicht loswerden,
850 2790 2336 2866 daß er außer dem Genre Schnitzler und dem Genre Kleist auch das Genre Buchbinder
856 2841 2340 2924 oder sagen wir Victor Leon führt; er liefert alles, er kann alles, er kann zuviel. Er
852 2894 2331 2979 jongliert im „Schicksal der Agathe“ mit jenem st zifisch wienerischen Schicksals¬
851 2971 2339 3026 begriff, der etwas von der erhabenen Notwendigk it eines Lotto=Quaternos hat.
861 3006 2348 3091 „Heimfahrt“ ist ein entsetzlich spannender Hintertreppenromanextrakt, der ausgeht
852 3061 2344 3130 wie das Hornberger Schießen, „König Dietrichs Befreiung“ ein von psychologischem
848 3109 2342 3174 Tiefsinn schier zerplatzender #o#ausrent, der zusammenfällt, sobald man kritisch
851 3179 2349 3240 hineinsticht. Bleibe im Lande und nähre uns redlich! möchte man Salten zurufen.
860 3221 2354 3299 Schiele nicht nach rechts zu Arthur Schnitzler, noch nach links zu Jakob Wasser¬
861 3287 2345 3340 mann und werde einseitig! Man muß nicht nur den Mut zu seiner Begabung,
859 3327 2351 3402 sondern auch den zu seinem Genre haben. Eine gute moderne Geschichte ist uns
865 3394 2344 3469 lieber als historische Stilübungen. Der Fall ist typisch. Viele unserer besten Er¬
858 3461 2352 3519 zähler flüchten vor der Zeit und vor sich selbst in die Lüge einer Vergangenheit,
863 3474 2382 3567 an die sie selbst nicht glauben, und schreiben Geschichten, die weder historisch noch.“
862 3562 1128 3628 modern sind.
1942 3599 2349 3675 Josef Hofmiller.
852 3621 1072 3690 München.
1073 3608 1253 3715 S
