3392 4384
1177 188 1632 285 box 41/4
334 202 542 270 Misc
165 200 1025 306 1eflaneons
413 1584 1415 1668 Zur Naturgeschichte des Junggesellen.
592 1664 1230 1731 Von Felix Poppenberg.*)
425 1708 1516 1781 „Ich glaube wir Junggesellen stammen nicht von Adam
306 1772 1530 1826 und Eva. Adam wird wohl einen weitläufigen Vetter gehabt
316 1814 1519 1866 haben... ledig, ein pensionierter alter Herr, den Kain und Abel
308 1854 1129 1907 Onkel nannten, von dem stammen wir ab.“
428 1898 1521 1945 Von einem Lebenskünstler kommt das Wort, von
325 1926 1519 2001 Alexander von Villers, der nach buntem Leben als Legationsrat
327 1986 1524 2044 4. D. bei Wien in seinem kleinen Landgehäus zwischen Natur,
310 2016 1523 2084 Büchern und Papier ein beschauliches Dasein pflegte, Briefe
327 2074 1530 2131 voller Nachdenklichkeiten und Humore schrieb und wie ein fein
322 2109 1486 2161 sorgender Gärtner die stillen Freuden seiner Einsamkeit hegte.
425 2162 1523 2210 Diese Persönlichkeit soll mit ihrem spielenden Wort zu¬
312 2192 1517 2249 nächst nur die Atmosphäre angeben, in der unser kleines natur¬
308 2250 1524 2299 geschichtliches Kapitel vom Junggesellen sich bewegen wird....
316 2293 1515 2342 Vom Junggesellen, so möchten wir diesen Traktat lieber über¬
308 2325 1522 2387 schreiben. Dann bekommt er das helle genießerische Gesicht, das
315 2376 691 2439 wir hier brauchen.
428 2407 1528 2469 Denn keineswegs wird hier vom mürrisch=weiberscheuen
310 2469 1514 2515 Hagestolz gesprochen werden, den man sich etwa in der essig¬
306 2504 1511 2566 sauren Maske des Böcklinschen Kritikerkopfes vorzustellen hat,
312 2553 1524 2606 nicht von enterbten, vertrockneten Halbnaturen, die auf der
318 2597 1513 2652 Strecke liegen bleiben, weil sie aus der Oede ihres Herzens her¬
313 2641 1515 2698 aus nicht Liebe geben und nicht Liebe erwerben konnten, und
310 2678 1205 2743 fröstelnd, schlürfend im Leeren sich verlieren.
427 2718 1522 2784 Ein großer Denker und ein großer Dichter trugen in ihrer
306 2781 1516 2822 Menschlichkeit dies Schicksal: Arthur Schopenhauer und
306 2821 837 2888 Franz Grillparzer.
436 2857 1518 2910 Schopenhauer, der, in seine eigenen Gehirnzellen ver¬
322 2907 1517 2965 bissen, verbittert und verachtend sich selbst mit Menschenhaß ver¬
307 2952 1517 3007 giftete, so daß, wie Herbert Eulenberg in seinem helldunkeln
316 2995 1515 3052 Porträt von ihm sagt, sein Greisenantlitz das entsetzlichste ist,
307 3046 1511 3094 das wir kennen. (Bismarck, der doch Mut für sieben hatte, er¬
318 3089 1515 3135 trug den Anblick dieses Mannes schwer und saß als Gesandter
309 3130 1514 3177 beim Deutschen Bunde zu Frankfurt ungern im „Schwan“, wenn
316 3170 1511 3222 jener steinerne Gast erschien.) — Und Grillparzer, der sein Ge¬
488 3232 1516 3304 In den nächsten Tagen erscheint im Verlage von Erich
451 3256 494 3309 *)
316 3296 1517 3341 Reiß, Berlin, ein neues Buch „Maskenzüge“ von Felix
312 3328 1517 3378 Poppenberg. Wir sind in der Lage, unsern Lesern schon
309 3372 1520 3424 heute eine der geistvollen literarischen Plaudereien des bekannten
322 3408 756 3476 Essayisten vorzulegen.
767 3405 1488 3496 0rrer /1. 5#/70 Die Red.
663 3445 786 3503 Z
2036 1483 2128 1572 4
1540 1557 2761 1609 fühl an die Geschöpfe seiner Einbildungskraft ausgab und aus¬
2758 1574 3348 1624 schaftliche Sympathie miteinan
1549 1607 2736 1659 gedörrt, leer, alt und kalt übrigblieb. Seine schlimme Laune und
2768 1606 3338 1670 sein Tagebuch: „Das größte
1548 1644 2743 1690 sein galliges Gemüt lud er bei seiner „ewigen Braut", Hathi
2754 1656 3336 1712 ich nicht allein blieb, weil ich
1544 1686 2742 1743 Fröhlich, ab; zur Einsamkeit verdammt, konnte er dennoch nicht
2876 1692 3354 1755 Das ist für sensible N#
1545 1736 2736 1794 allein bleiben, so hockte und verspann er sich in seine Mißmuts¬
2754 1733 3354 1789 passen zu den Täglichkeiten der
1547 1769 2739 1853 hecke bei den Schwestern mit dem heiteren Namen ein, zum Zerr¬
2767 1785 3356 1849 Schwellenkommunismus von fr
1542 1815 2137 1881 bild menschlicher Gemeinschaft.
2872 1832 3356 1895 Ein reizbarer ästhetischer
1655 1859 2739 1933 Von solchen Naturen sei hier nicht geredet, im Gegenteil,
2764 1874 3347 1936 die andern grade für die Negli
1547 1900 2745 1977 diesen Misogynen steht unser Junggeselle gegenüber, der nicht
2768 1921 3349 1981 mungen und Oedigkeitsmomente
1543 1956 2752 2012 deswegen die Ehe mied, weil er die Frauen nicht liebte, sondern
2760 1958 3347 2020 liche Gefährtin brauchen, Aus
1548 2001 2740 2052 vielleicht eher, weil er sie zu sehr liebte und an sich das Organ
2763 2005 3353 2064 liches Tragen, so scheuen diese
1534 2041 2471 2096 der Treue und der stillen Beständigkeit vermißte.
2771 2055 3357 2109 Ihre Gemeinsamkeiten wünsche
2756 2103 3363 2151 sie wollen nur ihre besten Sti
1643 2093 2738 2155 Wer besser von beiden, wer weiß es? Am Ausgang von
2758 2142 3341 2212 Gram, die Melancholie über
1544 2135 2736 2199 Hofmannsthals Komödie „Christinas Heimreise“ schaut Casa¬
2755 2181 2909 2249 zurück.
1540 2180 2736 2236 nova, der Abenteurer, in ein ruhevolles Hausglück hinein, das
1537 2228 2744 2284 21 hätte haben können, und ein Schatten der Melancholie, etwas
2863 2201 3356 2284 Sie treiben eine Art Hoch
2751 2242 3361 2325 ziehungen und erhalten sie das
1541 2268 2737 2325 von jener Stimmung: ich bin nur durch die Welt gerannt, fällt
2766 2316 3350 2379 egoistischer Wurzel stammend, äu
1543 2323 2741 2373 über den Fremdling, den Unbehausten. Doch er schüttelt's ab,
2768 2359 3340 2413 aus als Rücksicht, Rücksicht auf
1540 2358 2749 2432 die Pferde ziehen an, und in die Welt, zum Divin imprévu,
1544 2398 1942 2462 trägt es ihn weiter.
2759 2403 3362 2449 fassung und auf die der andern.
2880 2436 3351 2503 Ausgeprägte Selbständigke
1643 2444 2752 2516 Der Erotiker kann kaum ein guter und zuverlässiger Le¬
2765 2486 3360 2537 äußeren Dingen. Nicht die Hilf
1540 2477 2741 2534 bensgemeinschaftler sein. Und hat er die Erkenntnis seiner Art,
2754 2524 3363 2602 von der teuern Gattin zum Schn
1533 2530 2749 2578 ist er zudem noch ein Wissender um die Unsicherheit aller Lebens¬
2758 2571 3129 2639 koffer gepackt wird.
1536 2579 2752 2631 beziehungen — Schnitzler hat dies oft geschildert — und kennt
2868 2590 3352 2680 Der Klasse von Menschen,
1538 2625 2752 2671 er das Gesetz der Umwandlung, das Ibsen in ganzerSchonungs¬
2758 2644 3353 2718 solche Dienste nur fatal. Sie, fi
1538 2665 2743 2712 losigkeit aufgestellt, dann handelt er-wohl ethischer, wenn er nicht
2768 2701 3361 2762 läßt, dadurch hörig wird. Und d
1540 2709 2740 2760 heiratet und das Gebot Schleiermachers, des Predigers an der
2760 2738 3370 2807 druck. Sie lieben fanatisch die
1541 2752 2751 2793 Dreifaltigkeitskirche, erfüllt: „Du sollst keineEhe schließen, die ge¬
2762 2787 3353 2850 wortlichkeit, die Beweglichkeit
1540 2792 2746 2847 brochen werden müßte. Er wird dann in den Erregungen der
2755 2842 3360 2898 heraus, ohne Rechenschaft ableg
1531 2835 2750 2892 Liebe leben, Glück empfangen und Glück geben, leiden und leiden
1537 2881 2738 2940 machen, im Aufschwung und im Decrescendo müde werden und
2868 2879 3368 2943 Frauen, die lieben, fragen
1528 2924 2737 2970 wieder leuchtend jung, bis seine Stunde schlägt, le quart d’heure
2754 2915 3371 2988 in einem jetzt gespielten englische
1540 2968 2741 3023 de Rabelais; und wenn seine menschliche Qualität gut, so hat
2753 2977 3338 3028 du wieder?“, sie fragen auch:
1542 3012 2737 3064 er nach dem Tanz genügende Reserven der Betrachtsamkeit in
2761 3020 3360 3067 hin, und sie fragen vor allem:
1544 3054 2732 3107 sich gespeichert, daß er das Alter trägt ohne Horror vacui.
2755 3059 3356 3128 läßt du jenes, und sie fügen fe
1534 3095 2730 3152 Und der Erotiker wird dann vielleicht Bibliophile und Sammler,
2765 3101 3371 3163 aber doch damals ....“, und d
1542 3144 2730 3199 ein ästhetischer Eremit, wie der Abbé Galiani, wie Heinse, wie
2761 3149 3356 3216 digen halten sie bitter entgegen:
1546 3184 2735 3238 Stendhal, die in der geisterfüllten Stille ihrer Bücherei spazieren
2761 3189 3372 3262 dürfen... und dann setzen sich
1546 3233 2734 3285 gehen wie in einem Garten der Erkenntnis und, aller Möglich¬
2754 3233 2986 3290 übel
1539 3268 2292 3337 keiten voll, Abenteuer der Seele erleben.
2848 3257 3374 3335 Ich verstehe die gequälte U
1648 3305 2737 3363 Der Fürst Pückler, der Typus des Junggesellen, trotz¬
2753 3317 3374 3367 und sie tut mir leid, daß sie, wäh
1534 3359 2726 3399 dem er verheiratet war — er ließ sich im gegenseitigen Einver¬
2756 3362 3377 3430 mert, jedes seiner Augenblicke tei
1531 3398 3017 3460 nehmen von seiner Frau scheiden, und sie pflegten eine freund= 1 nur verliert.
