3436 4320
1415 102 2381 172 dar  eenen genenen enenensen di . 1. . e
465 136 1433 188 ter dieser sachlichen Ruhe ein Erleben, tief bis
1427 157 2395 205 wieder ein Morgen, ein Tag wieder und das
474 174 1432 217 in den Tod; in Wirklichkeit ist dieses scheinbare
1422 200 2402 246 Leben geht weiter mit seinen Widersprüchen und
472 218 1418 271 und von Vielen mißverstandene Unbeteiligisein
1434 244 2392 307 unlösbaren Verwicklungen, mit seinen kupp¬
466 259 1417 303 nichts als eine verhaltene und ins Geistige subli¬
1426 279 2397 350 lerischen Versuchungen und seinem meskinen
463 300 1424 362 mierte Leidenschaftlichkeit, ein bebender Schauer
1436 321 2143 392 Zwiespalt zwischen Gut und Böse.
461 343 1429 398 und eine Erregung, die innerhalb der
1553 374 2139 434 Oft genug hab' ich versucht,
467 389 1435 454 Dinge vor sich gehen gleichsam als lautloser in¬
1467 396 2279 473 „Dem sich so viele Wunder offenbarten,
456 431 1428 488 nerer Kreislauf. Und dann weiß der Dichter,
1479 460 2356 519 „Auch dies zu kennen, das ihr Liebe nennt.
454 481 1432 529 daß die sogenannten entscheidenden Ereignisse in
1480 492 2391 575 „Ich weiß von Wunsch und Lust und Über¬
457 517 1426 577 unserem Leben fast immer ohne jedes äußerliche
2142 541 2308 615 druß —
462 560 1428 605 Pathos eintreten, ohne Donner und Blitz: an
1470 569 2258 642 „Das Wundar fühlt ich nie.
458 595 1431 662 einem Tage, der alltäglich ist und gewöhnlich
468 641 1426 699 wie jeder andere, mit Worten, die schon unge¬
1481 631 2387 720 Ein Gottsucher, der seinen Gott nicht findet.
464 688 1437 752 zählte Male gesagt worden sind, oder in einer
470 728 1429 789 Stille, deren Schweigen banger ist und schwerer
1459 717 2389 803 Wenn man — ohne zu wissen, deß es Arthur
467 770 827 840 als alle Worte.
1427 778 2395 838 Schnitzler ist — diesem vornehmen freundlich
503 811 1425 873 Immer wieder hat Schnitzler erfahren wollen,
1430 836 2396 893 reservierten Herrn begegnet, der in sich selbst
467 862 1423 929 was es denn mit dem Puppenspiel des Lebens
1437 872 2384 934 zurückgezogen scheint wie in eine große Stille,
1434 914 2400 969 wenn man diese noble, gepflegt., in allen ihren
467 904 1423 959 eigentlich sei und immer wieder kehrte er un¬
1428 954 2399 1002 Bewegungen von einer inneren Erziehung
460 948 1428 1010 verrichteter Dinge zurück; wie ein Mensch, der
1437 996 2396 1058 gelenkte Erscheinung im Theater oder einem
460 993 1423 1064 gestehen muß, daß er doch nicht helfen kann. Es
1426 1041 2394 1101 Salon betrachtet, so läßt sich der erste Eindruck
465 1034 1414 1093 gibt keine Vereinigung, keine Verschmelzung;
1424 1076 2402 1133 in zwei Worte zusammenfassen: Kultur und Tra¬
457 1088 1430 1141 selbst in der Umarmung der Geschlechter bleibt
1426 1123 2404 1178 dition; was ja im Grunde ginommen Eines ist.
466 1122 1425 1174 jedes allein. Je älter Schnitzler wurde, je länger
470 1168 1429 1227 die Strecke, auf die er zurückschauen konnte,
1455 1171 2399 1214 Um die Gestalt Arthur Schnitzlers wie um
469 1198 1418 1263 desto tiefer empfand er die Wehmut derer, die
1437 1206 2386 1258 alle seine Gestalten fließt eine ganz eigentümliche
1426 1253 2400 1307 Lebensluft, ein Akkord von sicherer Einfachheit
471 1256 1420 1304 tausendfach einer Liebe entsagen — um sie den¬
467 1293 1421 1341 noch tausendfach zu bewahren. Aber zugleich re¬
1424 1298 2394 1353 und künstlerischer Verfeinerung; ein vornehmer
1428 1342 2387 1393 Reichtum und die ästhetische Freude an leichten,
462 1335 1425 1403 signierte er sich auch, lächelnd und in reifer Er¬
469 1374 1425 1434 kenntnis zuzusehen, wie ringsu die Schicksale
1431 1373 2392 1441 schönen und meinetwegen zwecklosen Dingen.
465 1415 2399 1475 fallen. Die Martsteine auf seinem Weg ins Freie] Etwas Undefinierbares und Ungreisbares und
1430 1464 2394 1521 war doch das kostbanste Gut dieser- veraumten
462 1475 1178 1540 heißen Abschied und Einsamkett.
926 1513 998 1559 4
1427 1505 2396 1577 und verkommenen Stadt: die Wiener Tradition
425 1510 511 1582 9ru
1423 1550 1726 1609 und Kultur.
504 1539 1433 1604 Abschied und Einsamkeit: dieses Leitmotiv in
1459 1566 2399 1657 Vorbei. Nur mehr ein versinkender Traum.
459 1593 1425 1655 Moll gehört zu fast allen Menschen in Schnitz¬
1430 1627 2391 1681 Resonanz der Erinnerung. Vielleicht bald nur
465 1639 1421 1695 lers Stücken und Dramen. Sie tragen Schick¬
1430 1675 2401 1730 ein dürres Wort, ein abstrakter Begriff ohne
456 1682 1417 1734 sale, diese Menschen, unter denen ein unmög¬
1426 1713 2395 1778 Vorstellung. Und Schnitzlers er kommt schon
457 1729 1418 1779 licher Traum verschüttet liegt. Eine selisame
1432 1749 2390 1813 heute neben seinem rein dichterischen Wert, die
465 1772 1431 1836 Fremdheit schwebt über ihnen, wie der seine
1429 1803 2383 1858 Bedeutung eines kulturhistorischen Dokuments
453 1806 1424 1871 Schleier über einer herbstlichen Landschaft.
1425 1837 2401 1911 zu. Das Spiegelbild einer Stadt, die inzwischen
455 1859 1423 1910 Etwas voll gefährlicher Unruhe und unergründ¬
1429 1898 2021 1964 ihr eigenes Ich verloren hat.
470 1898 1419 1964 lich bezaubernder Süße stört ihnen das Gleich¬
1464 1907 2404 1995 Arthur Schnitzler begeht übermorgen seinen!
466 1930 1439 2001 gewicht und den klaren Blick; etwas, das sie
465 1964 2406 2038 achtles und hochmütig am Leben vorübergehen 60. Geburtstag; an diesem Tage werden die
462 2011 2391 2078 macht, das ihm heimtüesisch in den Arm fällt, Vielen in allen Ländern dankbar seiner geden¬
459 2074 2381 2103 so off sie ihn nur ausstrecken mußten: etwas, das ken, die der große Magier mit lebendigen Stun¬
471 2096 2395 2159 böse Mächte in ihnen die Oberhand gewinnen den beschenkt hat; und sicherlich noch beschenken
458 2150 2397 2208 läßt: dann stürzen sie sich in den Reigen #er wird. Aber vor allem ist es Wien, das mit
469 2184 2391 2250 groben Genüsse, der bentalsten sinnlichen Be= Schnitzler den 60. Geburtstag feiern wird. Und
470 2228 2397 2286 täubung, wie beseisen von dem Trieb nacht da fragt man sich: selbst, wenn Schnitzler das
466 2291 2393 2339 Selbsivernichtung; als wollten sie Nache üben Alter des Pfalmisten erreichen sollte — wir wün¬
1436 2304 2399 2377 schen es von Herzen — wird es ihm noch ver¬
470 2324 1438 2394 aus Verzweiflung, daß sie nicht jähig sind zu
461 2341 2392 2410 nehmen, zuzugreifen. Schein wandelt sich ihnens gönnt sein, mit Wien den Geburtstag, den Wie¬
1434 2405 2333 2463 dergeburtstag der Wiener Kultur zu feiern?
474 2409 1429 2465 in Wirklichkeit. Wirklichkeit in Schein. Helden¬
1471 2433 2413 2501 Oder ist es vorbei, für immer vorbei? Ab=K
471 2454 1432 2511 spieler in der Komödie der Worte, in der sie sich
1433 2481 1984 2561 schied und Einsamkeit ...
462 2498 1385 2560 über die Lebenslüge hinweglügen möchten
466 2537 1429 2590 Betrüger, die nach kurzem Zwischenspiel erken¬
1787 2515 2338 2596 Moriz Scheyer (Wien).
477 2577 1431 2632 neu müssen, daß sie selbst die Betrogenen sind.
476 2621 1445 2681 Und dann ist plötzlich der letzte Abschied da und
461 2674 932 2739 die letzte Einsamkeit.
520 2702 1450 2786 „Es fließen ineinander Traum und Wachen,
513 2766 1448 2826 „Wahrheit und Lüge. Sicherheit ist nirgends.
511 2809 1453 2867 „Wir wissen nichts von anderen, nichts von
1269 2854 1406 2906 uns;
518 2881 1467 2970 „Wir spielen immer, wer es weiß, ist klug.“
518 2936 1453 3011 Sthattentänze. Aus dem Grauen vor der Ba.
477 2987 1451 3059 aalit#t, vor dem horror vaeni, legt der Dichter
480 3038 1451 3100 die Bandersehnsucht in das Herz seiner Men¬
464 3084 1457 3152 schen. Es reißt sie in derartigem Ungenügen von¬
472 3123 1445 3195 einander los, kaum daß ie sich gesunden. In
461 3164 1456 3235 ihrer Angst vor der abtörenden Stumpfheit des
465 3230 1443 3273 ewigen Stilliegens treibt es sie zu anderen Him¬
476 3263 1439 3310 meln, zu der Atmosphäre abenteuerlicher Fer¬
467 3302 1455 3354 nen. Aber zugleich betrachtet Schnitzler dieses
468 3332 1456 3397 Taumeln und Flattern, dieses nutzlose Zucken
469 3382 1461 3441 und Sichwehren, wie man etwa dem Ablaufen
470 3423 1448 3481 eines Räderwerkes zusieht: sub specii aeterni¬
470 3467 1443 3540 tatis, unter dem Prisma der Vergänglichkeit
473 3504 1446 3573 Im Getriebe der Großstadt, im Lärm der
484 3543 1455 3600 Straßen, in erleuchteten Sälen mitten unter
465 3603 1460 3663 lachenden und ahnungslosen Menschen, im
472 3637 1457 3702 Schrei der Erotik: überall ersteht ihm der durch¬
469 3680 1450 3745 dringende Ruf des Sterbens. Und der ganze
482 3707 1461 3784 komplizierte Mechonismus dieses kreischenden
470 3776 1460 3824 vom unberechenbarsten Zufall und vom anima¬
480 3801 1458 3866 lischen Instinkt getriebenen Näderwerkes muß
478 3855 1446 3908 dem Deterministen Schnitzler wie etwas lächer¬
474 3885 1457 3957 lich Nichtiges und Gespensterhaftes erscheinen.
480 3930 1453 3999 Schattentänze. Nur Eines sieht greß und wirklich
470 3988 1041 4060 im Hintergrund: der Tod.
536 4063 1451 4124 Den Duft und den ganzen sinnlichen Zauber
490 4120 1454 4187 seiner Kunst, diese wunderbar instrumentierte
