3392 4480
259 213 1560 336 6oth Birthdag box 39/3
2084 37 2876 123 ar Hans diining Tür dur  Ten
2063 105 2876 177 doft av en förgängen, lyckligare tid.
2066 161 2866 227 Andä har aldrig Arthur Schnitzler va¬
2067 208 2867 271 rit nägon det uppsluppna wienlynnets
2057 250 2863 329 impulsive skildrare, Han älskar det
2058 309 2876 374 halvsagda, veka och drömmande för att
2065 358 2874 426 i nästa ögonblick vara mäktig en genom¬
2070 408 2878 480 borrande satir. Han är försiktig i sina
2065 455 2879 539 diagnoser; säkert skulle det erbjuda ett
2078 507 2882 576 givande studium att genomgä i vad män
2064 566 2883 625 hans egenskap av läkare binder eller
2073 604 2876 673 stöder hans diktaregärning. Han läter
2071 654 2876 712 inte sin fantasi skena i väg med förstän¬
2072 705 2881 768 det, dä han uttager ett psykologiskt fall
2070 754 2883 802 till behandling. Det är förklarligt att
2069 797 2871 859 han i sina större dramer pästätts ef¬
2080 860 2877 910 tersträva ibsenskt noggranna beräknings¬
2074 898 2890 972 metoder. Människorna i hans verk äro
2079 941 2883 1009 medvetna om sig själva, de hälla oftast
2071 996 2885 1077 sä att säga räkning pä sin egen puls.
2081 1048 2884 1125 Författaren skulle kunna anses karak¬
2094 1110 2881 1175 tärisera en mängfald av sina figurer
2084 1151 2893 1245 med ett par rader ur en tidigt skriven
2089 1200 2207 1274 dikt:
2094 1278 2888 1381 'In uns zog nie ein Selbstvergessen ein
2093 1342 2874 1421 und unsre Lust hat niemals uns ent¬
2487 1390 2761 1472 geistert.
2104 1448 2893 1534 Treenigheten i Schnitzlers personliga
2073 1515 2885 1598 karaktärskomplex blir slutligen icke
2082 1564 2875 1635 fullt belyst, om man förgäter att dikta¬
2080 1621 2896 1680 ren-läkaren är av judisk börd. Detta
2076 1657 2903 1726 ger nog en speciell betoning ät hans in¬
2080 1719 2881 1795 tellektuella skepsis och vekliga frivo¬
2088 1766 2202 1833 litet.
2112 1795 2890 1886 Schnitzler drog uppmärksamheten till
2081 1865 2876 1930 sig genast vid sin första bok, de gra¬
2090 1923 2882 1987 ciösa dialogerna om 'Anatol’. Den ele¬
2084 1962 2876 2035 gante bortskämde hjälten, som söker en
2088 2016 2867 2088 ny färgsensation till varje erotisk upple¬
2088 2075 2880 2144 velse och koketterar svaghet och sensu¬
2082 2119 2872 2172 ell hypokondri, har säkerligen sig till¬
2074 2173 2882 2236 förgäkrad odödlighet pä scenen. En del
2081 2216 2884 2283 repliker skulle mähända för den. som!
2093 2260 2889 2319 icke vore viss om ursprunget, lika väl
2090 2301 2891 2373 förefalle att härstamma frän nägon
2084 2350 2890 2424 sak av Oscar Wilde: Jag känner det,
2078 2409 2903 2480 som om jag ginge miste om mycket i
2081 2457 2900 2519 fall jag funne mig riktigt stark en dag.
2083 2507 2900 2575 Det finns sä mänga sjukdomar men
2090 2549 2892 2606 bara ett slags hälsa, Man mäste känna
2092 2600 2892 2663 sig just sà frisk som alla andra och
2081 2648 2911 2723 ändä kan man vara sjuk pä ett heit
2093 2699 2684 2768 olika sätt än nägon annan'.
2117 2745 2910 2822 Schnitzlers pessimism gär gärna utt
2081 2796 2903 2878 över mannen, han är visserligen icke
2079 2855 2897 2920 feminist, men i alla fall en diametral mot¬
2085 2910 2898 2978 sats till Strindberg, som ju ständigt hem¬
2094 2952 2923 3023 föll ät den affekt nervspecialister bru-k
2091 3005 2893 3077 ka rubricera 'den manliga protesten“.
2093 3044 2902 3130 Schnitzler gömmer under all sin ironi pä
2084 3107 2907 3180 försvarslust, när det gäller kvinnorna.
2096 3147 2904 3218 Han bekänner sig icke till nägon
2106 3204 2882 3272 Vhandskemoral' men t. ex. i'Märchen'
2097 3247 2900 3323 tager han upp frägan om den dubbla
2097 3300 2897 3365 moralen och dess olika krav: det rela¬
2096 3361 2905 3417 tiva, dä det gäller mannen, det absoluta,
2086 3402 2894 3476 dä det är fräga om kvinnan, Förfat¬
2100 3435 2911 3511 taren für verkligt patos, i sina angrepp
2107 3495 2920 3568 mot de gammalmodiga, som icke kunna
2112 3531 2909 3602 se skillnaden mellan den andliga och den
2110 3598 2911 3651 fysiska oberördheten. Tragiken i stye¬
2107 3634 2919 3699 ket ligger dock i att mannen, som har
2102 3694 2912 3780 att förfäkta teorien, icke orkar fullfölja
2106 3744 2909 3805 den i praxis. Herman Bahr karaktäri¬
2103 3790 2929 3851 serar pä pricken figuren: ’Sein Gefühl
2116 3840 2919 3900 hat nicht den Mut seines Verstandes“.
2151 3888 2918 3952 Det är här knappast platsen att ingä
2122 3938 2918 4011 pä nägon undersökning av den rad scen¬
2115 3989 2923 4066 verk, som tillhör Schnitzlers produktion,
2106 4034 2919 4129 och icke heller pä det befogade eller
2480 4086 2915 4137 skandalösa unnmärk¬
