3392 4352
1073 317 1587 409 box 39/3
221 332 1007 428 60th Birthdar
1236 906 2051 983 Weltrundschau: Artur Schnitzler
631 932 734 991 132
1640 1002 2645 1070 während von Todesgrauen geschüttelt werden, daß es überhaupt
637 1009 1642 1090 go
1641 1055 2650 1112 keine Männer gibt, die die Idee höher stellen als das eigene
1646 1105 2658 1166 Leben. Ja, Schnitzler, der Skeptiker, leugnet manchmal geradezu
1643 1148 2647 1210 das Bestehen dieser Ideen, die größer sind als das Ich. Da¬
1649 1187 2656 1252 durch verrennt er sich in einen ethischen Tiefstand, der zur
1657 1223 2652 1308 Höhe seiner Kunst in krassem Widerspruch steht. Sucht er
1644 1268 2654 1337 einmal, einem Besinnen folgend, Ideen darzustellen, die das
1656 1312 2656 1392 Individuum überwinden, so versagt er. „Der junge Medardus“
1651 1353 2663 1436 und „Professor Bernhardi“ gehören zu seinen allerschwächsten
1075 1375 1142 1421 #
1647 1386 2667 1468 Schöpfungen. Vielleicht kann er hier wieder durch sein im
1652 1442 2662 1528 Wienertum begründetes Altösterreichertum entschuldigt werden.
1709 1492 2661 1550 In unserer von Ideen übervollen Zeit, die sich oft allzu
1655 1534 2670 1594 laut gebärden, steht der seine, vornehme, leise Mensch als ein
1117 1560 1246 1598 iueis
1664 1569 2666 1645 Einsamer, dem es nie gegeben war, energisch „ja“ oder „nein“
1668 1610 2663 1695 zu sagen. Er, der ein „führender“ Dichter ist, hat keine einzige
1659 1676 2671 1735 Eigenschaft des Führers, der einen, wenn auch nur literarischen,
1666 1702 2667 1776 Heerbann befehligt. Aber er wird immer, heute mehr denn je,
1658 1747 2672 1810 eine nneue Gemeinde stiller Menschen besitzen, die Leben und
1658 1787 2675 1864 Gewohnheiten des alten Regimes in die neue proletarische Zeit
1663 1842 2682 1908 hinübergerettet haben. Und auch die zünftige Literaturgeschichte
1666 1883 2675 1953 wird ihm einen ehrenvollen Platz bewahren müssen. Denn er
1674 1927 2676 2004 hat in einer Zeit, da das deutsche Dichterroß, schen ge¬
1205 1959 1350 2032 2 8
1668 1953 2685 2046 worden, viele schöne Blumen in unserem Garten zertreien
1673 2012 2683 2076 wollte, sein redlich Teil dazu beigetragen, es auf gefahrlose
1667 2045 2679 2117 Wege zurückzuzwingen. Und die Jungen, die heute sich an¬
1671 2090 2680 2177 schicken, ein noch gefährlicheres und noch weniger nötiges Ex¬
1672 2143 2678 2222 periment mit dem armen Tier zu wagen, sollten nicht ver¬
1681 2184 2687 2257 gessen, daß unser Sechziger in reichem Maße das besitzt, was
1675 2224 2693 2303 ihnen versagt ist: Grazie, Geschmack, ein sicheres Gefühl für
1674 2267 2683 2355 die Grenzen des ästhetisch Erlaubten und Achtung vor der
715 2305 1635 2371 Die 1000=Jahrfeier der Stadt Quedlinburg. Am 22. April d. J.
1680 2327 2690 2391 Sprache, die er in seinem Lebenswerk zu eigenartiger, vor¬
715 2334 1646 2388 feierte die Stadt Quedlinburg ihr 1000jähriges Jubiläum, das §
731 2351 1626 2429 zwei Tage die Stadt mit Festfreude erfüllte. Im Mittelvunkt des
1676 2373 2134 2444 nehmer Höhe gebildet hat.
1613 2374 1676 2436 8
733 2398 1630 2456 reichhaltigen Festprogramms stand ein Festzug, in dem Handel
734 2422 1651 2481 und Gewerbe Quedlinburgs zum Teil historisch getreu, zum Teil 8#
1678 2442 2677 2519 00000000000000000000000000000000000000000000000000000000000000000
723 2454 1658 2509 humoristisch zur Darstellung kamen. Die Stadt stützt sich bei dem 8
737 2486 1654 2541 Zeitvunkt ihrer Jubelfeier auf eine im Staatsarchiv zu Münster 8
671 2487 723 2536 8
737 2514 1661 2568 befindliche Urkunde, die Heinrich I., den man den Begründer des §
732 2542 1662 2599 Deutschen Reiches nennen kann, am 22. April 922 in „Quitilinga= 8
729 2567 1629 2631 burg“ unterzeichnet hat. Dieser Ort Quitilingaburg war eine ur¬
736 2596 1676 2659 alte Siedlung, bei der der damalige Herzog Heinrich und sein Haus &
735 2620 1680 2690 große und reiche Besitzungen hatte, später erhielt ihn seine Ge¬ §
741 2644 1659 2717 mahlin als Wittum. Auch Otto I. und seine Nachfolger verweilten §
734 2688 1651 2744 oft in der Stadt. 1237 kam Quedlinburg unter die Schirmherr=
733 2717 1668 2769 schaft der Grafen von Reinstein, begab sich 1326 in den Schutz 2
739 2744 1673 2803 des Bischofs von Halberstadt und mußte 1477 die Oberherrschaft §
732 2766 1653 2830 von Kursachsen anerkennen. Die Stadt besitzt eine Reihe künst¬
738 2796 1656 2857 lerisch wertvoller Bauwerke und Denkmäler; die Industrie hat ver¬ 2
735 2834 1657 2891 hältnismäßig spät Fuß gefaßt, genießt heute aber über Deutschland
735 2855 1672 2920 hinaus Ansehen. Eine besondere Bedeutung haben der Quedlinburger 2
743 2884 1672 2959 Gartenbau, Samenhandel und die Blumenzucht. Phet. R. Sennecke.
681 2914 1700 3011 500000000000000000000000000000000000000000000000000000000000000000
689 3002 1699 3079 am eifrigsten dagegen protistieren müssen. Nicht aus morg¬
691 3064 1356 3123 lischen, nur aus künstlerischen Gründen.
749 3087 1691 3170 Ein Hauch von Fäulnis haftet wohl allen Schnitzlerschen
692 3143 1704 3212 Menschen an. Seine Gesellschaft ist revolutionsreif. Er aber
692 3181 1699 3259 ist nicht der Prediger in der Wüste, der mahnend darauf hin¬
694 3225 1693 3292 weist, die Darstellung der Verworsenheit ist ihm realistisch¬
695 3271 1708 3350 künstlerischer Selbstzweck. Nur wo der Hinweis auf eine Sint¬
695 3315 1705 3406 flut historisch gegeben war, findet er sich. So in dem Einakter
703 3362 1707 3441 „Der grüne Kakadu“, darin in meisterhafter Prägnanz Ursache
699 3402 1702 3474 und Entstehen der großen französischen Revolution geformt
705 3448 1707 3523 wurden. Dieses kleine Drama und die Offiziersnovelle „Leut¬
707 3487 1702 3573 nant Gustl“ scheinen mir die Höhepunkte des Schnitzlerschen
711 3536 1709 3609 Schaffens zu sein. In der letzteren betrachtet ein junger Mensch
703 3593 1706 3647 eine an sich richtige Idee im Spiegel der eigenen Borniertheit.
2251 3579 2389 3660 80
1796 3578 1883 3665 4
714 3607 1717 3692 Schnitzler gießt hier allerdings das Kind mit dem Bade aus
704 3665 1717 3734 und macht sich über die Idee als solche lustig. Wenn wir
1767 3710 2667 3771 Pelznenheiten. In Leipzig, dem Hauntnunkt des deutschen Pelz¬
709 3714 1715 3788 heute auch Schnitzlers hohem Können alle Verehrung bezeugen,
1761 3749 2673 3805 handels, fand in Verbindung mit der Öster=Rauchwarenmesse eine
716 3755 1713 3830 gegen seine ethische Anfechtbarkeit dürfen wir nicht blind sein.
1767 3787 2661 3827 Pelzmodenschau statt, auf der auserlesene kostbare Neuheiten ge¬
1769 3806 2694 3866 zeigt wurden. Unter den ausgestellten Peiten, die zu einem nicht 8
716 3798 1713 3887 Gewiß war es verdienstvoll von ihm, mit den Heldenphrasen
1767 3831 2678 3892 geringen Teil kaum für den inländischen Bedarf erreichbar sind,
713 3848 1709 3925 aufzuräumen, die uns einreden wollten, daß das Sterben ein
1769 3866 2676 3923 fielen die hier im Bilde wiedergegebenen auf: links ein Maulwurfs¬
2664 3872 2723 3933 8
1771 3893 2670 3949 mantel mit Fransen, der mit Brokatseide gefüttert und mit Chiffon¬
712 3884 1717 3960 Vergnügen sei. Die Unerbittlichkeit des Todes, der Tote von
1775 3917 2732 3984 gewebe verschleiert ist, rechts ein modefarbener Automantel aus 8
716 3925 1716 3999 Lebenden endgültig trennt, hat der Arzt in einigen grandiosen
1889 3949 2553 4020 Fohlen mit Opossumkragen. Phet. John Grandenz.
714 3981 1716 4059 Szenen geschildert. Aber er verallgemeinert hier mit Unrecht
720 4031 2749 4094 und schließt daraus, daß die Menschen seiner Gesellschaft immer¬ Son
