<?xml version="1.0" encoding="UTF-8" standalone="yes"?>
<PcGts xmlns="http://schema.primaresearch.org/PAGE/gts/pagecontent/2013-07-15" xmlns:xsi="http://www.w3.org/2001/XMLSchema-instance" xsi:schemaLocation="http://schema.primaresearch.org/PAGE/gts/pagecontent/2013-07-15 http://schema.primaresearch.org/PAGE/gts/pagecontent/2013-07-15/pagecontent.xsd">
    <Metadata>
        <Creator>prov=University of Rostock/Institute of Mathematics/CITlab/Gundram Leifert/gundram.leifert@uni-rostock.de:name=ONB_Newseye_GT_M1+(htr_id=10810)::::v=2.4.2
prov=University of Rostock/Institute of Mathematics/CITlab/Tobias Gruening/tobias.gruening@uni-rostock.de:name=de.uros.citlab.module.baseline2polygon.B2PSeamMultiOriented:v=2.4.2
prov=University of Rostock/Institute of Mathematics/CITlab/Tobias Gruening/tobias.gruening@uni-rostock.de:name=/mnt/transkribus/LA/DEA/URO/LA_news_onb_att.pb:de.uros.citlab.segmentation.CITlab_LA_ML:v=2.4.2
Transkribus</Creator>
        <Created>2019-10-07T20:32:12.376+02:00</Created>
        <LastChange>2019-10-09T09:29:00.572+02:00</LastChange>
        <TranskribusMetadata docId="224438" pageId="9577233" pageNr="238" tsid="16633318" status="IN_PROGRESS" userId="40391" imgUrl="https://files.transkribus.eu/Get?id=ZGXIMWZPGFNTBCMLVPBOLPOG&amp;fileType=view" xmlUrl="https://files.transkribus.eu/Get?id=LBLAUZMAYOLFMZDPXUOTVDGQ" imageId="6207690"/>
    </Metadata>
    <Page imageFilename="224438_0238.jpeg" imageWidth="3392" imageHeight="4224">
        <ReadingOrder>
            <OrderedGroup id="ro_1711442744187" caption="Regions reading order">
                <RegionRefIndexed index="0" regionRef="r1"/>
                <RegionRefIndexed index="1" regionRef="r2"/>
            </OrderedGroup>
        </ReadingOrder>
        <TextRegion orientation="0.0" id="r1" custom="readingOrder {index:0;}">
            <Coords points="527,4029 527,4180 541,4180 541,4029"/>
            <TextLine id="r1l1" custom="readingOrder {index:0;}">
                <Coords points="514,4157 557,4155 537,3954 494,3955"/>
                <Baseline points="527,4130 541,4129"/>
                <TextEquiv>
                    <Unicode></Unicode>
                </TextEquiv>
            </TextLine>
            <TextEquiv>
                <Unicode></Unicode>
            </TextEquiv>
        </TextRegion>
        <TextRegion orientation="0.0" id="r2" custom="readingOrder {index:1;}">
            <Coords points="326,293 326,4127 2991,4127 2991,293"/>
            <TextLine id="r2l1" custom="readingOrder {index:0;}">
                <Coords points="1183,349 1216,361 1247,337 1299,334 1351,352 1382,328 1410,347 1456,334 1517,356 1560,335 1597,350 1646,323 1646,243 1566,240 1542,258 1431,267 1355,245 1299,285 1250,260 1183,266"/>
                <Baseline points="1198,326 1223,326 1249,326 1274,326 1300,327 1325,327 1351,328 1376,328 1402,328 1427,329 1453,329 1478,329 1504,329 1529,329 1555,328 1580,327 1606,327 1632,326"/>
                <TextEquiv>
                    <Unicode>box 39/3</Unicode>
                </TextEquiv>
            </TextLine>
            <TextLine id="r2l2" custom="readingOrder {index:1;}">
                <Coords points="309,366 880,353 932,377 1171,329 1171,271 1060,259 944,294 836,249 394,249 309,289"/>
                <Baseline points="326,340 367,343 409,344 450,346 492,347 533,348 575,348 616,348 658,348 699,348 741,347 783,346 824,345 866,344 907,343 949,342 990,341 1032,341 1073,340 1115,340 1157,340"/>
                <TextEquiv>
                    <Unicode>6oth Birthdap</Unicode>
                </TextEquiv>
            </TextLine>
            <TextLine id="r2l3" custom="readingOrder {index:2;}">
                <Coords points="473,697 2954,648 2952,550 2836,543 472,620"/>
                <Baseline points="487,687 609,686 732,686 854,685 977,683 1100,682 1222,680 1345,677 1468,675 1590,673 1713,670 1836,668 1958,665 2081,663 2204,660 2326,657 2449,654 2572,652 2694,650 2817,648 2940,646"/>
                <TextEquiv>
                    <Unicode>Feen ene den den den den den en en den dene den en en en e e  e ene e</Unicode>
                </TextEquiv>
            </TextLine>
            <TextLine id="r2l4" custom="readingOrder {index:3;}">
                <Coords points="1119,900 2285,891 2336,875 2336,811 1118,836"/>
                <Baseline points="1135,888 1194,888 1253,887 1312,887 1372,887 1431,886 1490,886 1550,885 1609,885 1668,884 1728,883 1787,883 1846,882 1905,881 1965,880 2024,879 2083,878 2143,877 2202,875 2261,874 2321,872"/>
                <TextEquiv>
                    <Unicode>Zum 60. Geburtstag des Dichters (15. Mai 1922)</Unicode>
                </TextEquiv>
            </TextLine>
            <TextLine id="r2l5" custom="readingOrder {index:4;}">
                <Coords points="712,984 2743,963 2741,890 2492,867 711,925"/>
                <Baseline points="727,968 827,968 927,968 1027,968 1127,968 1227,967 1327,966 1427,965 1527,963 1627,961 1727,959 1827,957 1927,955 2027,952 2127,949 2227,947 2327,944 2427,941 2527,938 2627,935 2727,932"/>
                <TextEquiv>
                    <Unicode>erscheint die neue. um 2 Bände mit den Schöpfungen der letzten Jahre erweiterte. Ausgabe von</Unicode>
                </TextEquiv>
            </TextLine>
            <TextLine id="r2l6" custom="readingOrder {index:5;}">
                <Coords points="1059,1164 1279,1117 1430,1158 1629,1106 1703,1160 1984,1103 2123,1141 2396,1102 2394,1007 2293,994 1513,1006 1299,1053 1056,1011"/>
                <Baseline points="1073,1118 1138,1116 1203,1115 1269,1114 1334,1113 1399,1112 1465,1111 1530,1111 1595,1110 1661,1109 1726,1108 1791,1107 1857,1107 1922,1106 1987,1104 2053,1103 2118,1102 2183,1100 2249,1098 2314,1095 2380,1093"/>
                <TextEquiv>
                    <Unicode>Arthur Schnitzler</Unicode>
                </TextEquiv>
            </TextLine>
            <TextLine id="r2l7" custom="readingOrder {index:6;}">
                <Coords points="862,1317 1177,1264 2588,1262 2586,1167 2460,1139 860,1197"/>
                <Baseline points="875,1273 964,1271 1053,1268 1143,1266 1232,1263 1322,1261 1411,1259 1500,1256 1590,1254 1679,1252 1769,1249 1858,1248 1948,1246 2037,1244 2126,1243 2216,1242 2305,1241 2395,1240 2484,1240 2574,1241"/>
                <TextEquiv>
                    <Unicode>GESAMMELTE WER KE</Unicode>
                </TextEquiv>
            </TextLine>
            <TextLine id="r2l8" custom="readingOrder {index:7;}">
                <Coords points="1324,1339 1420,1390 1597,1362 1675,1401 1757,1360 1797,1390 1959,1344 2018,1370 2082,1339 2174,1352 2173,1294 1949,1289 1911,1259 1845,1291 1746,1265 1667,1306 1464,1309 1406,1280 1323,1303"/>
                <Baseline points="1338,1357 1381,1355 1424,1353 1467,1351 1510,1350 1553,1349 1596,1348 1639,1347 1682,1347 1725,1346 1769,1346 1812,1346 1855,1345 1898,1345 1941,1344 1984,1343 2027,1343 2070,1342 2113,1340 2157,1339"/>
                <TextEquiv>
                    <Unicode>in zwei Abteilungen</Unicode>
                </TextEquiv>
            </TextLine>
            <TextLine id="r2l9" custom="readingOrder {index:8;}">
                <Coords points="714,1488 2671,1476 2786,1400 1860,1423 1745,1367 1581,1432 1227,1385 713,1442"/>
                <Baseline points="728,1492 830,1491 932,1491 1034,1489 1136,1487 1238,1485 1340,1482 1443,1480 1545,1477 1647,1474 1749,1471 1851,1468 1953,1465 2055,1462 2158,1460 2260,1458 2362,1457 2464,1456 2566,1456 2668,1456 2771,1457"/>
                <TextEquiv>
                    <Unicode>Auf holzfreiem Paßier mit dem Bilddes Dichters nacherner</Unicode>
                </TextEquiv>
            </TextLine>
            <TextLine id="r2l10" custom="readingOrder {index:9;}">
                <Coords points="1148,1555 1449,1536 1529,1577 1762,1531 1987,1572 2313,1515 2312,1472 2266,1464 1147,1491"/>
                <Baseline points="1163,1538 1219,1537 1276,1537 1333,1536 1390,1535 1447,1534 1503,1532 1560,1531 1617,1529 1674,1528 1731,1526 1787,1525 1844,1523 1901,1522 1958,1520 2015,1519 2071,1517 2128,1516 2185,1515 2242,1514 2299,1513"/>
                <TextEquiv>
                    <Unicode>Zeichnung von Emma Löwenstamm</Unicode>
                </TextEquiv>
            </TextLine>
            <TextLine id="r2l11" custom="readingOrder {index:10;}">
                <Coords points="1441,1658 1536,1635 1591,1662 1625,1640 1683,1660 1723,1629 1787,1625 2057,1640 2056,1581 1854,1569 1832,1585 1795,1564 1740,1583 1648,1569 1606,1594 1440,1578"/>
                <Baseline points="1456,1630 1485,1630 1514,1629 1543,1629 1573,1628 1602,1628 1631,1627 1660,1626 1690,1626 1719,1625 1748,1624 1777,1624 1807,1623 1836,1623 1865,1622 1894,1622 1924,1622 1953,1622 1982,1623 2011,1624 2041,1625"/>
                <TextEquiv>
                    <Unicode>In sorgfältigster Ausstattung</Unicode>
                </TextEquiv>
            </TextLine>
            <TextLine id="r2l12" custom="readingOrder {index:11;}">
                <Coords points="1442,1705 1504,1738 1635,1698 1844,1734 1902,1693 2061,1696 2060,1635 1864,1629 1830,1652 1732,1632 1677,1664 1523,1639 1441,1659"/>
                <Baseline points="1457,1693 1486,1693 1516,1693 1545,1693 1575,1693 1604,1692 1634,1692 1663,1691 1693,1690 1722,1689 1752,1688 1781,1687 1811,1687 1840,1686 1870,1685 1899,1685 1929,1684 1958,1684 1988,1684 2017,1685 2047,1685"/>
                <TextEquiv>
                    <Unicode>Einband von K. E. Mende</Unicode>
                </TextEquiv>
            </TextLine>
            <TextLine id="r2l13" custom="readingOrder {index:12;}">
                <Coords points="731,1818 2773,1766 2655,1695 730,1748"/>
                <Baseline points="746,1813 846,1811 947,1810 1047,1808 1148,1806 1249,1804 1349,1802 1450,1800 1551,1798 1651,1796 1752,1794 1853,1792 1953,1789 2054,1787 2155,1785 2255,1782 2356,1779 2457,1776 2557,1774 2658,1770 2759,1767"/>
                <TextEquiv>
                    <Unicode>Schnitzlers 60. Geburtstag ist nicht nur für Osterreich, das in seinem Werk auf eine anmutig be¬</Unicode>
                </TextEquiv>
            </TextLine>
            <TextLine id="r2l14" custom="readingOrder {index:13;}">
                <Coords points="738,1868 2790,1835 2754,1771 2506,1767 737,1819"/>
                <Baseline points="752,1858 853,1856 954,1854 1055,1852 1156,1850 1257,1848 1358,1846 1460,1843 1561,1841 1662,1838 1763,1836 1864,1833 1965,1830 2066,1828 2168,1826 2269,1824 2370,1822 2471,1820 2572,1819 2673,1818 2775,1817"/>
                <TextEquiv>
                    <Unicode>deutende Weise Gestalt gewinnt, ein Anlab zu dankbarer Huldigung, sondern für den gesamten</Unicode>
                </TextEquiv>
            </TextLine>
            <TextLine id="r2l15" custom="readingOrder {index:14;}">
                <Coords points="739,1903 2773,1879 2771,1815 738,1869"/>
                <Baseline points="754,1905 854,1903 954,1901 1054,1899 1154,1897 1254,1894 1354,1892 1454,1889 1554,1887 1654,1884 1755,1882 1855,1879 1955,1877 2055,1874 2155,1872 2255,1869 2355,1867 2455,1865 2555,1863 2655,1861 2756,1859"/>
                <TextEquiv>
                    <Unicode>deutschen, Sprachbezirk. Schnitzler hat als Dramatiker und als Epiker die Werke einer jetzt vergehenden</Unicode>
                </TextEquiv>
            </TextLine>
            <TextLine id="r2l16" custom="readingOrder {index:15;}">
                <Coords points="739,1980 2788,1936 2746,1863 738,1904"/>
                <Baseline points="754,1949 854,1947 955,1945 1056,1944 1157,1942 1258,1939 1359,1937 1459,1935 1560,1933 1661,1930 1762,1928 1863,1926 1964,1923 2065,1921 2165,1918 2266,1916 2367,1913 2468,1910 2569,1908 2670,1906 2771,1903"/>
                <TextEquiv>
                    <Unicode>Kultur zu einer Welt von Grazie und Melancholie, von Seelentum und heiterer Daseinsweisheit gesteigert.</Unicode>
                </TextEquiv>
            </TextLine>
            <TextLine id="r2l17" custom="readingOrder {index:16;}">
                <Coords points="725,2286 2796,2266 2792,2144 1824,2205 1421,2157 724,2240"/>
                <Baseline points="741,2279 848,2276 955,2273 1062,2270 1170,2267 1277,2264 1384,2262 1492,2259 1599,2257 1706,2254 1814,2252 1921,2249 2028,2247 2136,2244 2243,2241 2350,2238 2458,2235 2565,2231 2672,2227 2780,2224"/>
                <TextEquiv>
                    <Unicode>I. DIE ERZAHLENDEN SCHRIFTEN IN VIER BANDEN</Unicode>
                </TextEquiv>
            </TextLine>
            <TextLine id="r2l18" custom="readingOrder {index:17;}">
                <Coords points="1269,2355 1497,2380 2266,2342 2233,2263 1268,2306"/>
                <Baseline points="1285,2351 1333,2350 1381,2349 1429,2349 1478,2348 1526,2346 1574,2346 1623,2344 1671,2343 1719,2341 1768,2340 1816,2339 1864,2338 1912,2336 1961,2335 2009,2333 2057,2332 2106,2331 2154,2330 2202,2329 2251,2328"/>
                <TextEquiv>
                    <Unicode>In Halbleinen 450 M., in Ganzleinen 500 M.</Unicode>
                </TextEquiv>
            </TextLine>
            <TextLine id="r2l19" custom="readingOrder {index:18;}">
                <Coords points="1204,2422 1552,2448 2318,2394 2316,2326 1492,2379 1203,2345"/>
                <Baseline points="1220,2413 1274,2413 1328,2413 1382,2412 1436,2412 1490,2411 1544,2410 1598,2408 1652,2407 1706,2406 1761,2404 1815,2403 1869,2401 1923,2400 1977,2398 2031,2397 2085,2396 2139,2395 2193,2394 2247,2393 2302,2393"/>
                <TextEquiv>
                    <Unicode> In Halbleder mit reicher Rückenvergoldung 680 M.</Unicode>
                </TextEquiv>
            </TextLine>
            <TextLine id="r2l20" custom="readingOrder {index:19;}">
                <Coords points="1485,2566 1734,2558 1761,2533 1930,2561 2062,2540 2060,2469 1484,2501"/>
                <Baseline points="1501,2542 1528,2542 1555,2541 1582,2541 1610,2540 1637,2539 1664,2539 1692,2538 1719,2538 1746,2537 1774,2537 1801,2536 1828,2536 1855,2535 1883,2535 1910,2534 1937,2534 1965,2534 1992,2533 2019,2533 2047,2533"/>
                <TextEquiv>
                    <Unicode>Band I: Novellen</Unicode>
                </TextEquiv>
            </TextLine>
            <TextLine id="r2l21" custom="readingOrder {index:20;}">
                <Coords points="741,2628 2799,2566 2429,2506 740,2554"/>
                <Baseline points="756,2624 857,2622 958,2620 1060,2617 1161,2615 1263,2613 1364,2611 1465,2609 1567,2607 1668,2604 1770,2602 1871,2600 1972,2598 2074,2595 2175,2593 2277,2590 2378,2588 2479,2585 2581,2582 2682,2580 2784,2577"/>
                <TextEquiv>
                    <Unicode>Sterben. Blumen. Ein Abschied. Die Frau des Weisen. Der Ehrentag. Die Toten schweigen. Andreas</Unicode>
                </TextEquiv>
            </TextLine>
            <TextLine id="r2l22" custom="readingOrder {index:21;}">
                <Coords points="741,2697 1876,2694 2798,2598 739,2630"/>
                <Baseline points="757,2670 858,2668 959,2666 1060,2665 1162,2663 1263,2660 1364,2658 1466,2656 1567,2653 1668,2651 1770,2648 1871,2646 1972,2643 2073,2640 2175,2637 2276,2635 2377,2633 2479,2629 2580,2627 2681,2624 2783,2622"/>
                <TextEquiv>
                    <Unicode>Thameyers letzter Brief. Der blinde Geronimo und sein Bruder. Leutnant Gustl. Die griechische Tänzerm.</Unicode>
                </TextEquiv>
            </TextLine>
            <TextLine id="r2l23" custom="readingOrder {index:22;}">
                <Coords points="1495,2802 1544,2779 1692,2792 1762,2766 1826,2786 1918,2787 1940,2768 1977,2795 2065,2763 2063,2674 1997,2706 1910,2683 1751,2686 1687,2718 1493,2682"/>
                <Baseline points="1509,2769 1536,2769 1563,2770 1590,2770 1617,2770 1644,2770 1671,2769 1698,2769 1725,2768 1752,2767 1780,2767 1807,2766 1834,2765 1861,2764 1888,2764 1915,2763 1942,2762 1969,2762 1996,2761 2023,2761 2051,2761"/>
                <TextEquiv>
                    <Unicode>Band II: Novellen</Unicode>
                </TextEquiv>
            </TextLine>
            <TextLine id="r2l24" custom="readingOrder {index:23;}">
                <Coords points="748,2873 2748,2826 2788,2721 746,2787"/>
                <Baseline points="764,2853 864,2852 965,2850 1065,2849 1166,2847 1266,2844 1367,2842 1467,2840 1568,2837 1668,2835 1769,2832 1870,2829 1970,2826 2071,2824 2171,2821 2272,2819 2372,2817 2473,2815 2573,2813 2674,2812 2775,2811"/>
                <TextEquiv>
                    <Unicode>Frau Berta Garlan. Das Schicksal des Freiherrn von Leisenbohg. Die Fremde. Die Weissagung.</Unicode>
                </TextEquiv>
            </TextLine>
            <TextLine id="r2l25" custom="readingOrder {index:24;}">
                <Coords points="751,2903 2635,2904 2792,2821 750,2872"/>
                <Baseline points="765,2899 865,2898 966,2897 1067,2895 1167,2893 1268,2891 1369,2889 1469,2886 1570,2884 1671,2881 1772,2878 1872,2875 1973,2873 2074,2870 2174,2867 2275,2865 2376,2863 2476,2860 2577,2859 2678,2857 2779,2855"/>
                <TextEquiv>
                    <Unicode>Das neue Lied. Der Tod des Junggesellen. Der tote Gabriel. Das Tagebuch der Redegonda.</Unicode>
                </TextEquiv>
            </TextLine>
            <TextLine id="r2l26" custom="readingOrder {index:25;}">
                <Coords points="1180,2968 1468,2939 1643,2969 1704,2936 1781,2965 1930,2924 1993,2957 2102,2917 2385,2944 2383,2876 2141,2858 1982,2896 1178,2894"/>
                <Baseline points="1194,2936 1252,2935 1311,2934 1370,2934 1429,2932 1487,2931 1546,2929 1605,2928 1664,2926 1722,2924 1781,2923 1840,2921 1899,2919 1957,2918 2016,2916 2075,2914 2134,2913 2192,2912 2251,2911 2310,2910 2369,2909"/>
                <TextEquiv>
                    <Unicode>Der Mörder. Die dreifache Warnung. Die Hirtenflôte.</Unicode>
                </TextEquiv>
            </TextLine>
            <TextLine id="r2l27" custom="readingOrder {index:26;}">
                <Coords points="1627,3084 1722,3079 1740,3067 1759,3079 1777,3066 1796,3075 1808,3062 1845,3086 1869,3064 1943,3072 1941,2974 1874,2981 1855,2966 1807,3007 1625,2995"/>
                <Baseline points="1643,3059 1668,3060 1694,3060 1720,3060 1746,3059 1772,3059 1797,3058 1823,3057 1849,3057 1875,3056 1901,3055 1927,3055"/>
                <TextEquiv>
                    <Unicode>Band III</Unicode>
                </TextEquiv>
            </TextLine>
            <TextLine id="r2l28" custom="readingOrder {index:27;}">
                <Coords points="1549,3162 1626,3173 1687,3138 1715,3159 1794,3139 1847,3163 1935,3127 2003,3145 2002,3056 1839,3083 1811,3065 1704,3080 1548,3070"/>
                <Baseline points="1565,3126 1591,3126 1617,3126 1644,3126 1670,3126 1696,3125 1723,3125 1749,3124 1776,3124 1802,3123 1828,3122 1855,3122 1881,3121 1907,3121 1934,3120 1960,3120 1987,3119"/>
                <TextEquiv>
                    <Unicode>Der Weg ins Preie</Unicode>
                </TextEquiv>
            </TextLine>
            <TextLine id="r2l29" custom="readingOrder {index:28;}">
                <Coords points="1631,3247 1653,3247 1693,3273 1736,3253 1770,3265 1806,3252 1825,3266 1874,3250 1917,3255 1915,3187 1884,3188 1859,3170 1844,3180 1813,3165 1756,3207 1728,3195 1704,3211 1651,3176 1629,3174"/>
                <Baseline points="1645,3243 1670,3244 1696,3244 1722,3244 1747,3244 1773,3243 1799,3243 1824,3241 1850,3240 1876,3238 1902,3236"/>
                <TextEquiv>
                    <Unicode>Band IV</Unicode>
                </TextEquiv>
            </TextLine>
            <TextLine id="r2l30" custom="readingOrder {index:29;}">
                <Coords points="997,3351 2558,3334 2556,3239 995,3265"/>
                <Baseline points="1011,3327 1087,3326 1164,3324 1240,3323 1317,3321 1393,3320 1470,3318 1546,3316 1623,3314 1699,3312 1776,3310 1853,3308 1929,3306 2006,3304 2082,3302 2159,3300 2235,3298 2312,3297 2388,3295 2465,3292 2542,3291"/>
                <TextEquiv>
                    <Unicode>Frau Beate und ihr Sohn. Dr. Gräsler. Badearzt. Casanovas Heimfahrt.</Unicode>
                </TextEquiv>
            </TextLine>
            <TextLine id="r2l31" custom="readingOrder {index:30;}">
                <Coords points="1285,3439 1960,3411 2099,3438 2288,3391 2287,3348 2237,3325 2158,3366 2004,3333 1882,3373 1777,3348 1284,3375"/>
                <Baseline points="1299,3419 1347,3419 1396,3418 1445,3417 1494,3417 1542,3415 1591,3414 1640,3412 1689,3410 1737,3408 1786,3407 1835,3405 1884,3404 1932,3402 1981,3401 2030,3400 2079,3400 2127,3400 2176,3400 2225,3401 2274,3402"/>
                <TextEquiv>
                    <Unicode>Prospekte stchen zur Verfügung</Unicode>
                </TextEquiv>
            </TextLine>
            <TextLine id="r2l32" custom="readingOrder {index:31;}">
                <Coords points="1483,3496 1553,3513 1700,3485 1814,3522 1878,3487 1986,3500 2019,3475 2096,3476 2095,3430 2021,3438 1901,3410 1754,3419 1721,3441 1693,3424 1650,3443 1625,3425 1570,3445 1481,3431"/>
                <Baseline points="1497,3478 1526,3477 1555,3477 1584,3476 1613,3475 1642,3475 1671,3474 1700,3473 1729,3472 1758,3471 1788,3470 1817,3470 1846,3469 1875,3468 1904,3468 1933,3467 1962,3467 1991,3467 2020,3467 2049,3466 2079,3467"/>
                <TextEquiv>
                    <Unicode>Preisänderungen vorbehalten.</Unicode>
                </TextEquiv>
            </TextLine>
            <TextLine id="r2l33" custom="readingOrder {index:32;}">
                <Coords points="911,3860 2644,3832 2693,3714 908,3771"/>
                <Baseline points="927,3849 1014,3845 1102,3841 1190,3838 1277,3835 1365,3833 1453,3830 1540,3827 1628,3825 1716,3823 1804,3821 1891,3819 1979,3817 2067,3815 2154,3813 2242,3811 2330,3809 2417,3806 2505,3803 2593,3800 2681,3798"/>
                <TextEquiv>
                    <Unicode>S. Filcher7 Verlag 7 Berlin</Unicode>
                </TextEquiv>
            </TextLine>
            <TextLine id="r2l34" custom="readingOrder {index:33;}">
                <Coords points="1132,3907 2442,3910 2440,3827 2381,3820 1131,3873"/>
                <Baseline points="1147,3899 1214,3898 1281,3896 1348,3895 1416,3894 1483,3893 1550,3891 1618,3890 1685,3889 1752,3888 1820,3886 1887,3884 1954,3883 2022,3881 2089,3879 2156,3877 2224,3875 2291,3873 2358,3870 2426,3868"/>
                <TextEquiv>
                    <Unicode>Auslieferung: Leipzig-R., Rathausstralle 42</Unicode>
                </TextEquiv>
            </TextLine>
            <TextLine id="r2l35" custom="readingOrder {index:34;}">
                <Coords points="542,4161 3007,4093 3005,4010 2667,3977 540,4076"/>
                <Baseline points="555,4111 676,4107 798,4104 920,4100 1042,4097 1164,4093 1285,4090 1407,4087 1529,4084 1651,4080 1773,4077 1894,4074 2016,4071 2138,4067 2260,4064 2382,4061 2503,4057 2625,4053 2747,4050 2869,4045 2991,4041"/>
                <TextEquiv>
                    <Unicode> Pa K   aamnaz</Unicode>
                </TextEquiv>
            </TextLine>
            <TextEquiv>
                <Unicode>box 39/3
6oth Birthdap
Feen ene den den den den den en en den dene den en en en e e  e ene e
Zum 60. Geburtstag des Dichters (15. Mai 1922)
erscheint die neue. um 2 Bände mit den Schöpfungen der letzten Jahre erweiterte. Ausgabe von
Arthur Schnitzler
GESAMMELTE WER KE
in zwei Abteilungen
Auf holzfreiem Paßier mit dem Bilddes Dichters nacherner
Zeichnung von Emma Löwenstamm
In sorgfältigster Ausstattung
Einband von K. E. Mende
Schnitzlers 60. Geburtstag ist nicht nur für Osterreich, das in seinem Werk auf eine anmutig be¬
deutende Weise Gestalt gewinnt, ein Anlab zu dankbarer Huldigung, sondern für den gesamten
deutschen, Sprachbezirk. Schnitzler hat als Dramatiker und als Epiker die Werke einer jetzt vergehenden
Kultur zu einer Welt von Grazie und Melancholie, von Seelentum und heiterer Daseinsweisheit gesteigert.
I. DIE ERZAHLENDEN SCHRIFTEN IN VIER BANDEN
In Halbleinen 450 M., in Ganzleinen 500 M.
 In Halbleder mit reicher Rückenvergoldung 680 M.
Band I: Novellen
Sterben. Blumen. Ein Abschied. Die Frau des Weisen. Der Ehrentag. Die Toten schweigen. Andreas
Thameyers letzter Brief. Der blinde Geronimo und sein Bruder. Leutnant Gustl. Die griechische Tänzerm.
Band II: Novellen
Frau Berta Garlan. Das Schicksal des Freiherrn von Leisenbohg. Die Fremde. Die Weissagung.
Das neue Lied. Der Tod des Junggesellen. Der tote Gabriel. Das Tagebuch der Redegonda.
Der Mörder. Die dreifache Warnung. Die Hirtenflôte.
Band III
Der Weg ins Preie
Band IV
Frau Beate und ihr Sohn. Dr. Gräsler. Badearzt. Casanovas Heimfahrt.
Prospekte stchen zur Verfügung
Preisänderungen vorbehalten.
S. Filcher7 Verlag 7 Berlin
Auslieferung: Leipzig-R., Rathausstralle 42
 Pa K   aamnaz</Unicode>
            </TextEquiv>
        </TextRegion>
    </Page>
</PcGts>
