3392 4320
1098 242 1542 341 box 39/3
237 257 938 362 goth Birthday
532 808 1010 925 Sche Bachsehe, Hande
965 827 1429 934 KAINS SadHn
1887 951 2175 1025 urW
1186 969 2155 1146 Arthur Schnitzler.
1244 1120 2071 1227 Zu seinem sechzigsten Geburtstag.
1677 1215 2810 1288 Problematik, sein Wesensnerv, sein Abgrund, aus dem Er¬
605 1224 1664 1297 Das Maiheft der Neuen Rundschau (Verlag S. Fischer,
2393 1265 2807 1323 Soweit aus den Ge¬
1675 1273 2365 1343 kenntnis und Belenntnis aufsteigt? -
521 1288 1657 1355 Berlin), das als Schnitzler=Heft erscheint, vereinigt die
1686 1310 2812 1378 heimnissen eines künstlerischen Werkes die Lösung dieser
525 1329 1659 1413 Glückwünsche von zeitgenössischen Schriftstellern zum sech¬
1690 1358 2821 1433 Frage versucht werden darf, möcht ich dies antworten: We¬
520 1380 1669 1446 zigsten Geburtstag des Dichters am 15. Mai. Wir bringen
1684 1412 2817 1474 sensnerv ist die uneingestandene, bange, leidenschaftliche Sehn¬
529 1435 1658 1502 aus den Beitrigen, von denen wir Auernheimer, Bahr, Blei,
1692 1454 2813 1528 sucht, zu lieben und geliebt zu werden. In der Welt
523 1485 1665 1543 Gerhart Hauptmann, Hollaender, Kerr, Heinrich und Thomas
1678 1499 2812 1580 Schnitzlers herrscht eine fatale Einsamkeit, eine prädestinierte
515 1524 1662 1607 Mann, Wassermann, Stefan Zweig und Hugo von Hofmanns¬
1678 1545 2817 1621 Beziehungslosigkeit der Seelen. Aber auch Eros herrscht, die
530 1584 1338 1649 thal nennen, die von Franz Werfel.
1675 1602 2825 1693 „zu einander gewandten Seelen reißen an der Kette; vergeblich,
1683 1646 2831 1715 sie sind allzu bedingt, unbewußt bejahen sie ihre Einsamkeit.
619 1657 1659 1720 Wie schwer es ist, und zumal auf kargem Raum, über
1682 1695 2826 1758 — So auch muß man die Rolle des Todes in diesen Dich
530 1711 1664 1784 einen Dichter etwas auszusagen, was vor dem inneren Wahr¬
1684 1741 2828 1815 tungen verstehen. Nicht der hervische, nicht der religiöse Toh
528 1764 1663 1828 heitssinn bestehen kann. Wie alles Lebendige, wie jeder
1682 1804 2813 1872 wird geschaut, nicht der notwendige Tod, in den sich der
519 1809 1658 1872 Organismus erregt ein Gedicht tausend Gedanken, Assozia¬
1682 1835 2815 1909 Mesisch nach den Worten des alten Testaments „gesättigt
534 1882 1668 1920 tionen, Erkenntnisse, es wechselt mit dem Lichte der Stunden,
1680 1883 2825 1970 an Leben“ ergibt, nicht der Tod, der nur eine durchbrochene
525 1904 1659 1994 Jahreszeiten und Lebensalter Farbe und Gesicht, es ist un¬
1690 1936 2819 2001 Larve bedeutet!! — Von den Schnitzlerschen Menschen wird
533 1953 1667 2024 faßbar. Wer getraute sich, den nächsten Menschen, der mit
1688 1983 2814 2056 der Tod, das Vergehen, das Aufhören gefürchtet, weil Lieben
536 2009 1668 2076 ihm das Leben teilt, zu deuten?? Und vor dem geheimnis¬
1690 2031 2816 2101 und Geliebtwerden ihnen niemals erschöpfend gelingt, weil der
533 2055 1661 2119 vollen ewigen Wachstum eines Kunstwerks haben so viele
1686 2076 2817 2147 unendliche Vorhalt nicht aufgelöst ist, die Melodie ihre
534 2098 1660 2161 die kecke Stirne der Definition! — Daß aber ein Werk, um
1684 2126 2822 2204 Kadenz nicht fand, auf Kindstufe der Eros stehen geblieben,
540 2147 1664 2220 friedet von den Seiten des Buchs, sich verwandeln kann und
1684 2183 2619 2250 der Stand der Sehnsucht nicht überschritten ward.
530 2203 1675 2271 immer wieder neue Züge trägt, ist eben ein Zeichen, daß es
1774 2230 2817 2290 Schnitzler sieht nicht — wie ihm seit manchem Jahr¬
528 2259 1046 2325 Organismus ist, Gedicht!
1686 2290 2820 2357 zehnt die Kritik nachsagt — den Tod als Arzt; er sieht ihn
631 2273 1673 2365 Ein Meister, wie Arthur Schnitzler, ist unter den Deut¬
1688 2326 2833 2412 als Ethiker. In dem vielleicht unbewußten System seiner
535 2337 1664 2410 schen ein höchst seltener Fall. Schnitzler ist in unserm
1684 2388 2772 2459 Weltanschauung bedeutet Tod die Strafe für Einsamkeit.
534 2392 1666 2464 heutigen Schrifttum gewiß der einzige Vertreter der Latinität.
1781 2429 2831 2495 Des Dichters Frauengestalten sind im Gegensatz zu
635 2436 1667 2505 Unter diesem Wort verstehe ich im Gegensaß zu allem
1695 2471 2816 2547 seinen Männerfiguren das heroische Element des Werks. Die
533 2486 1664 2556 Ausladenden, Verzweigten. Romantischen, Erziehungsroman¬
1695 2526 2816 2595 Frau, als die dem Leben Nähere, durchbricht zuweilen die
541 2547 1658 2608 haften, die Kunst der klaren, geschmeidigen Linie. Die No¬
1696 2568 2827 2642 Mauer der Vereinsamung, sie erliegt dem Ruf des Lebens,
538 2590 1666 2648 vellen und Einakter Schnitzlers vor allem zeigen die Schärfe
1696 2615 2826 2699 sie verliert ihr Ich an die Liebe. Ich denke hier vor ollem
535 2624 1674 2704 des nicht malenden, sondern zeichnerischen Menschen, des
1690 2650 2830 2728 an Schnitzlers herrliche Novelle: „Die Hirtenflöte“.
542 2681 1673 2744 Künstlers, dem die notwendige unbeirrbare Abwickelung, die
1699 2711 2831 2784 Das Weib ist das endämonische Prinzip, und es klingt unter
546 2726 1680 2810 rapide Logik höherer Schaffensrausch ist, als Ueberraschung
1699 2763 2831 2825 dem Spiegel all dieser Schriften, trotz Zweifels und analyti¬
539 2770 1682 2846 und Verweilen während des Weges. Ich nenne hier No¬
1695 2817 2824 2889 scher Schärfe, ein verborgener Hymnus an die einsamkeits¬
540 2827 1671 2897 vellen wie „Leutn ant Guste“, „Die Toten schwei¬
1699 2862 2411 2937 vernichtende Kraft des Weibes mit.
539 2880 1686 2952 gen“ „Die Hirtenflöte“, die Dramen „Der grüne
1794 2890 2834 2974 Schnitler arbeitet mit den antipathetischen, ametaphysi¬
546 2921 1679 2992 Kakad u“, „Die letzten Masken“, „Litergtur“
1696 2981 2822 3025 schen, unparteiischen Mitteln seiner Generation, dennoch emp¬
551 2964 1674 3055 „Komtesse Mizzi“. — In diesen Werken herrscht eine
1704 3012 2832 3070 finde ich ihn vor allem als Ethiker. — Für einen tieferen
541 3024 1682 3076 großartige Nüchternheit, die erschüttert, weil sich hinter ihr die
1702 3046 2832 3110 Blick zeigt er immer wieder ein und dieselbe Leidens¬
549 3060 1686 3130 Scham einer starken Moralität verbirgt. Es ergreift uns die
1701 3091 2829 3173 situation: „Den einsamen Weg“, die Verschuldung
550 3113 1682 3189 fast pedantische Geste eines Mannes, der mit bewußter Wort¬
1708 3144 2830 3210 am Leben, die Todesangst als Folge des „Nichtgeliebthaben“.
552 3167 1687 3232 blässe und einem atturaten kalten Vortrag die Leidenschaft
1784 3203 2828 3270 So ist er der dichterisch große, vollkommene Ausdruck
552 3211 1682 3282 seines Auges Lügen straft. Hierin ist Schnitzler mit Lessing
1706 3243 2836 3310 des uneingestandenen Schuldgefühls der bürgerlichen Epoche.
546 3265 1691 3323 zu vergleichen, ja in seiner Freude an der rationalen Lösung
1698 3289 2829 3371 Sein menschlich hohes, künstlerisch ungemein präzises, an¬
546 3307 1678 3378 des Spiels nimmt er eine Richtung der deutschen Poesie
1702 3340 2783 3410 mutiges und bedeutendes Werk lebt und wird leben. —
547 3352 1681 3433 wieder auf, die mit Lessing abbricht. Bewundernswert ist
1712 3377 2830 3459 Aber da er hinter der Maske der Skepsis und Ironie tier
553 3403 1678 3467 des Meisters Formensinn, sein Takt, sein Gefühl für Gleich¬
1708 3435 2840 3510 gelitten hat, so gehört er zu den Geretteten, zu den Menschen,
549 3453 1683 3515 gewichtsverteilung, für Steigerungen und Pausen. Diese ge¬
1695 3498 2097 3562 die weiterschreiten!!
541 3497 1684 3563 lungenen Maße allein schon bereiten dem Leser der Novellen
1801 3512 2828 3601 Wer je in die blauschönen, leidenschaftlich klaren Augen
552 3559 1607 3609 die seltene ästhetische Befriedigung: dies ist richtig.
1695 3601 2833 3658 dieses nunmehr Sechzigjährigen, in diese jungen Feuer ge¬
556 3597 1690 3652 Aber in diesen menschlichen Tugenden der Form bewährt sich
1712 3627 2832 3698 blickt hat, der weiß, daß noch in manchem Werk der Dichter
544 3645 1688 3732 nur der Meister und sein reiner Wille. Tiefer bewährt sich
1710 3675 2842 3746 uns die Auflösung und Lösung seiner Musik schenken wird,
555 3709 806 3775 der Dichter.
1703 3731 2837 3815 und daß der einsame Weg noch lange nicht sein strahlendes
647 3720 1684 3807 Was ist das zentrale Gefühl dieses Dichters, was die
2497 3772 2795 3853 Franz Werfel.
1698 3780 2098 3868 Ziel gefunden hat.
546 3791 1686 3855 Quelle seines Schaffensdrangs, sein Urkonflikt, seine tragische
