3392 4320
1067 292 1534 394 box 39/3
217 285 925 421 goth Birthday
1435 474 1631 575 V.b.b
2105 561 2788 647 Mieiostucht omir nncher
850 586 1103 665 chuor
416 589 785 678 Anschonickt oi
1150 624 2778 697 DEUTSCHÖSTERREICHISCHE . DER OUELLE VERBOTEN ·
431 665 1114 712 „:• DER OUELLE VERBOTEN =:
2680 1047 2765 1116 „
1234 1059 1361 1154 „
428 1173 2802 1293 OFFIZIELLES ORGHN DES DEUTSCHOSTERREICHISCHEN BUHNENUEREINES.
435 1285 2806 1375 HBONNEMENTS DURCH HLLE INSERHTENBUREHUS UND DIE HDMINISTRHTION: WIEN, I. DOROTHEERG. 6—8
1045 1389 2213 1452 Verwaltung des Deutschösterreichischen Bühnenvereines:
395 1378 2855 1510 Präsident: Ludwig Stärk. — Vizep äsidenten: Julius Strobl und Robert Kurmann. — Verwaltungadirektor: Helnrich Fried. — Obmann
397 1447 2865 1549 des Rechtsschutzbureaus: Rudoll Leyrer. — Aerzte des Künstlerheimes: Medizinalrat Dr. Josef Neubauer, IV/1, Schönbrunnerstr. 1; Dr. Eduard
2376 1491 2858 1554 — Anwalt des Vereines:
392 1546 2391 1584 Benonl, VII., Zieglergasse 32; Medizinalrat Dr. Karl Neuwirth, Spezialarzt für Frauenbeilkunde, I., Opernring 3.
542 1540 2730 1635 Dr. Max Fürst, l., Ring des 12. November Nr. 14. — Verwaltungsbureau, Redaktion und Administration: I., Dorotheergasse 6—8.
1465 1604 1792 1653 Telephon Nr. 7167.
2353 1659 2863 1746 Jahrgang XXIX
1404 1681 1890 1762 Wien, Mai 1922
403 1697 755 1781 Nummer 5
402 1770 2834 1888 Inhalt: Arthur Schnitzler und die Schauspieler. — Wiener Lohnbewegung. — Der Kollektivvertrag. — Verschiedenes. — Aus
568 1854 1953 1958 unseren Lokalverbänden. — Amtlicher Teil. — Inserate.
1637 1992 2872 2061 den Schauspielern, Jung und Alt, Groß und Klein, gleich
545 2018 1509 2129 Arthur Schnitzler und die
1645 2036 2867 2123 herzliche Sympathien entgegengebracht werden. Was ist nun
1646 2068 2872 2169 die Ursache dieser Erscheinung? Wo liegen ihre Wurzeln? Das
774 2103 1278 2208 Schauspieler.
1645 2126 2871 2226 oben zitierte Bekenntnis gibt die Lösung. Diese Liebe gilt
417 2178 1641 2263 Von Heinrich Glücksmann, Dramaturg des Deutschen Volkstheaters.
1641 2193 2869 2265 dem Dichter wie dem Menschen, weil Schnitzler in diesen
1649 2236 2860 2317 beiden Wesensäußerungen, in seinem tünstlerischen Schaffen
499 2236 1627 2313 Meinen Arbeitsraum im Deutschen Volkstheater bezeichne
1653 2296 2879 2362 wie in seinem menschlichen Gehaben gleich liebenswert ist, und
417 2287 1634 2373 ich scherzhaft als das Golgatha des Hauses, als den Beig
1641 2337 2867 2418 diese Liebe ist innig und dankbar, weil der mit und für
414 2339 1631 2427 der Klagen. Der Scherz entbehrt nicht des ernsten Hinter¬
1651 2378 2870 2465 Schnitzler arbeitende Schauspieler das Gefühl hat, daß dieser
419 2379 1639 2478 grundes. Denn die bei mir eintreten, ob es nun vermeintlich
1654 2427 2874 2511 Dichter in ihm nicht nur das Werkzeug, den beweglichen und
420 2434 1645 2527 mit Unrecht allzu lange ihres Aufgeführtwerdens harrende
1648 2477 2871 2554 sprechenden Automaten, einen Diener seiner Zwecke sieht,
428 2486 1647 2557 Stückeschreiber sind oder, selbstredend ebenso mit Unrecht,
1662 2525 2872 2606 sondern daß er ihn schätzt als Mitarbeiter, als den Vollender
428 2539 1648 2623 schlecht, beziehungsweise salsch beschäftigte Schauspieler, sie
1651 2575 2870 2645 seines Werkes. Auf Proben Schnitzlerscher Stücke, bei denen
420 2587 1640 2656 lassen für gewöhnlich ihre unerfüllten Wünsche und Sehn¬
1645 2622 2868 2709 der Verfasser anwesend ist, sieht man nur leuchtende Augen,
425 2639 1648 2712 süchte, die Schmerzen ihrer Enttäuschungen auf mich los.
1654 2671 2873 2752 fröhliche Mienen. Da wird mit munterster Unermüdlichkeit
415 2682 1632 2760 Nur selten zeigt mir die Zufriedenheit, die Freude ihr lächeln¬
1645 2730 2873 2796 gearbeitet und nur eines unangenehm empfunden: der Au¬
429 2744 1636 2812 des Gesicht. Da wird aus dem Herzen keine Mördergrube
1658 2769 2878 2854 genblick des Auseinandergehens. Das erklärt sich schon aus
420 2781 1646 2855 gemacht, oder wenn man will, so recht eine Mördergrube und
1660 2818 2873 2895 den angeführten Symptomen. Schnitzler ist Meister in der
429 2829 1642 2906 darauf losgeschimpft, was Zeugs hält über Direktor und
1653 2865 2873 2947 Behandlung des Schauspielers als Individualität. Mit seinem
432 2870 1649 2958 Regisseure, über Inspizienten und Souffleusen, Büro und
1655 2921 2893 2994 warmen Blick, seinem geradezu zärtlich weichen Ton macht.
423 2920 1650 3017 Kasse, Kritiker und Dichter und an keinem ein gutes Haar
1661 2977 2874 3040 er die Schauspielerseele zum fügsamsten Wachs in seinen
429 2977 1639 3068 gelassen. Die Komödianten sind das gutmütigste und liebens¬
1654 3014 2879 3098 Händen. Er lockt das Beste und Persönlichste aus ihr her¬
433 3032 1643 3108 würdigste Völlchen der Welt. Mit Güte und Gerechtigkeit kann
1658 3066 2875 3147 vor und suggeriert ihr ohne Zwang und Kommando wie das
431 3070 1654 3151 man sie um den Finger wickeln, kann man in ihnen die hin¬
1660 3117 2882 3183 Selbstverständliche seine Intentionen, d. h. er paßt sie ohne
427 3121 1646 3204 gebendste, opferfreudigste Begeisterung und Arbeitslust aus¬
1657 3162 2882 3233 Vergewaltigung dem Wesen des Darstellers an. Er kommt
425 3174 1654 3254 lösen, aber — selbst fortwährend der Bekrittelung ausgesetzt,
1664 3213 2875 3293 entgegen und findet darum Entgegenkommen. Wie man hinein¬
431 3222 1657 3311 nicht der berufenen und unberufenen öffentlichen allein, auch
1662 3247 2884 3343 ruft in den Wald ... Diese Echoweisheit gilt nirgend so
426 3265 1650 3357 der ihrer Führer während des Schaffens und jedes dummen
1669 3324 2096 3412 wie beim Theater.
437 3318 1635 3399 Kerls im Parterre und auf der Galerie nach getaner Arbeit —
438 3365 1660 3449 mäkeln und häkeln sie gern; sie haben trotz des wärmsten
1748 3367 2873 3469 Und noch etwas. Arthur Schnitzler ist der Schöpfer des
443 3420 1660 3491 Herzens die spitzeste Zunge. Um so verwunderter mußte ich
1664 3441 2881 3517 neuen Gesellschaftsstücks oder des Stückes der neuen Gesell¬
440 3480 1663 3555 sein, als am 60. Geburtstage Arthur Schnitzlers einer
1666 3462 2886 3572 schaft, die er in allen Wandkungen ihrer Lebensauffassung
441 3506 1657 3598 unserer misantropischesten Künstler mit strahlendem Ange¬
1659 3533 2879 3615 und Lebenshaltung, ihrer Gedankengänge und Gefühlsströ¬
441 3563 1652 3641 sicht bei mir erschien und erzählte, daß er eben aus der Woh¬
1660 3570 2879 3665 mungen beobachtet, verstanden und erfaßt hat. Seine Komö¬
436 3609 1650 3696 nung des Jubilars komme und dort nebst seinem Glück¬
1660 3634 2883 3702 dien sind in Form und Inhalt, in der Art der Problem¬
441 3657 1655 3744 wunsch als Festgabe das kostbarste Stück seiner Bücherei,
1670 3678 2872 3762 behandlung wie in der knappen Kunst der Menschencharak¬
430 3707 1658 3791 eine Rarität, einen Leckerbissen für Bibliophilen, zurückgelassen
1676 3731 2877 3807 teristik voll geistigen Glanzes und philosophischer Tiefen.
443 3763 1666 3835 habe, denn er liebe Schnitzler als Dichter wie als Menschen
1674 3783 2897 3857 In ihnen erscheint die neue Psychologie eingeleitet, man kann
444 3820 872 3897 innig und dankbar.
1668 3833 2894 3913 sagen: die Pathologie der Seele, die Forschung nach den
538 3849 1666 3940 Unbewußt war dieser eine Schauspieler in dem Augen¬
1673 3881 2888 3957 Merkzeichen der heimlichsten Lebenskrankheiten; seine Gestalten
443 3908 1666 3977 blick der Wortführer seines Standes. Es mag Bühnenauioren
1666 3931 2904 4003 sind zumeist auf nachdenkliche Selbstbetrachtung gestellt, lassen
445 3961 1665 4046 geben, wohl auch nicht viele, die an Beliebtheit im Publikum
1677 3979 2887 4052 in meditativen Worten ein verborgenes Sein ahnen und er¬
442 4003 1671 4092 mit dem repräsentativen Dichter des von unserer Generation
1673 4019 2896 4104 raten, tragen das Signum „Erkenne dich selbst!“ auf der
439 4053 1672 4138 erlebten und erlittenen Oesterreich wetteifern können. Es gibe
1684 4071 2897 4166 Stirne, sie bieten also dem Schauspieler wieder anregende,
452 4104 1678 4196 kaum einen zweiten, dem von der Welt des Theaters her, von
