3392 4352
1130 289 1577 396 box 39/3
259 320 991 429 6oth Birthdar
826 1340 2357 1398 Hauptmanns eigentliche Herzenskinder sind jene, die vom Leben
837 1405 2353 1456 in die Notwehr gedrängt, ihrer Bürde nicht gewachsen sind, Kam¬
829 1474 2357 1535 ponierte, Zukurzgekommene, Leidende. Während in der engen
834 1522 2352 1583 dumpfen Kammer ihrer Fron ihre ausgezehrten Hände fieberhaft
828 1583 2357 1640 sich das Kleid der Notdurst weben, liegt auf ihren wunden Rugen
833 1655 2357 1716 der schmerzliche Glanz der Sehnsucht. Pippa und Hannele, Quint
828 1701 2360 1764 und Prospero und wie viele noch sind in Variationen Gleichnisse
825 1760 1403 1831 für des Dichters Seele.
907 1810 2353 1871 So eröhaft Hauptmanns Welt ist — ein Aberirdisches wetter¬
838 1886 2351 1943 leuchtet hinein, der armselige Werkeltag dieser Hinterwäldler und
829 1938 2359 1987 Vorstädter, dieser Heimarbeiter und Handwerker ist geschwängert
841 1996 2357 2048 mit einer religiösen Atmosphäre. Ddie seltsame Mischung von Na¬
831 2066 2353 2125 turalismus und Metaphysik rückt den Schlesier in unmittelbare
829 2110 2358 2158 Nähe der Russen. Emanuel Quints größere Dettern sind Dosto¬
841 2169 2361 2239 jewskis Alioscha und Idiot. Christliches Leiden und Mitleiden beugt
835 2230 2366 2291 sich da und dort zu den Erleidigten und Ernieörigten, bildet da
839 2288 2361 2346 und dort an einer neuen Heilandsgestalt. So deutsch Hauptmann
840 2350 2352 2400 ist, — er ist mehr. Zwar nicht international in dem abstrakten,
839 2409 2357 2464 intellektuellen Sinn des Naturalismus und des Experimentalromans
841 2466 2355 2516 (auch darin hat er das Programm von 1890 nicht erfüllt), und er
841 2521 2357 2581 ist auch nicht eine gemeineuropäische Angelegenheit geworden wie
834 2605 2352 2656 als letzter Deutscher Nietzsche. In Frankreich und Italien hat er
827 2668 2362 2709 gar nicht, auf angelsächsischem Boden nur unsicher Fuß gefaßt,
830 2709 2361 2764 dagegen breitet sich seine Gemeinde mächtig in Skandinavien und
841 2757 2355 2819 Rußland aus, und wenn immer deutlicher in Europa eine südwest¬
840 2815 2362 2868 liche und eine nordöstliche Geistigkeit in Gegensatz zueinander treten,
831 2880 2364 2930 so darf diese letztere Hauptmann ganz als den ihren, als einen
831 2939 1644 3008 ihrer Besten in Anspruch nehmen.
907 3100 2357 3184 Hauptmann ist am besten zuhause in den Seelen einer dumpf¬
836 3168 2359 3214 ursprünglichen, naiven, noch ländlichen Bevölkerung; Schnitzler
845 3227 2357 3286 in dem wachen, regen, komplizierten Inneren gebildeter Städter,
841 3286 2362 3345 der obersten Zehntausende im Reiche des Geldes wie des Geistes,
837 3342 2361 3408 wenigstens derer, die zu den Zehrern, nicht den Mehrern gehören.
837 3408 2357 3465 Jener zeigt eine Welt der Anfänge, des Durchschnittes, dieser eine
828 3464 2359 3527 des Endes, der feinen Ausläufer einer Gesellschaft. Hauptmann
839 3522 2363 3583 ist ein Dichter der Armut und Lebensnot, Schnitzler einer des Wohl¬
