3344 4256
244 199 1587 335 6oth Birthdag box 39/3
706 794 1188 903 Gresäner Rachzichter
812 1014 1293 1204 A E MAIie
808 1313 1153 1458 Schnitzler.
612 1426 1361 1510 Zu seinem 60. Geburtstag.
453 1463 1582 1534 Axthur,=Schnitzler beging am 15. Mai seinen 60. Ge¬
389 1527 1586 1574 burtstag. Der Dichter der müden, überreifen Jugend, der
382 1569 1591 1627 so früh die Tragik des Alterns, den „einsamen Weg“ ins
384 1615 1584 1656 Leereg ins Nichts geschildert, hat all die Empfindungen und
392 1648 1589 1696 Erlebnisse des absinkenden Lebens vorweg genommen, so¬
383 1675 1586 1739 daß er uns heute im grauen Haar nicht viel älter erscheint
385 1721 1600 1774 als in fernen blühenden Tagen. Schnitzlers letzte Werke
380 1756 1594 1818 hatten etwas Zeitloses, Unpersönliches. Der unbestrittene
395 1811 1598 1860 Führer der „Wiener Schule", dieser Klassiker des Im¬
389 1833 1597 1892 pressionismus, steht heute, in den Tagen des „sterbenden
390 1873 1596 1930 Wien“, des sieghaften Expressionismus, fremd in einer ihm
747 1900 1602 1956 Er spielt noch die alten Melodien, die
386 1918 720 1974 fremden Welt.
394 1946 1597 2013 melancholischen Klänge eines raschen Lebensgenusses, einer
385 1991 1600 2038 bitteren Seligkeit, aber sie tönen, as leer, leise, wie fern¬
624 2028 1603 2082 Schnitzler ist an sein. n 60. Geburtstag schon
393 2038 636 2093 verweht.
398 2068 1610 2119 historisch geworden und als den Vertreter einer abge¬
396 2111 1602 2170 schlossenen Epoche, als den Meister eines vollendeten Stils
391 2146 943 2217 dürfen wir ihn würdigen.
472 2178 1593 2240 In Schnitzler findet uralte Wiener Tradition ihre
385 2209 1694 2303 lletzte Verfeinerung, ihren vollen Ausklang. Sein Haun¬
381 2260 2765 2335 motiv die schaurig=schöne Verschwisterung von Liebesgenuß des Alters, die hier angeschlagen wird und bei Schnitzler
383 2314 2762 2379 und Todesnähe, ist der eigentliche Stimmungsfaktor des simmer wiederkehrt, ist die eigentliche Tragik des im¬
1569 2359 2760 2414 pressionistischen Menschen, der stets die Stunde genossen
394 2366 1579 2417 Barock, das nicht nur in der Kunst Fischer von Erlachs,
1579 2393 2761 2453 hat und sich nun einsam sieht mit den Schemen seiner Er¬
390 2392 1580 2460 sondern auch im österreichischen Jesuitendrama seine Höhe
1583 2446 1808 2499 innerung.
389 2441 1580 2494 erreichte, und die stets wiederkehrende Situation bei
1645 2456 2783 2529 Man hat Schnitzler oft vorgeworfen, daß seine Welt
397 2488 1579 2535 Schnitzler, der Rausch der Liebe im Angesicht des Todes,
1574 2519 2756 2573 und seine Stoffe zu eng begrenzt seien. Tatsächlich sind
397 2528 1579 2572 ist nur ein müder Nachhall jener starken Barock=Kontraste,
1579 2546 2759 2608 es nur ganz wenige Motive, Figuren und Situationen, die
391 2564 1576 2608 die hier zu einer schmerzlich stillen Harmonie verschmelzen.
1585 2588 2756 2643 sich bei ihm in feinen Variationen stets wiederholen. Da!
386 2600 1568 2651 Aber nicht nur dies eine Motiv, sondern seine ganze Lebens¬
1578 2618 2761 2684 i die Stellung des Mannes zwischen zwei Frauen, dem
384 2646 1575 2697 haltung ist typisch österreichisch. Es ist jenes Gehenlassen,
1588 2665 2753 2729 „sußen Mädel“ und der verheirateten Dame, da ist das
383 2681 1571 2726 das im Postlied des „Lieben Augustin“ erklingt: „'s ist
1577 2700 2753 2757 „dreieckige" Verhältnis in der Ehe, da sind die beiden
394 2718 1585 2772 mir alles eins,“ es ist das Genießen des Augenblicks, das
1579 2751 2755 2799 Freunde, die beiden Gegner, da ist der Liebe kurze Selig¬
392 2750 1578 2797 nicht nach dem Morgen fragt, wie es schon Abraham
1581 2770 2760 2841 keit und lange Qual, ist die Hoffnung auf das Kind und
392 2790 1589 2854 a Santa Clara an seinen Wienern tadelte. Schnitzler ist
1584 2817 2758 2873 das Grauen vor dem Alter, ist Duell und Tod. Schnitzler
390 2822 1578 2881 ein geradezu fanatischer Verfechter des Glaubens, daß der
1581 2858 2763 2920 schlägt diese Leitmotive schon in seinen ersten Dichtungen
397 2869 1582 2921 Mensch nichts tun kann gegen sein Schicksal, daß er unfrei
1592 2892 2772 2952 an, hat sie in „Anatol“ und „Liebelei“ reich und dichterisch
398 2914 1574 2956 ist, eine Puppe in der Hand eines unsichtbaren Draht¬
1578 2931 2772 2989 entwickelt. Die Tendenzdramen, die nun folgen, widmen
392 2942 1589 2999 ziehers. Es ist dies lustig=traurige Puppenspiel des
1588 2967 2773 3027 sich der Gesellschaftskritik und finden ihre höher stehende
392 2986 1583 3041 Lebens, daß die Wiener Volksstücke mit unbewußter Ironie
1590 3021 2763 3067 Fortsetzung in Werken wie „Zwischenspiel“ und „Das weite
394 3021 1576 3075 darstellten, das bei ihm aber mit einem skeptischen Künstler¬
1589 3044 2766 3103 Land“ die der modernen Gesellschaft wirklich einen Sitten¬
385 3058 1585 3119 tum geschildert wird. Kunst und Natur gehen ineinander
1586 3085 2771 3146 spiegel vorhalten. Hier erliegt der Dichter, dessen passive
398 3088 1584 3147 über, und das Leben in der Phantasie ist oft wirklicher als
1594 3118 2776 3186 Skepsis der dramatischen Spannkraft entbehrt, bisweilen
394 3132 1585 3194 das reale Leben. Daher seine Verehrung, ja Ueber¬
1581 3165 2767 3220 dem Streben nach rein theatralischer Wirkung, die ihm am
390 3166 1584 3223 schätzung des Künstlers, sein Aesthetentum, daher aber auch
2509 3202 2775 3264 Auch seine
1588 3204 2484 3261 besten im „Grünen Kakadu“ gelungen ist.
395 3214 1577 3264 die Inbrunst, mit der das Formale gegeben ist. In der
1592 3226 2774 3298 neuesten Berufsstücke, das vielgespielte Aerztedrama „Pro¬
387 3247 1587 3310 Feinheit und Grazie seines Stils folgt Schnitzler ebenfalls
1588 3278 2779 3343 fessor Bernhardi“ und die mißlungene Journalistenkomödie
394 3290 1589 3335 den besten heimischen Mustern, und manches aus seiner
1579 3310 2791 3383 „Fink und Fliederbusch“, sind reine Theaterstücke. Größere
402 3318 1419 3387 letzten Prosa gemahnt an Stifters Erzählerkunst.
1596 3359 2775 3413 Aufgaben stellte er sich in den Werken „Der Schleier der
480 3353 1588 3429 Aus seinem Wienertum heraus wurde der Dichter zu
1599 3386 2769 3448 Beatrice" und „Der junge Medardus“, die zur „großen
390 3405 1596 3468 dem bezeichnendsten Vertreter des Impressionismus. Da
2030 3418 2782 3494 Aber weder die Historie noch die
1593 3439 2044 3494 Tragödie“ hinstreben.
391 3447 1582 3494 er nur die Empfindung des Augenblicks anerkennt, sich
1584 3467 2764 3528 dramatische Architektonik sind seine starke Seite. Ueber¬
403 3487 1585 3558 allein an den flüchtigen Abglanz des Lebens, an den Mum¬
1591 3498 2770 3569 haupt leistet er sein Höchstes in kleinen Werken, in manchen
403 3523 1592 3584 menschanz verhuschender Schatten klammert, so wußte er
1598 3547 2769 3606 Einaktern, in einzelnen Akten. Schnitzler ist ein Meister
394 3574 1594 3629 in das Momentane den stärksten Inhalt zu legen. Seine
1595 3582 2774 3645 des Dialogs, der sein geschliffenen Pointe; aber seine
402 3602 1593 3672 beiden ersten bedeutenderen Arbeiten, der Einakterzyklus
1594 3613 2779 3681 Charakteristik ist zu subtil und episch, so daß seine Dramen
394 3643 1585 3711 „Anatol“ und die Novelle „Sterben“, drängen bereits in
1598 3655 2783 3724 leicht etwas Novellistisches bekommen. Als Novellist hat er
397 3673 1595 3737 einzelne Augenblicke ganze Welten des Erlebens. Das
1594 3700 2762 3763 von seinen Jugendsachen „Sterben" und „Leutnant Gustl“
397 3715 1591 3769 impressionistische Drama hat kein höheres Kunstwerk auf¬
1593 3740 2770 3800 an viel Feines geschaffen; sein epischer Atem ist aber kurz
404 3756 1599 3815 zuweisen, als Schnitzlers „Einsamen Weg“, in dem man
1601 3777 2768 3834 und reicht nicht zum Roman. Gehört auch der Dichter des
405 3797 1596 3853 auch wohl sein bestes Werk sehen darf. Hier entfaltet sich
1587 3815 2773 3872 Impressionismus und des alten Wien der Vergangenheit
410 3825 1601 3895 eine Kunst der Halbtöne, der seinen Valeurs; eine silber¬
406 3870 2791 3930 graue, von schweren Farben matt durchleuchtete Herbst=en, der Mensch Schnitzler wird in seinem Allzumenschlichen
399 3895 2445 3991 stimmung ist über das Ganze gebreitet, und die Traaik! — ewigmenschlichen stets lebendig bleiben.
2745 2650 2808 2719 3
2744 2706 2833 2821 9
