3392 4320
1077 299 1531 395 box 39//3
216 325 958 413 —Blethday
738 1262 1451 1428 Ostsee-Zeitung
1100 1395 1396 1497 Stettis
955 1654 1377 1746 3- MAT192
841 1860 1380 1949 Artur Schnitzler.
634 1927 1491 2013 Zum 60. T5- Mai),
470 1957 636 2062 #
788 2001 1432 2067 Von Hugo von Hofmannsthal.
798 2049 1716 2104 Der Verlag von S. Fischer in Berlin widmet das
740 2098 1725 2145 Maiheft der „Neuen Rundschau“ dem 60. Geburtstag Artur
737 2136 1726 2180 Schnitzlers indem es Würdigungsartikel von Auernheimer,
746 2174 1720 2214 Hermann Bahr Gerhart Hauptmann, Hugo Hofmannsthal,
742 2199 1732 2239 Alfred Kskr, Thömas Mann, Stefan Zweig ung andern
741 2241 1721 2284 berühmten Freunden des Dichters veröffentlicht. Der sol¬
739 2257 1730 2317 gende Beitrag Hofmannsthals wird besonderes Interesse
742 2312 892 2362 finden:
566 2361 1728 2410 Schnitzlers Theaterstücke sind vollkommene Theaterstücke, gebaut,
494 2378 1740 2459 um zu fesseln, zu beschäftigen, zu unterhalten, in geistreicher Weise.
499 2437 1723 2492 zu überraschen; sie tun dem Augenblick genug und vermögen noch
500 2468 1723 2526 nachträglich das Gemüt und die Gedanken zu beschäftigen; ihre Hand¬
491 2499 1727 2559 lung und ihr Dialog beschwingen einander wechselweise, die Charak¬
501 2548 1723 2590 tere sind vorzüglich erfunden, leben ihr eigenes Leben und dienen doch
491 2596 1733 2642 nur dem Ganzen. Wenn man diese Stücke auf der Bühne sieht, hat
499 2628 1727 2686 man das Gefühl: derjenige, der sie gemacht hat, ist auf den Brettern
503 2665 1732 2721 zu Hause und hat keinen anderen Ehrgeiz, als durch das Theater zu
482 2710 653 2772 wirken.
590 2736 1730 2795 Schnitzlers Erzählungen sind lebendig, spannend; sie haben immer
492 2765 1738 2832 das nötige Detail, aber nie zuviel davon, sie haben Psychologie, aber
498 2826 1727 2872 die Psychologie dient nur dazu, den Gang des Ganzen in einem rei¬
495 2872 1726 2908 genden Rhythmus bald zu verlangsamen, bald zu beschleunigen, sie
499 2900 1730 2947 stecken voll Beobachtung, aber auch die Beobachtung ist dem eigentlichen
497 2939 1732 2976 Reiz der Erzählung untergeordnet. Man hat das Gefühl, daß sie von
506 2980 1728 3024 einem Mann herrühren, dessen primäres Talent das Talent des Er¬
498 3007 1724 3066 zählers kurzer oder eigentlich mitteklanger Erzählungen ist. In beiden
498 3056 1719 3109 Formen: Drama und Erzählung ist er durchaus ein Künstler, und
501 3103 1731 3137 war es vom ersten Tage an. Es ist ein erstaulicher Gedanke, daß die
503 3138 1721 3177 kleinen Szenen aus dem Leben einer erfundenen Figur „Anatol“,
506 3165 1719 3221 die heute aller Welt in Europa und über Europa hinaus geläufig ist,
504 3210 1728 3267 und eine kurze, in ihrer Art vollkommen reife und meisterhafte Er¬
496 3255 1722 3312 zählung „Reichtum“ das erste waren, womit er vor so vielen Jahren
498 3292 732 3350 hervortrat.
582 3320 1727 3372 Ihm sind alle Instrumente zu Dienst, die das Handwerk einem
499 3361 1735 3415 erfahrenen und sehr nachdenklichen Künstler in die Hand gibt, um
496 3394 1731 3456 selbst den scheinbar unergiebigen Stoff ganz zu bezwingen und der
506 3448 1733 3492 Materie ihren inneren Reichtum zu entlocken. Keines davon gebraucht
500 3493 1732 3528 er mit größerer und reizvollerer Virtuosität als die Ironie. Je
506 3515 1737 3578 kühner er diese anwendet, je mehr er seinen Stoff und seine Motive
509 3566 1737 3613 mit ihr in die Enge treibt, desto weiter erscheint paradoxerweise sein
499 3594 1721 3636 geistiger Horizont. So würde ich sagen, daß neben der „Liebelei“,
506 3634 1721 3690 die eine Arbeit von ganz einziger Art ist, einige seiner kleinen Kunst¬
509 3667 1775 3739 werke — Erzählungen oder Dramen — durch den Zauber der Ironie
2094 1771 2362 1842 SS
2866 1781 2988 1845 IEEMR
1743 1842 2964 1892 als die größten erscheinen. Ihnen allen wohnt nicht nur die Andeu¬
1751 1870 2962 1929 tung inne, daß der Schöpfer dieser kleinen Welten mehr von der Welt
1754 1922 2955 1966 weiß, als er zu sagen vor hat — dies ist ein gewöhnlicher Reflex aller
1749 1946 2952 2005 Ironie —, sondern auch dieses Besondere: man ahnt. er hätte noch
1745 1996 2963 2047 mehr und vielleicht noch Stärkeres zu geben, als ihm bisher zu geben
1735 2028 2952 2077 gefallen hat oder gestattet war. Unter diesen Umständen kann man
1753 2071 2958 2123 nicht vom Alter eines solchen Menschen sprechen, denn es ist durchaus
1744 2103 2968 2163 möglich, daß ein solcher von einem Teil seiner Kräfte noch niemals
1748 2156 2960 2213 sichtbaren Gebrauch gemacht und auch einen Teil seiner Jugend
1751 2189 2535 2241 irgendwo zurückbehalten oder verborgen hat.
