3436 4352
1185 306 1650 396 box 39/3
313 294 1115 412 6oth Birthdar
1266 888 2117 972 Weltrundschau: Artur Schnitzler
683 920 778 980 132
702 987 2703 1085 gwälrend von Todesgrauen geschüttelt werden, daß es überhaupt
1696 1037 2703 1102 keine Männer gibt, die die Idee höher stellen als das eigene
1701 1094 2711 1161 Leben. Ja, Schnitzler, der Skeptiker, leugnet manchmal geradezu
1700 1133 2707 1199 das Bestehen dieser Ideen, die größer sind als das Ich. Da¬
1694 1172 2705 1229 durch verrennt er sich in einen ethischen Tiefstand, der zur
1696 1210 2708 1280 Höhe seiner Kunst in krassem Widerspruch steht. Sucht er
1706 1261 2708 1325 einmal, einem Besinnen folgend, Ideen darzustellen, die das
1706 1304 2695 1376 Individuum überwinden, so versagt er. „Der junge Medardus“
1701 1345 2713 1404 und „Professor Bernhardi“ gehören zu seinen allerschwächsten
1697 1389 2704 1457 Schöpfungen. Vielleicht kann er hier wieder durch sein im
1709 1433 2708 1496 Wienertum begründetes Altösterreichertum entschuldigt werden.
1765 1472 2720 1546 In unserer von Ideen übervollen Zeit, die sich oft allzu
1708 1511 2719 1582 laut gebärden, steht der seine, vornehme, leise Mensch als ein
1715 1563 2702 1636 Einsamer, dem es nie gegeben war, energisch „ja“ oder „nein“
1709 1610 2715 1672 zu sagen. Er, der ein „führender“ Dichter ist, hat keine einzige
1716 1657 2721 1711 Eigenschaft des Führers, der einen, wenn auch nur literarischen,
1714 1687 2728 1756 Heerbann befehligt. Aber er wird immer, heute mehr denn je,
1718 1744 2719 1800 eine treue Gemeinde stiller Menschen besitzen, die Leben und
1714 1778 2714 1866 Gewohnheiten des alten Regimes in die neue proletarische Zeit
1709 1821 2729 1898 hinübergerettet haben. Und auch die zünftige Literaturgeschichte
1722 1870 2731 1932 wird ihm einen ehrenvollen Platz bewahren müssen. Denn er
1723 1908 2725 1979 hat in einer Zeit, da das deutsche Dichterroß, scheu ge¬
1720 1960 2732 2015 worden, viele schöne Blumen in unserem Garten zertreten
1724 2003 2733 2077 wollte, sein redlich Teil dazu beigetragen, es auf gefahrlose
1724 2041 2721 2108 Wege zurückzuzwingen. Und die Jungen, die heute sich an¬
1719 2090 2733 2158 schicken, ein noch gefährlicheres und noch weniger nötiges Ex¬
1728 2134 2719 2198 periment mit dem armen Tier zu wagen, sollten nicht ver¬
1721 2173 2735 2240 gessen, daß unser Sechziger in reichem Maße das besitzt, was
1727 2222 2738 2280 ihnen versagt ist: Grazie, Geschmack, ein sicheres Gefühl für
1721 2261 2738 2316 die Grenzen des ästhetisch Erlaubten und Achtung vor der
765 2297 1673 2356 Die 1000=Jahrfeier der Stadt Quedlinburg. Am 22. April d. J.
1733 2307 2740 2384 Sprache, die er in seinem Lebenswerk zu eigenartiger, vor¬
765 2330 1669 2376 feierte die Stadt Quedlinburg ihr 1000jähriges Jubiläum, das
773 2355 1684 2416 zwei Tage die Stadt mit Festfreude erfüllte. Im Mittelvunkt des
1717 2363 2186 2436 nehmer Höhe gebildet hat.
776 2391 1684 2442 reichhaltigen Festprogramms stand ein Festzug, in dem Handel
773 2420 1688 2466 und Gewerbe Quedlinburgs zum Teil historisch getreu, zum Teil
1731 2412 2728 2505 900000000000000000000000000000000000000000000000000000
775 2443 1687 2500 huworistisch zur Darstellung kamen. Die Stadt stützt sich bei dem
767 2468 1695 2533 Zeiwunkt ihrer Jubelfeier auf eine im Staatsarchiv zu Münster
781 2502 1717 2557 befindliche Urkunde, die Heinrich I., den man den Begründer des §
769 2530 1695 2585 Deutschen Reiches nennen kann, am 22. April 922 in „Quitilinga¬
775 2563 1681 2609 burg“ unterzeichnet hat. Dieser Ort Quitilingaburg war eine ur¬
775 2585 1688 2647 alte Siedlung, bei der der damalige Herzog Heinrich und sein Haus
779 2615 1687 2678 große und reiche Besitzungen hatte, später erhielt ihn seine Ge¬
791 2618 1719 2704 mahlin als Wittum. Auch Otto I. und seine Nachfolger verweilten 8
789 2672 1710 2731 oft in der Stadt. 1237 kam Quedlinburg unter die Schirmherr= 8
791 2701 1703 2760 schaft der Grafen von Reinstein, begab sich 1326 in den Schutz
778 2729 1711 2795 des Bischofs von Halberstadt und mußte 1477 die Oberherrschaft 2
781 2763 1718 2823 von Kursachsen anerkennen. Die Stadt besitzt eine Reihe künst¬ L
779 2789 1706 2845 lerisch wertvoller Bauwerke und Denkmäler; die Industrie hat ver¬
787 2820 1724 2874 hältnismäßig spät Fuß gefaßt, genießt heute aber über Deutschland 8
784 2844 1699 2902 hinaus Ansehen. Eine besondere Bedeutung haben der Quedlinburger
781 2870 1724 2943 Gartenbau, Samenhandel und die Blumenzucht. Phet. N. Sennecke. 2
727 2920 1739 2993 5o000000000000000000000000000000000000000000000000000000000000000
732 2989 1737 3086 am eifrigsten dagegen protestieren müssen. Nicht aus morg¬
743 3052 1397 3122 lischen, nur aus künstlerischen Gründen.
798 3089 1750 3158 Ein Hauch von Fäulnis haftet wohl allen Schnitzlerschen
2259 3110 2306 3165 2
734 3130 1746 3216 Menschen an. Seine Gesellschaft ist revolutionsreif. Er aber
738 3172 1742 3253 ist nicht der Prediger in der Wüste, der mahnend darauf hin¬
740 3213 1747 3289 weist, die Darstellung der Verworfenheit ist ihm realistisch¬
748 3257 1756 3334 künstlerischer Selbstzweck. Nur wo der Hinweis auf eine Sint¬
742 3301 1757 3390 flut historisch gegeben war, findet er sich. So in dem Einakter
751 3348 1753 3427 „Der grüne Kakadu“, darin in meisterhafter Prägnanz Ursache
747 3393 1750 3478 und Entstehen der großen französischen Revolution geformt
747 3452 1760 3511 wurden. Dieses kleine Drama und die Offiziersnovelle „Leut¬
751 3478 1751 3555 nant Gustl“ scheinen mir die Höhepunkte des Schnitzlerschen
742 3524 1752 3596 Schaffens zu sein. In der letzteren betrachtet ein junger Mensch
754 3566 1752 3650 eine an sich richtige Idee im Spiegel der eigenen Borniertheit.
2314 3590 2386 3647 8
741 3603 1761 3690 Schnitzler gießt hier allerdings das Kind mit dem Bade aus
752 3656 1753 3737 und macht sich über die Idee als solche lustig. Wenn wir
1768 3696 2711 3776 § Pelznenheiten. In Leipzig, dem Hauptnunkt des deutschen Pelz¬
741 3699 1762 3772 heute auch Schnitzlers hohem Können alle Verehrung bezeugen,
1822 3738 2715 3791 handels, fand in Verbindung mit der Öster=Rauchwarenmesse eine
758 3740 1755 3819 gegen seine ethische Anfechtbarkeit dürfen wir nicht blind sein.
1815 3769 2705 3822 Pelimodenschau statt, auf der auserlesene kostbare Neuheiten ge¬
1815 3799 2715 3854 zeigt wurden. Unter den ausgestellten Pelten, die zu einem nicht
763 3792 1750 3851 Gewiß war es verdienstvoll von ihm, mit den Heldenphrasen
1824 3824 2717 3881 geringen Teil taum für den inländischen Bedarf erreichbar sind,
755 3828 1760 3900 aufzuräumen, die uns einreden wollten, daß das Sterben ein
1819 3864 2724 3912 sielen die hier im Bilde wiedergegebenen auf: links ein Maulwurfs¬
1825 3882 2723 3937 mantel mit Fransen, der mit Brokatseide gefüttert und mit Chiffon¬
762 3868 1766 3945 Vergnügen sei. Die Unerbittlichkeit des Todes, der Tote von
1821 3917 2736 3986 gewebe verschleiert ist, rechts ein modefarbener Automantel aus
752 3914 1767 4000 Lebenden endgültig trennt, hat der Arzt in einigen grandiosen
1937 3949 2603 4007 Fohlen mit Opossumkragen. Phot. John Grandenz.
751 3958 1765 4048 Szenen geschildert. Aber er verallgemeinert hier mit Unrecht
1771 3985 2782 4052 So000000000000000000000000000000000000000000000000008
767 4005 1758 4088 und schließt daraus, daß die Menschen seiner Gesellschaft immer¬
