3344 4480
1084 234 1554 345 box 39/3
218 226 1013 354 goth Birthday
1235 1106 1362 1196 50—
778 1150 3315 1242 in Schlössern Laxenburg und Hetzendorf hielt, in der man „Ihn“ am herrlichsten, am unüvertrefflichsten, ses früher einmal selbstver
399 1188 3323 1304 #h#oene Gegenstände, die Privateigentum der kaiserlichen am berauschendsten fand? Wo sind die Cottagegirls, die seinen Repertoires, bei Neuauffüh
327 1236 3315 1350 Familie sind, zurückbehalten, unter anderen die Gobelins aus der Namen aus der Zeitung schnitten und auf Butterbrot strichen, schließlich künstlerische Rücksich
323 1290 3317 1402 „L'histoire de Don Quichotte“ (1749 bis 1788), die der wie Wolzogen so hübsch sagt, wo alle, alle, denen er unvergeß= Sänger kann heute einem deu
2759 1330 3319 1396 trakt verpflichtet werden, der
1570 1344 2055 1425 liche Stunden bereitete?
2784 1376 3295 1447 große Freiheiten sichert.
1662 1373 2787 1471 Wenn man vor diesem trostlosen Grab steht, hat man den
333 1420 1579 1515 Stelle den Finger zu legen. Schnitzler und Schönherr haben ja
1566 1392 3327 1520 Eindruck, als wären jene Männer und Frauen, die ihn einst Währung, dem Künstler kau
339 1494 1570 1552 auch die zur Zeit, als sie ihren medizinischen Studien oblagen,
1569 1470 3315 1567 vergötterten, nicht mehr am Leben, als sei diese Generation voll. land gebotenen Verdienstmög
332 1527 1575 1608 gewonnenen Eindrücke Anregungen zu Theaterwerken gegeben:
1576 1521 3329 1616 kommen ausgestorben. Dürrer, verwelkter Efeu umspinnt das ihn nehmen, wann wir ihn
339 1577 1582 1660 diesem zu „Professor Bernhardi“, jenem zu der den steinigen
1568 1560 3329 1662 Grab, kein Kranz, keine Blume ziert es. Nichts. Nichts. Ver= und so oft er es verlangt.
336 1623 1579 1701 Weg des vergebens aufwärtsstrebenden, weil der Protektion ent¬
1574 1590 3332 1720 gessen. Es ist ein tieferschütternder Anblick dieses Künstlergrab, zügigkeit gefährden naturgem
327 1673 1570 1775 behrenden Arztes in „Vivat academia!“ schildernden Komödie.
458 1654 3302 1788 Schnitzler ist ein leidenschaftlicher Freund der Natur und so ein stummes und doch himmelschreiendes Dokument menschlicher geringen Grade gerade je
1578 1703 3317 1804 Undankbarkeit, menschlicher Gleichgültigkeit, menschlicher Treulosigkeit. Amüsement, als wirklicher
343 1766 1576 1848 manche feine Schilderung, so manches förmlich transparente Wort
1577 1731 3334 1854 Wenn Menschen schweigen, werden die Steine reden, heißt es. Budgetierung ohnehin mit
2792 1811 3100 1889 kämpfen haben.
330 1811 1581 1896 hat man seiner Naturliebe zu danken. Dem pittoresken Sommer¬
344 1828 2799 1943 heideweg, der auf der Höhe von Pötzleinsdorf, von der Kheven= Dieser Grabstein, ungeschmückt und kahl, spricht laut genug.
2875 1847 3286 1937 Und so mag es
348 1864 2815 1995 hüllerstraße links abbiegend, sich bis gegen Neuwaldegg hinzieht, „Tausende von jungen Mädchen und Frauen weinten bitterlich,
2785 1909 3326 1996 Sängerurlaube einiges daz
342 1906 2798 2028 und den unvergleichlichen Blick auf den Dreimarkstein und die als sie erfuhren, daß Josef Kainz gestorben sei“, hieß es vor
345 1979 3318 2092 darunter liegenden lieblichen, von den Wienern von heute fast zwölf Jahren in einem Nekrolog. Sollte es nicht zehn unter seit längerem bestehenden
339 2031 3334 2126 noch mehr wie von den alten Wiener Familien, die sich dort diesen „Tausenden“ geben, die ihre Tränen nicht vergessen haben der eigentliche Grund meine¬
1579 2059 3332 2140 und von Zeit zu Zeit zum Grab von Josef Kainz gehen und habe ihn angedeutet, als ich
345 2089 1577 2188 sommersüber angesiedelt hatten, gepriesenen Ortschaften Salmanns¬
1576 2110 3330 2191 dori eine Blume, einen Strauß, einen kleinen Kranz niederlegen? meinem Münchener Wirken
349 2149 1585 2236 dorf und Neustift am Wald gewährt, hat Schnitzler mit förmlich
1583 2161 3328 2240 Sollte es nicht fünf geben, nicht zwei, nicht eine? Hat das Burg= habe zehn Jahre gearbeite
347 2194 1590 2281 plastischer Deutlichkeit in seinem Roman „Der Weg ins Freie“
2788 2203 3318 2283 und geben konnte. Und
1576 2209 2805 2292 theater seinen größten Sohn ebenfalls vergessen und trägt es
343 2238 1590 2318 geschildert. So vornehm wienerisch wie er empfindet
2798 2256 3331 2327 ein Lebensabschnitt hint
1575 2258 2807 2328 nicht dazu bei, diese Kulturschande zu tilgen? Fühlt der Direktor
339 2297 1589 2359 kein zweiter österreichischer Dichter von Rang, ist
2792 2293 3318 2375 als eine Episode, die sich
1585 2308 2803 2385 des Burgtheaters, fühlen seine Mitglieder sich nicht verpflichtet,
339 2341 1590 2423 doch speziell „Liebelei“ erfüllt von dem undefinierbaren
2789 2350 3326 2413 aber nun will ich endlich
1582 2344 2445 2442 für die Erhaltung dieses Grabes zu sorgen?
354 2383 1590 2470 Reiz des Wienertums, wird doch Christine für alle Zeiten
1674 2393 3337 2485 Der Totengräber zündet sich gemächlich seine Pfeise an und meine Arbeit mit größter
343 2431 1602 2518 ein Musterbild, frei von jeder Retusche, eines lieben süßen
1586 2449 3332 2545 nickt verständnisvoll: „Ja, ja, es kümmert sich niemand um das meiner Kräfte, und jetztn
346 2479 1590 2566 Wiener Mädels mit all seinen Vorzügen und Schwächen bleiben.
344 2548 3331 2604 Und wie bange hat nicht allein der Dichter, sondern auch das Grab vom Kainz. Die Frau ist in Deutschland und die anderen um, wab die Welt nun mi
2781 2543 3328 2612 in den letzten Jahren imm
348 2565 2662 2660 Burgtheater, bis auf Max Burckhard, der mit scharfem Blick die Leute, denen er so gefallen hat . . . Mein Gott ...“
2803 2590 3326 2654 mich kennen lernen; ich bi
1675 2610 2815 2716 Dieser Totengräber kennt die Welt und ist frei von jedem
358 2629 1605 2710 Erfolgmöglichkeiten des Werkes witterte, der Erstaufführung von
2801 2636 3330 2732 gekommen und frage mich:
2894 2682 3324 2757 Bevor ich diese mir
358 2684 1590 2751 „Liebelei“ entgegengesehen, das ja eigentlich das erste auf Wiener
1592 2676 2820 2757 Idealismus. Dieses „Mein Gott“, das er zwischen den Zähnen
2808 2715 3327 2797 ist es müßig, mich um „
357 2730 1593 2807 Boden spielende Stück war, das, wenigstens in der neueren Zeit,
1588 2727 2813 2802 hervorstieß, sein Blick und seine Haltung, als er diese beiden
356 2769 1593 2850 im kaiserlichen Schauspielhause aufgeführt wurde. Schnitzler mag
1598 2777 2815 2852 Worte sproch, werde ich nie vergessen. Ein Totengräber im
2814 2790 3329 2863 Ich habe solche kaum. Ich
1583 2817 2815 2918 shakespeareschen Sinn. Seine Frau erzählt, daß sich früher eine
355 2813 1599 2898 wohl auch deshalb gebangt haben, weil ein bis dahin noch
2809 2830 3331 2900 Ich will reisen. Ich mö
359 2864 1606 2942 wenig erprobtes junges Geschöpf, die „kleine Medelsky“, die erst
2815 2869 3337 2952 mich herankommen lassen
347 2864 2818 2977 kurze Zeit vorher aus dem Konservatoriumsei gekrochen, flügge ge¬ alte Dame in Pötzleinsdorf um das Grab kümmerte: „Ob sie es
2794 2918 3316 3005 Möglichkeiten, vielleicht
1590 2921 2816 3002 heuer noch tun wird, weiß ich nicht. Es wird halt immer teurer,
357 2949 1604 3042 worden war, für die heikle und und unendliche Subtilitäten erfordernde
2788 2961 3340 3042 das, der Künstler vor allen
1590 2970 2186 3059 und dick hat sie's auch nicht.“
360 3008 1600 3091 Rolle der Christine bestimmt war. Hinter ihr stand aber ein
1696 3014 3331 3098 Es wird immer teurer und in diesem Jahr wird das Grab dessen bewußt wird, sieht
351 3056 1616 3146 Mächtiger, der sich mit dem ganzen Gewicht seiner Persönlichkeit
368 3071 3318 3191 für sie einsetzte, niemand Geringerer als Friedrich Mitterwurzer, von Josef Kainz, dem Freund eines Königs, dem angebeteten kreis erschöpft und als zu
2919 3119 3326 3189 Es fällt die Frage,
369 3137 2831 3251 der mit seinem sicheren Theaterinstinkt herausfühlte, daß nicht Genie, wohl vollkommen verwahrlost sein, der Efeu wird ganz
356 3211 3329 3287 allein das mit einemmal aus lachendem Himmel von Gewitter=verwelken und nicht durch frische Pflanzen ersetzt werden, die deutschen Dirigenten, von
1594 3212 3326 3298 Blätter werden vermodern, wie der Lorheer vermodert ist, den Komponist Gebrauch mach
362 3253 1604 3341 blitzen erfüllte Werk die Klauen eines Löwen erkennen lasse,
1589 3274 3316 3358 man ihm in jubelnder Begeisterung gewunden, mit dem man ihn „seit Jahren nicht mehr.
370 3304 1610 3385 sondern auch daß das kleine zitternde Vögelchen, das es bald
371 3291 3337 3431 dem Regisseur, bald dem Direktor nicht recht machte, die Richtige geschmückt hat. Das Grab wird verkommen, wenn sich nicht doch eigentlichen Plan, sonder
361 3358 3337 3461 sei, um das Publikum zu fesseln, zu packen und zu erschüttern. vielleicht einige Leute finden, die in Dankbarseit . . . Wie sagte was mir Zeit, Stimmung,
2807 3385 3333 3481 zuträgt. Auch von dieser
1599 3426 2450 3511 doch der Totengräber? „. . . Mein Gott.“
370 3440 1613 3531 Und so war es auch. An jenem Uraufführungstage von „Liebelei“
1711 3451 3298 3550 Ich habe einen großen Strauß dunkelvioletten Flieders auf zuerst trachten, mir ##l
369 3463 1626 3575 ging nicht allein für die deutsche Dichtkunst, sondern auch für die
1595 3493 3360 3625 dieses Grab gelegt. Vielleicht finde ich doch Rachahmer oder fragen: wer ist dieser Man
361 3553 1391 3633 deutsche Bühnenkunst ein Stern erster Ordnung auf.
