3392 4352
1137 300 1596 392 box 39/3
256 316 973 414 6oth Birthday
2217 1145 2314 1213 179
811 1274 2332 1343 matischen Historie greift, sind seine helden — eben keine Helden,
812 1364 2340 1412 sondern Menschen, die vor einer helölichen Verpflichtung, die an sie
817 1424 2334 1484 heranteitt, versagen. An die Stunde der Todesfurcht und Schwäche
821 1480 2336 1531 des kleistschen Prinzen von Homburg scheint Schnitzlers Dramatik
820 1543 2337 1594 anzuknüpfen. Nicht das Abermenschliche, das Allzumenschliche,
818 1598 2291 1656 nicht das Heroische, das Natürliche beherrscht dieses Geschlecht —
824 1663 2328 1707 ausschließlicher noch als das Hauptmanns. Schwüre werden ge¬
815 1725 2330 1768 brochen, Pflichten durchlöchert, Imperative umgangen, Selbstge¬
814 1757 2333 1813 löbnisse vergessen, Entscheidungen versäumt; Festigkeit erweicht sich,
824 1820 2339 1880 menschliche Bande lösen sich mählich. Es gibt in diesen Seelen
813 1881 2337 1945 nichts absolut Gültiges und streng Verpflichtendes, nichts Starres,
829 1929 2335 1994 und Stetes, nichts Dauerndes. So ist das Leben, scheint Schnitzler
821 1993 2337 2066 zu sagen, und ein melancholisches „Leider!“ schwingt als weh¬
816 2070 2336 2120 mütige Stimmungsmusik oft genug in diesem psychologischen Rela¬
828 2105 2347 2172 tivismus, in dieser moralistischen Skepsis mit. So ist das Leben
890 2178 2335 2235 gewiß eher als wie in den herben Tragödien altklassischen Stiles,
818 2239 2344 2291 deren Gestalten verkörperte Einzelleidenschaften, Einzeltugenden,
831 2283 2341 2362 starre idealische Masken sind, die ja übrigens nie den Anspruch
832 2352 2349 2412 auf psychologische Richtigkeit erhoben haben und gegen die man
835 2399 2352 2466 diesen Anspruch von naturalistischen Gesichtspunkten aus sehr fälschlich
824 2479 2346 2528 erhoben hat. Schnitzler ist Naturalist — nicht eben in seiner ge¬
834 2537 2353 2593 schmeidigen, oft konzilianten Technik, wohl aber in seiner Psycho¬
835 2574 2356 2645 logie, nur daß er gerade alle jene seelischen Momente überbetont,
821 2648 2346 2708 die eine idealistische dichtung bisher verschwieg. Haben die Sänger
831 2713 2360 2769 einfach=starker Zeiten Hohelieder des Mutes, der Treue, des Willens
838 2764 2345 2824 gedichtet, so exzelliert unsere Spätzeit — und darin ist Schnitzler
831 2808 2353 2883 ein bedeutender Repräsentant — in Elegien — schmerzlich holden,
837 2882 2354 2949 bisweilen peinlichen Elegien — der Todesfurcht, der Untreue, der
825 2939 1198 3010 Willenlosigkeit.
914 2978 2352 3054 Hofmannsthals lyrische Klage, „daß alles gleitet und vorüber¬
836 3055 2353 3118 rinnt“, ist hier dramatisches oder episches Geschehen geworden, und
837 3127 2357 3181 Tolstois Einsicht: „Menschen sind wie Flüsse, das Wasser ist in allen
829 3157 2357 3242 gleich und überall ein und dasselbe, aber jeder Fluß ist bald eng,
836 3223 2356 3284 bald schnell, bald breit, bald still, bald rein, bald kalt, bald trübe,
850 3285 2361 3355 bald warm . .. Bei einigen Menschen treten diese Veränderungen
842 3359 2357 3414 besonders scharf hervor“. So sind die Schnitzlerschen Menschen,
846 3394 2361 3471 ganz in Fluß, ganz Fluß, heute munter und morgen matt, heute
845 3477 2375 3533 verliebt und morgen gleichgültig, heut voller Illusionen und morgen
