3392 4480
118 344 482 442 4 MAIlsZ
149 525 620 622 zum Lebendigen.
149 606 737 681 zur Verjügung gestellten Aushänge¬
130 658 734 717 scher, Verlag, Berlin, erscheinenden
131 697 680 772 tzler“ von Richard Specht.
117 743 749 826 tbelei“ wird ein Walzer gespielt;
111 797 742 874 urgtheaters hat Schnitzler diesen
113 846 733 917 nd er war sehr hübsch. Wenn
113 899 736 966 als die latente Melodie seines
122 942 732 1007 die hört man in „Freiwild“
131 993 729 1056 Musik, so wie das „Märchen“
116 1032 731 1111 Liebelei“ war mehr Gestaltung,
124 1083 738 1148 haraktervoller Meinungskampf.
151 1130 732 1206 der die Meinung unabsichtlich
150 1183 734 1236 kommenden Werken ist dieser
142 1221 741 1328 s firmus da. Schon im „Ver¬
1746 64 1869 155 1
778 135 1937 200 Bentwvoglio, dürfte Tenor singen, es sind Baritonseelen¬
769 169 1948 241 Es gibt keine eitlen Bravouren, keine Koloraturarien, kein¬
767 219 1929 288 Negligé des Geistes, immer erlesenste Toilette. Daher
763 264 1932 323 kommt auch das gute Gefühl, das einen auch in Schnitzlers
765 320 1932 385 schwächeren Arbeiten (wie in „Fink und Fliederbusch“) nie
766 357 1926 431 verläßt: immer in der besten geistigen Gesellschaft zu sein.
760 402 1928 486 Etwas, was ich in der heutigen Literatur vielleicht nur noch
757 446 1408 533 bei Thomas Mann wiederfinde.
844 589 1924 651 Er ist sehr bald über das Thesen= und Tendenzstück
768 628 1925 696 hinweggekommen. Im „Märchen“, im „Freiwild“ stecht er
764 696 1924 752 noch ganz drin (so hübsch es zu sehen ist, wie seine Gabe der
764 738 1928 784 Menschengestaltung stärker ist als der Zwang zum Problem
768 783 1920 846 und wie sie ihm oft das Konzept verdirbt, weil die Selbst¬
754 829 1925 900 herrlichkeit der geschaffenen Figur sich die Marionettendrähte
762 871 1925 938 des bloß Gedanklichen nicht mehr gefallen läßt und ihr eigen¬
755 922 1918 992 williges Leben oft gar nicht mehr zu der gewollten Exemplifi¬
751 968 1915 1020 kation stimmt). Im „Vermächtnis“ klingt es noch leise an.
753 1014 1915 1072 Dann aber wird er ganz frei. Dann gestaltet er nicht mehr
752 1055 1922 1107 vom Problem, sondern von seinen spezifischen Menschen¬
759 1106 1920 1173 exemplaren aus. Er ist ja bald dahintergekommen, daß die
752 1154 1923 1219 Thesen, für die er sich dramatisch erhitzte, eigentlich für ihm
749 1201 1922 1282 ja gar nicht vorhanden waren; kein Wunder, daß dann sein
749 1246 1909 1341 Plaidoyer nicht elementar wirken konnte. Gerade darin —
838 1284 872 1335 225
742 1327 1901 1396 nicht daß er das „Märchen von den Gefallenen“ oder den
745 1386 1897 1432 Unsinn des Duells „überwunden“ hatte, sondern daß all
737 1421 1895 1487 dies in seiner geistigen Welt und in der eigenen Mentalität
752 1475 1902 1534 gar nicht existiert — liegt eben ein widerspruchsvoller Reiz
744 1512 1892 1585 dieser Stücke, denen ja sonst etwas ganz schnitzlerfremd
750 1564 1186 1627 Doktrinäres anhaftet.
840 1600 1889 1673 Eine Zwischenstufe sind jene Werke, in denen zwar
738 1656 1890 1710 keine These aufgestellt wird. aber Menschen von vornherein
746 1700 1892 1758 in Beziehungen gebracht werden, bei denen er sich fragt: was
738 1742 1070 1804 geschieht, wenn
1192 1751 1891 1815 Das ergibt immerhin, bei größter
739 1795 1891 1853 Delikatesse der Charakteristik und des Psychologischen, doch
744 1839 1892 1904 etwas Konstruktives. („Zwischenspiel“ ist so.) Erst vom
747 1896 1891 1943 „Einsamen Weg“ an, wo Menschen, Schicksale, Zusammen¬
739 1924 1903 1976 hänge das Primäre der Konzeption sind und der Ablauf des
736 1976 1903 2046 Geschehens nur die Folge der seelischen Voraussetzungen ist
798 2031 1885 2087 erst von da an dringt der Menschengestalter, der schon in
728 2081 1898 2137 der „Liebelei“ seine Schöpferkraft gezeigt hat, in Geistig¬
738 2112 1893 2171 keiten und Erkenntnisse vor — weiter als die meisten Dra¬
732 2167 1896 2223 matiker seiner Zeit und ohne dabei jemals abstrakt zu
736 2207 1909 2270 werden: die Fülle seiner Gestalten ist ebenso erstaunlich wie
739 2253 1893 2315 ihre Kraft der Gegenwart, ihre atmende Lebendigkeit. Sie
732 2297 1899 2355 sind so „wirklich“, daß wissenschaftliche Forschung es wagen
738 2331 1903 2413 konnte, sie zum Objekt der Seelenanalyse zu nehmen, als
736 2386 1204 2453 wären sie reale Wesen.
829 2435 1903 2503 Daher kommt es ja auch, daß sich die Psychoanalytiker
739 2491 1891 2530 und die Moralprediger seines Werkes bemächtigen wollten.
739 2526 1896 2586 Beide irren. Seine Welt und seine Anschauung ist nicht so
732 2580 1912 2627 eng, als es die einen, seine Sittlichkeit viel ferner aller
724 2630 1904 2705 Libertinage, aber auch aller verknöcherter Engherzigkeit, als
727 2666 1142 2730 die anderen meinen.
826 2704 1899 2785 In seinen reifen Werken sind die Menschen das
725 2750 1904 2825 Primäre; ihnen horcht er ihr Problem ab und stellt es
731 2801 1886 2867 dar. In seinen Anfängen ist es umgekehrt: das Problem
725 2856 1888 2919 ist der Ausgangspunkt, die Gestalten werden dazu erfunden,
723 2895 1900 2977 die Schachaufgabe an sich ist ihm wesentlicher, als von
728 2950 1891 3001 welchen Figuren sie gelöst wird. Dieses Fortschreiten vom
731 2989 1892 3051 Abstrakten zum Lebendigen ist wunderschön, und wenn man
721 3032 1895 3100 ihm von dieser Einstellung aus zusieht, kann man die
726 3087 1899 3131 Gegner noch weniger begreifen, die ihm die äußerliche
721 3141 1886 3188 Sphäre, die stofflichen Anlässe seiner Dichtungen zum Vor¬
725 3170 1898 3247 wurf machen und die „großen Zeitfragen“ bei ihm vermissen.
728 3223 1889 3271 Gewiß gibt es Zeiten, und es ist unser Fluch, daß wir gerade
718 3274 1888 3319 heute in solchen Zeiten leben, in denen die wirtschaftliche
718 3320 1888 3389 und die politische Lage Interessen in den Vordergrund
725 3365 1898 3422 schiebt, durch die die wahren Wichtigkeiten des Daseins ver¬
717 3412 1895 3468 dunkelt werden; aber man wird zugeben, daß alle Fragen
711 3458 1896 3498 der Nationalökonomie, der Steuern, der Reparation, der
718 3501 1895 3569 Valuta, der Industrie, so wichtig sie für das Weiterbestehen
718 3550 1891 3596 der staatlichen Gemeinschaft sind und so schmerzhaft wir sie
712 3600 1903 3658 am eigenen Leibe spüren, doch als „ewige Fragen“ hinter
728 3627 1889 3692 den wirklich ewigen zurückstehen, die in der Dichtung
725 3682 1886 3743 lebendig werden. Es ist immer das Zeichen verworrener und
725 3738 1893 3783 gewaltsamer Jahre, wenn ihr Inhalt nicht zu Kunst zu
726 3780 1897 3850 werden, keinen dichterischen Niederschlag zu finden vermag.
734 3821 1894 3908 Der Hunger ist kein dramatisches Problem und kaum ein
821 3858 1337 3921 WTTE TS
1913 1349 3083 1418 novellistisches; wo ein Beutel Geld oder sonst ein äußer¬
1922 1391 3062 1464 licher Zufall Wende schafft, hat der Poet nichts zu sagen.
1922 1440 3065 1493 Kaum der Krieg ist es: Shakespeare und Tolstoi, die ihn
1918 1486 3063 1553 behandelt haben, sprechen eher für diese Meinung als da¬
1918 1540 3074 1601 gegen, wenn man betrachtet, was in Wirklichkeit bei ihnen
1915 1577 3072 1648 zur Gestalt wird. Aber Liebe, Sehnsucht, Glück, Sterben,
1909 1622 3072 1690 die menschlichen Beziehungen von Anbeginn, die Freiheit des
1917 1668 3059 1719 Willens, die Pflicht der Verantwortung — das bleiben bis
1906 1717 3051 1776 auf weiteres über alles Soziale hinaus die wahren Wichtig¬
1908 1759 3069 1816 keiten der Menschheit. Zudem: nicht was der Dichter nicht
1910 1816 3063 1876 gestaltet hat, sondern das, was er gestaltet hat, ist ent¬
1909 1863 3067 1918 scheidend, wobei die Sphäre, das Milieu sekundär wird,
1907 1896 3072 1959 wenn er nur das Leben spüren läßt und Ausblicke ins
1921 1945 3057 1995 Geistige öffnet. Die Frage ist einzig eine nach der Lebens¬
1917 1986 3072 2055 kraft, nicht nach der Universalität des Bildes. Dessen Name
1910 2032 3068 2106 bei Schnitzler sein könnte: österreichischer Totentanz.
