3392 4256
1127 280 1592 373 box 39/3
273 280 985 399 goth Birthday
1023 650 1170 741 77
373 740 1336 849 ADOLF SCHUSTERMANN
296 826 1409 922 ZEITUNGSNACHRICHTEN-BUREAU
496 901 1202 988 BERLIN SO 16, RUNGESTR. 22-24.
339 977 1107 1095 Zeitung: Wiener Stimmen
342 1096 618 1195 Adresse:
596 1103 865 1225 Wien
837 1186 1310 1281 ZUMAISS
344 1205 575 1294 Datum:
1547 1292 3347 1358 Aber der Moral, die über die Zurücksetzung, nicht Wien beachtet werden durfte. Daß
439 1314 1400 1389 Zu den stärksten Beweisen gegen den Materialis¬
2637 1345 3097 1413 dankbare Anerkennung.
1467 1331 2626 1421 über die Aussendung der Ferkelchen entrüstet tut, ist Heil
388 1370 1250 1449 mus gehört die Schamröte und das Genie.
2716 1363 3364 1436 Zionismus und nationaldemokra
1483 1388 2637 1445 widerfahren. Frohlockend hielt sie gestern den „W. St.“
984 1399 1458 1491 Friedrich Vischer.
1480 1425 3355 1492 die Entdeckung entgegen, „daß der hervorragendste Führer quittierten unisono mit Schleckerb
2637 1466 3365 1536 stürzen sich, weit entfernt davon, in
1481 1486 2643 1532 der christlichsozialen Partei und Erbe Luegers, Herr Dok¬
2640 1508 3360 1561 der Ablehnung des „Reigen“=Schni
1482 1522 2641 1576 tor Weiskirchner, mit Familie der Festaufführung des
579 1501 1212 1597 Schnitzlerschnitzer.
2634 1543 3348 1602 Anerkennung des anderen, des rein
1478 1558 2636 1617 Burgtheaters zu Ehren Schnitzlers am Vorabend seines
395 1572 1476 1646 Wäre der Fall, zu dem der Schnitzler=Zwischenfall ge¬
2639 1599 3356 1661 schen Schnitzler kritische Unbefangen
1483 1588 2651 1662 60. Geburtstages in der Proszeniumsloge beigewohnt
2639 1626 3362 1703 zu erkennen, in rührendem Wetteifer
305 1629 1469 1711 macht wurde, nicht so bezeichnend für das Handwerk, das
1489 1644 2634 1711 hat.“ Man denke nur! Und im Verein mit dem Zionis¬
2641 1679 3361 1753 auch schon den Besuch des „jungen 2
297 1675 1473 1751 bek derartigen Anlässen in Funktion tritt, so könnte man es
1489 1669 2640 1747 mus hält uns die Nationaldemokratie des „Wiener
2640 1723 3348 1776 beweis gegen die Verurteilung d
317 1719 1473 1782 bei dein, was zur Aufregung jüdischer Blätter bereits be¬
1480 1727 2645 1793 Mittag“ für widerlegt und jubelt mit dem zionistischen
2637 1755 3371 1827 trommeln, Betätigung fester Grundsc
314 1769 1484 1827 frk Porden ist, bewenden lassen und über die Fortsetzung
1480 1774 2642 1844 Jubelschrei, ohne sich erst über ihn prüfende Gedanken zu
2636 1812 3350 1873 Uebereinstimmung als Widerspruch
312 1804 1477 1867 des Larms mit einem Lächeln der Befriedigung hinweg¬
1491 1815 2638 1879 machen. Woher denn auch die nehmen! Und so ward es der
2642 1841 3376 1903 Schnitzer, nichts weiter. Aber so schn
301 1850 1483 1942 ehn Aber die Versuche, den Sachverhalt im Bewußtsein
1483 1852 2642 1917 typische Hereinfall der völkischen Bierbank auf einen
2640 1899 3357 1971 immer, bis ihr Publikum sich einer
313 1892 1483 1974 der Oeffentlichkeit umzustülpen, sind zu typisch und das Drein¬
1487 1904 2011 1979 jüdischen ad hoc-Einfall.
2646 1937 2959 2019 gegenübersieht.
320 1933 1479 2014 gröhlen eines völkischen Bierbasses in den Zionschor ist gar
1569 1954 2635 2039 Seit wann ist denn das Burgtheater für Christen ge¬
307 1992 663 2070 zu vergnüglich.
1496 2012 2647 2087 sperrt? Besteht für sie nicht an allen Abenden Besuchs¬
407 2011 1488 2090 Die „Reigen"=Schweinchen, die von den „Wiener
1487 2058 2648 2126 recht? Und ausgerechnet der Nationalratspräsident sollte¬
323 2062 1483 2132 Stimmen“ im Bilde zu Herrn Schnitzler mit einem Gratu¬
1499 2087 2643 2168 nicht an jedem beliebigen Abend Nachschau halten dürfen,
324 2108 1483 2183 lationslorbeerkranz geschickt wurden, damit sie dem Dichter,
1502 2133 2661 2206 was es im Staatstheater gibt? Aber was reden wir von
324 2150 1484 2212 der es ihnen an nichts fehlen ließ, am Tage der Ehrungen
1496 2185 2649 2261 Rechten! Wurde an dem Abende etwa Schnitzlers „Reigen“.
317 2195 1485 2267 und der bilanzierenden Rückschau auf ein Lebenswerk nicht
1497 2204 2661 2298 gespielt? Nein, sondern Schnitzlers „junger Medardus“!
321 2236 1489 2309 ganz fehlen, liegen denen, die an solchen Tagen des Nimbus
1488 2264 2656 2340 Der steht doch im Geruche, daß er die Anwesenheit auch
317 2283 1481 2337 keine Schweinerei leiden mögen, die sie sonst mit Lust und
1489 2318 2659 2394 solcher Oesterreicher verträgt, die eine Vorführung des
332 2320 1489 2403 Liebe pflegen, noch immer im Magen. Seltsame Mentalität:
1492 2355 2669 2425 „Reigen“ als „grobe Geschmacklosigkeit" und „unflätige
326 2366 1485 2437 Sie fand es in Ordnung, als der Dichter die „Reigen“¬
1502 2394 2672 2466 Besudelung“ des Rufes von Wien beklagen. Er bringt im
328 2409 1493 2484 Ferkelchen auf die Wiener Bevölkerung losließ; daß es aber
1495 2434 2663 2514 Rahmen dichterischer Zutat österreichische Historie, führt
325 2448 1490 2532 gewagt wurde, sie dem Eigentümer bei passender Gelegen¬
1452 2485 1501 2521 „
1498 2480 2671 2553 den Pomp und das Gepränge und die Kostüme ver¬
330 2488 1486 2578 heit zurückzuschicken, empfindet die „Wiener Morgenztg.“
1505 2521 2658 2600 sunkener glanzvoller Wiener Tage vor, ist ein patriotisches
324 2541 1498 2618 (Nr. 1185) als „unflätige Besudelung“ des „Reigen"=Er¬
1499 2557 2666 2635 Stück sozusagen, wurde von der Kritik der nichtjüdischen
319 2578 1495 2650 zeugers. Kann ein Dichter durch Konfrontation mit seinen
1496 2607 2661 2683 Presse nicht mißgünstiger besprochen, als von der der
334 2628 1490 2694 eigensten Erzeugnissen „besudelt" werden? Ist für ihn selber
1499 2657 2673 2724 andern. Warum also hätte gerade diesem Stück der Prä¬
331 2658 1501 2731 zu schlecht, was er unbedenklich der Oeffentlichkeit aufgenötigt
1507 2693 2671 2771 sident des österreichischen Nationalrates nicht beiwohnen“
334 2709 1496 2786 hat? Oder wünschte man, den Anlaß zu benützen, um den
1510 2731 2669 2812 sollen? Und könnte der Präsident der Volksvertretung für
339 2762 1503 2838 Sechziger als einen anderen erscheinen zu lassen, als er war
1511 2776 2676 2858 sich nicht die nämliche Begründung der Anwesenheit in An¬
336 2800 1497 2873 und ist? Fürchtet man für den Ruf des Dichters, wenn ihm
1514 2824 2673 2901 spruch nehmen wie etwa die nationaldemokratischen Referen¬
336 2837 1501 2910 an dem Tage, an welchem die Blicke der großen Ooffentlich¬
1508 2851 2672 2943 ten, die keinen Schnitzler“ auslassen, ohne zu fürchten, da¬
329 2884 1502 2957 keit auf ihn gerichtet sind, der Spiegel seines ganzen
1505 2901 2667 2990 durch in jenen Ruf zu kommen, in den ihre Presse für ihrs
331 2929 1495 3005 Lebenswerkes vorgehalten würde, aus welchem die „Reigen“¬
1499 2966 2611 3040 Leben gern den Nationalratspräsidenten gebracht sähe?
332 2973 1496 3052 Evisode zu löschen doch niemand anderer berechtigt ist als der
343 3013 1508 3091 Dichter selber, der aber keine Miene dazu macht? Die
1574 3003 2670 3095 Und schließlich, der Jubilar, dem zu Ehren sein Parade¬
337 3056 1507 3129 Sorge hat uns nicht zu bekümmern; auch Literaten von Ruf
340 3073 2677 3179 dürfen die Schweinchen, die ihre Phantasie gebiert und die stück gegeben wurde, ist doch ein gebürtiger Oesterreicher
338 3121 2672 3225 ein reger Geschäftssinn auf Kundenfang schickt, postwendend und Wiener, ein Umstand, der von dem Präsidenten der
1520 3149 2671 3242 österreichischen Volksvertretung und Altbürgermeister vor
341 3206 803 3287 zurückgestellt werden.
