3344 4480
232 194 1565 296 6oth Birthday box 39/3
176 742 2693 864 seine Freunde erkannten ihn gleich damals als einen Dichter, der Wonne des Seins und vom Grauen des Todes, liegt freilich eine
1381 782 2703 859 Dagewesenheit, die so ewig ist, und beinahe so alt, wie das Leben
1388 820 2699 903 selbst. Artur Schnitzler aber hat mit diesen Dingen, die jedem gegeben
160 823 1392 892 durch den Zwang, Medizin zu treiben, in seiner Kunst gehindert
1389 867 2712 949 sind, nur gespielt. Sein eigenes Spiel gespielt. Er hat auf diesen
154 874 1385 944 beengi werde. Aus diesen Anfängen jedoch empfing sein Wesen
1383 909 2706 993 Hintergrund, vor den wir alle treten, sein Profil gezeichnet. Sein
148 924 1377 1006 entscheidenden Farben. Die Menschen, die er darstellt, sind bürger¬
1394 946 2698 1024 eigenes. Und aus diesem Erdenlehm, der jeder formenden Hand willig
158 972 1383 1069 eMenschen, voll Kultur, voll geistiger Feinheit, seelisch differenziert
1399 979 2703 1064 ist, hat er seine Gestalten geschaffen. In seinem Ebenbild. Eine kleine
1389 1029 2696 1107 Welt von Menschen lebt nun mit uns, führt in unserm Gedächtnis, in
156 1029 1381 1110 problematisch. Gestalten aus der Tiefe des Volkes hat er nur
1397 1054 2702 1143 unserer Kenntnis von der Welt und in unseren Erkenntnissen eine
139 1074 1393 1170 #ige geschaffen. Sie tauchen da und dort einmal an der Peripherie
1385 1106 2705 1188 lebendige Existenz von erhöhter Wirklichkeit. Anatol, der verwöhnte
136 1121 1387 1205 der Werke auf und wirken immer, wie aus der Ferne gesehen. In
1393 1145 2697 1229 Melancholiker des Genusses, die einfache, süße Christine aus der
139 1178 1393 1278 n seinen Werken ist der Schimmer eines festlich erleuchteten, eines
1398 1196 2704 1266 „Liebelei“, der edel komplizierte Herr von Sala aus dem „Einsamen
1387 1228 2707 1303 Weg“, die Herzogin aus dem „Grünen Kakadu“, der junge Kavalier
139 1227 1394 1322 rünstig genossenen Lebens, und in allen seinen Werken ist die
1393 1266 2706 1342 aus „Literatur“; und alle tragen die Züge Schnitzlerschen Geistes, alle
145 1273 1393 1369 nkel schattende, niemals vergessene Nähe des Todes. Denn seine
1390 1299 2706 1384 haben an ihrer Gestalt vom Griff und Druck seiner formenden Hand
135 1320 1397 1426 end, hingebracht in den glänzenden Salons der Reichen und in
1390 1348 2712 1426 die Spur. Alle reden so, daß man nach ihren ersten drei Worten schon
154 1375 1392 1460 düsteren Spitälern der Armen, hat in der beides vor Augen
1401 1389 2705 1464 wissen muß: Sie sind von Schnitzler. Alle sind in Erlebnisse, in Kon¬
1392 1430 2714 1508 flikte, in Schicksale, in eine Atmosphäre gestellt, die vollkommen
149 1437 1037 1524 abt: blühendes Leben und tragisches Sterben.
1402 1471 2708 1546 Schnitzlers Wesen und Eigenart spiegelt. Wie sie jetzt einer nach dem
1406 1524 2709 1587 andern an mir vorüberziehen, fällt es mir auf: von einer merk¬
158 1507 1396 1609 Von der Liebe sprechen alle seine Bücher, alle diese Erzählungen,
1404 1545 2711 1621 würdigen Milde und Reinheit sind sie alle. Auf keinem von ihnen
151 1576 1386 1666 sse kleinen Dialoge und großen Theaterstücke. Von der Liebe und
1395 1589 2709 1662 hat ein trüber Blick des Hasses geruht. Schuldlose sind sie alle. Oder
153 1620 1397 1713 in Tode. Auch wenn sie sich anders geben, auch wenn sie manchen
1405 1646 1684 1720 Entschuldigte.
2347 1651 2521 1724 —
1995 1663 2115 1742 V.
143 1672 1407 1773 reich unsinnigen und erstaunlichen Verknüpfungen des Schicksals
1453 1701 2718 1798 Der Generation, die jetzt die reifen Mannesjahre lebt, die jetzt sacht
151 1720 1405 1827 hspüren, auch wenn Streit, Aufruhr, Tapferkeit und Not des Daseins
1405 1781 2722 1844 schon dem Alter entgegenschreitet, ist Artur Schnitzler innig verbunden.
160 1775 1401 1858 erfüllen und durchschüttern möchten, ist ihr Inhalt die Liebe und
1401 1804 2715 1879 Er ist eines ihrer stärksten künstlerischen Ereignisse, ist eines ihrer
159 1822 1396 1906 *Tod. Eine merkwürdige Kraft und Andacht des Erlebens läßt
1402 1840 2715 1921 suggestiven Vorbilder. Von seiner Art, die Liebe zu sehen, ist das
151 1875 1405 1963 sen Dichter die blutdurchströmte Schwere der kleinsten Geschehnisse
1415 1897 2722 1962 Liebesgefühl dieser Generation beeinflußt worden; von seiner Art, den
1407 1923 2716 1999 Tod zu denken, ward ihr Vergänglichkeitsgedanke angefärbt, von
157 1923 1399 2013 pfinden, die unauslöschliche Realität der geringsten Tatsache, die
1410 1955 2727 2039 seiner Inbrunst, das Leben zu verehren, ihre Daseinslust erhöht und
156 1971 1407 2060 se Folge des flüchtigsten Wertes. Zugleich aber hebt ihn ein geistiger
1417 2005 2727 2079 befeuert. Seine weltliche Anmut und seine äußerste Kultiviertheit
151 2022 1402 2117 hwung und Auftrieb bis zu einer Höhe, in welcher der atmosphärische
1404 2033 2724 2119 haben erzieherische Wirkung geübt, und der exklusiv empfindliche
153 2075 1407 2158 uck von unsern Schultern weicht, in der die Wucht des Wirklichen
1401 2078 2736 2165 Geschmack seiner Kunstmittel hat viele andere ähnliche Exklusivitäten
1413 2130 2719 2200 und gute Empfindlichkeiten ermutigt. Seine Technik ist in ihrer
156 2125 1413 2215 werlos und schwebend wird, und in der alle Wichtigkeiten sich auf¬
1418 2152 2720 2242 frühesten Jugend von den Franzosen erzogen und angeregt worden.
145 2169 1419 2253 len. Seine Melancholie und seine nachdenklichen Traurigkeiten
1402 2196 2723 2287 Daher rührt der leise Duft nach allerlei mondänen Parfümen in seinen
139 2220 1406 2304 Eten am Erdboden: Liebelei. In seiner Heiterkeit aber ist das
1405 2225 2729 2320 ersten Büchern; daher der Name Anatol, der wie ein Echo aus Frank¬
156 2268 1401 2360 ssere Jenseits der Phantasie, das Lächeln des Ueberwundenhabens:
1403 2285 2725 2370 reich herüberweht, in feinen ersten Dialogen aufklingt; daher auch die
1404 2307 2733 2403 elegante, höflich grüßende Verbeugung, mit der sich manches seiner
159 2323 1388 2414 ssian und Leisenbohg. Die Höhe, das Auflösen der Wichtigkeiten.
1418 2357 2718 2442 Worte zur Poinie schmiegt und rundet. Dann aber ist ihm aus der
717 2388 822 2450 IV.
1421 2412 2719 2482 rastlos arbeitsamen und tiesen Echtheit seines Wesens die eigene Technik
162 2402 1407 2502 Eine Quelle seiner dichterischen Kraft: das Staunen. Die Kraft
1423 2436 2733 2519 erwachsen, dieses mundervolle Vermögen, in einfachen Sätzen Unsag¬
147 2465 1417 2547 ner reifen und meisterlichen Kunst: das Aufspüren, Verstehen und
1422 2485 2735 2558 bares mitschwingen zu lassen. Dies Vermögen, Zwischentöne der
152 2499 1412 2585 kthüllen der Zusammenhänge. Ein berauschtes, lyrisch gewordenes
1425 2517 2741 2601 Seele, Unterstimmen des Bewußtseins frei zu machen, psychologische
143 2551 1409 2620 kaunen über das Wunder der Liebe; über die Süßigkeit, Anmut,
1423 2567 2718 2643 Konflikte von einer Zartheit, die sich zuvor weder anrühren noch
144 2587 1408 2664 Engabe und beherrschende Gewalt des Weibes; über alle unfaßbaren
1422 2617 2726 2685 gestalten ließ, anzurühren und zu gestalten. Diese merkwürdig weiche.
146 2626 1416 2717 föglichkeiten des Glückes. Zugleich ein schmerzdurchwühltes Staunen
1407 2649 2727 2719 nachgiebige, scheinbar sorglose Technik, in der dennoch so viel wache
156 2672 1418 2749 früber, daß zwei Menschen, die so nahe beisammen gewesen, so end¬
1426 2696 2724 2758 Aufmerksamkeit so viel Selbsterziehung, Straffheit und Frische lebt,
161 2706 1409 2790 ß weit voneinander abgleiten können; daß fremd zu werden vermag,
1420 2719 2730 2806 Mit dieser nachspürenden, ausgewogenen, nervenzarten Technik ist er
155 2728 1422 2825 bis jemals eins war. Ein erschüttertes Staunen darüber, daß die
1425 2771 2732 2840 auf die leidenschaftliche Suche nach den Zusammenhängen gegangen.
145 2788 1424 2879 Uille des Daseins in ewiger Leere endigt, daß dieses strahlende Licht
1418 2812 2725 2879 Sein kühnstes Experiment, die Zusammenhänge zu enträtseln: „Der
146 2832 1419 2920 ##r als kurze Einleitung ewiger Finsternis vorausgeht; daß dieser
1423 2842 2728 2924 Ruf des Lebens“. Sein interessantester Versuch: „Das weite Land“.
150 2870 1425 2954 swehende, jauchzende Atem der Lebendigkeit in uns zu jeder Minute
1431 2867 2732 2963 und „Der junge Medardus“. Sein übermütigstes und freiestes Er¬
150 2912 1419 2983 ksgeblasen und erstickt werden kann. Dieses doppelte Staunen, aus
1417 2931 2737 3011 greifen der Zusammenhänge: „Reigen“. Mit dieser anmutig federnden,
155 2938 1427 3027 m der Jüngling einst vor sich selbst, vor sein Schicksal und vor die
1428 2956 2729 3041 in ihrem Reichtum schwelgenden Technik hat er die Farbigkeit des
153 2992 1417 3071 elt trat, ist in all den Jahren nicht gemindert noch beschwichtigt
1428 3010 2731 3082 modernen Lebens, den Prunk und die Schönheit einer vornehmen und
160 3033 1425 3109 orden, und der Sechzigjährige steht heute sich selbst, dem Schicksal
1421 3052 2735 3116 weiten Welt herausgebracht. Man hat oft, und in einer nur zu nahe
151 3068 1424 3147 nd der Welt gegenüber, voll Staunen, wie nur je; in lächelnder An¬
1427 3086 2731 3159 liegenden Ideenverbindung, gesagt, aus Schnitzlers Werken sei der
153 3113 1429 3191 ut des Geistes, in lyrisch=nachdenklicher Melancholie des Herzens,
1427 3125 2735 3181 Jubel und die Schwermut Wiener Walzer zu hören. Vielleicht ist es
198 3144 1427 3209 Entzücken und trunkener Daseinslust dem Leben dahingegeben,
199 3210 2737 3260 sanster Welsheit das Leben gütig belächelnd. In dieser Bilder=ebenso wahr, daß seine Instrumentation gelegentlich an den blendenden
1428 3214 2736 3280 Geigenglanz Puccinis erinnert, darin das verführerische, sinnliche
172 3237 1426 3311 sihe immer wiederkehrender und immer wieder schwindender Liebe,
183 3283 2739 3346 bieser beständig über allem Erblühen schwebenden Drohung des Strahlen und die prächtig verwirrende Erhabenheit der Großstadt
2319 3292 2751 3373 e
178 3316 1936 3393 zeikens, in diesem Umkreis einer Welt, der abgesteckt ist von der! manchmal aufleuchten.
1287 3361 1408 3439 M T
2044 3374 2153 3433 VI.
853 3363 1197 3455 Sire ue Ph e e. 180
1503 3383 2748 3485 Die diese Frühlingsabenddämmerung, die jetzt um mich niedergleitet,
1434 3450 2754 3550 sanft ist und doch erschütternd, so ist sein Werk mild und gelind und
1434 3504 2753 3597 dabei anschwellend bis zu einer wühlenden Tragik. Und wie dieser
1437 3550 2772 3641 alte, blühende Garten hier wienerisch ist, so ist sein Werk wienerisch in s?
1438 3602 2762 3683 all seinem Wurzeln und Blühen. Das Frühlingshafte, das Maienhafte,
1439 3654 2753 3745 das Lenzliche, das Wiens eigensten und süßesten Zauber ausmacht, durch¬
1440 3679 2764 3778 dringt auch die Art, durchdringt das Schaffen dieses maigeborenen
1448 3749 2769 3844 Wiener Dichters, der nun 60 Jahre alt geworden it, reif und meisterlich
1447 3788 2766 3886 vollendet, berühmt und geliebt. Und in allen seinen Werken grüßt uns
1454 3837 2766 3935 die Jugend. In allen seinen Werken duftet der Flieder. Wenn wir
1449 3883 2767 3981 ihn jetzt schon historisch empfinden dürfen, dann steht er, als letzter, in
1456 3935 2762 4037 jener Reihe wienerischer Gestalten, die uns am liebsten sind. Von
1451 3985 2765 4079 Schubert weht ein Klang zärtlicher Lieder um ihn her, von Schwinds
1465 4035 2763 4142 alder Phantastin schwingt muche seine Linie an den Konturen Schnitz¬
