3392 4352
241 304 960 406 6oth Birthday
1113 285 1568 381 box 39/3
941 950 2453 1035 Die Frage mag stehen bleiben. Antwort gibt jedem eigenes Anschauen.
875 1013 2451 1077 Unsere Betrachtung begann mit dem deutschen Schrifttum; sie möge auch
879 1084 2450 1143 damit enden. Am deutschen Arbeitfanatismus ist die Hoffnung auf eine
875 1116 2450 1175 neue Romantik zerschellt. Der „Naturalismus“ war der Versuch zu einer
879 1157 2460 1232 Dichtung, welche unerhörte Arbeit=Energien anforderte, mehr als irgend
876 1216 2453 1282 eine andre. Vermochte ein Dichter sie aufzuwenden, so entstand Starkes
879 1253 2452 1324 und Geprägtes. Doch wenige Deutsche vermochten es. Der Arbeitfanatismus
888 1326 2451 1384 scheint nicht eigentlich deutsche Dichter=Art. Die stärksten eigentlichen „Ar¬
884 1351 2458 1438 beiter“ unter Deutschlands Schriftstellern, Thomas Mann vor allen, haben
883 1433 2462 1481 zumeist fremdes Blut. Seither sieht man die Dichtung auf dem harten
894 1450 2462 1536 Boden eines arbeitenden Volkes schmerzenreich ringen um — die Freiheit.
897 1501 2463 1578 Auch der „Expressionismus“ so leidenschaftlich sein Protest ist, so herb
890 1581 2466 1628 sein Selbstgefühl, ist Ringen und Suchen nach einem Loskommen von der
884 1614 2461 1679 Gebundenheit der Zeit. Und ist darum mit einem wesentlichen Zug
885 1656 2462 1725 Romantik. Doch bleibt er, wie alles, was in dieser Zeit gruppenmäßig auf¬
884 1694 2462 1770 trat, halb. Muß halb bleiben. Denn nur der Einzelne überwindet die
893 1747 2461 1834 Welt, durch Zwang oder Leiden, bis dahin, wo er Romantiker sein, wieder
893 1789 2464 1870 Romantiker werden darf und die Freiheit hat. Ehe aber ein romantisches
885 1842 2473 1913 Schrifttum vollen Gehalts und reifer Gestalt wiederkehren kann, wird Deutsch¬
895 1891 2461 1966 land als Ganzes sich darüber entscheiden müssen, ob es im Drang seiner
903 1934 2465 2034 gewaltigen Arbeit nicht für Jahrzehnte Schaden nimmt an seiner Seele.
2323 1984 2474 2055 Sch.
1419 2068 1936 2154 Arthur Schnitzler
1346 2131 2028 2202 Zu seinem sechzigsten Geburttag
1025 2148 2463 2261 fuf einem Boden, der viele Rassen getragen, in Kampf miteinander
1016 2219 2480 2314 * vereint, in wechselnden Schicksalen gehalten und gehegt hat, auf einem
896 2292 2469 2343 — Boden von jahrhundertalter Weihe und Kraft — sehr besonderer,
903 2317 2477 2414 schwer fühlbarer Weihe und höchst seltsam wirkender Kraft — ist Schnitzler
898 2365 2477 2454 in der Zeit der Überreife einer vielbewegten Epoche geboren und geworden.
898 2413 2473 2503 Angehörig durch alle Jahre seines Lebens diesem Wiener Boden, dessen
903 2466 2475 2571 grundtiefer Kenner er ist, angehörig einer Rasse zwischen den Rassen, bildet
897 2513 2472 2591 er Wiener Welt ab, wie sie der organisch Wissende allein abbilden kann,
912 2562 2474 2656 indes mit der Kunst und mit der Auswahl aus ihrem Bestande, die seine
905 2610 2480 2705 persönlichen Merkmale sind. Müßig, ihm entgegenzuhalten, daß er nicht
907 2655 2478 2752 „Wien schlechthin“ abbildete — Wien ist eine Welt, eine jener symbolischen
899 2707 2480 2788 Stätten, die alles Menschliche, Sachliche, Organische repräsentieren, was
903 2780 2484 2840 die Welt schlechthin ausmacht; Wien ist Westen und Osten, ist Norden
911 2805 2481 2896 und Süden, ist Geschichte und Gegenwart, ist Stadt und Land, ist
916 2854 2477 2940 Kunstprodukt und Naturwesen, ist Willenszentrum und Erleidenszentrum,
909 2914 2480 2984 ist Seele und Seelenlosigkeit, ist modern und alt, ist fluchwürdigster Tau¬
914 2944 2489 3032 mel und edelste Besonnenheit, ist alles dies und tausendmal mehr in
915 3007 2486 3096 einer einzigen, einmaligen Prägung. So wenig wie die Welt selbst wird
916 3055 2482 3128 ein Dichter je Wien erschöpfen. Müßiger noch, Schnitzler entgegenzu¬
915 3094 2482 3186 halten, daß seine Kunst dünn und blaß und ohne singend=klingende Fülle
921 3147 2484 3233 ist. Es ist wahr, daß seine Werke nicht von Stifter, Bartsch oder Adolph
921 3211 2492 3296 sind. Doch gegenüber solcher unfruchtbarer Kritik hat er das Recht zu
917 3246 2485 3334 fordern, daß man zweierlei prüfe: ob sie reine Abbilder seiner Welt und
916 3322 2493 3383 ob sie ehrliche Zeugnisse eines tiefen Strebens sind. Die Abbilder sind
913 3343 2491 3435 rein, die Zeugnisse ehrlich — wer das nicht fühlt, gehe streitlos an dem
916 3389 2512 3484 Manne vorüber, dem wir andern verpflichtet und dankbar sind, ohne ihm
918 3461 1810 3544 blinden Auges Weihrauch zu verbrennen.
977 3532 1090 3609 68
1910 3766 2016 3845 .
