3344 4352
1076 343 1542 432 box 39/3
226 343 940 467 60th Birthdar
1215 1123 1726 1206 Die Gesellschafterversamr
340 1171 1730 1253 küfttr Reichshof Gebr. Hillebrecht. Diese beschließen, daß auch bei V.
1171 1210 1738 1276 mehrerer Geschaftsführer ein¬
356 1233 1141 1303 offene Handelsgesellschaft ist aufgelöst
1170 1252 1724 1314 rere von den Geschäftsführer
367 1266 1142 1320 worden; das Geschäft ist von dem Gesell¬
1168 1290 1726 1351 schaft allein vertreten könner
367 1306 1144 1362 schafter A. H. K. Hillebrecht mit Aktiven
1212 1328 1542 1374 Geschäftsführer:!
372 1340 1141 1388 und Passiven übernommen worden und
1545 1428 1751 1496 schlossen,
1538 1483 1731 1533 Schriftste
661 1453 1217 1545 Literakur und Kunst.
1540 1520 1745 1570 von 750
407 1536 1529 1617 C. A. P. Arthur Schnitzle wird am 15. Mai sechzig Jahre alt.
1553 1553 1749 1602 von W
1551 1593 1687 1644 Max
347 1588 1529 1647 Der Leser stutzt wohl bei dieser Nachricht, blickt vielleicht auf vom
1552 1630 1731 1683 Berlin.
345 1625 1537 1693 Papier, sinnt ein wenig der durchlebten Zeit nach und unwillkürlich
1556 1671 1732 1733 Köln (
348 1663 1542 1726 drängt es sich über die Lippeneschon sechzig 2 Wie kommt es, daß
355 1704 1538 1767 wir uns den Anatol=Dichter eigentlich gar nicht recht im grauen
1620 1711 1702 1777 O
252 1729 294 1785 4
351 1745 1537 1809 Haar vorstellen können? Freilich ist Jahrzehnte hindurch das
1555 1767 1737 1827 würdige.
255 1780 346 1831 iche
356 1789 1539 1851 erotische Problem der eigentliche Inhalt seines Schaffens gewesen,
1555 1810 1735 1861 der ger
246 1818 350 1872 send
344 1832 1531 1889 und Liebe und Jugend gehören zusammen, aber von der vollbesetz¬
1547 1840 1740 1896 genauen
362 1855 1543 1921 ten Tafel des Lebens schielte er doch auch immer nach der dunkel¬
1560 1883 1724 1937 heimrat
229 1900 346 1947 agen
357 1894 1539 1963 verhangenen Türe, halb ängstlich, halb neugierig, wie er wohl aus¬
1558 1925 1738 1970 auch die
227 1936 349 1986 wohl¬
350 1935 1543 2005 sehen möge, der stille Gast, der dort einmal durch sie hereintreten
1550 1957 1729 2012 griffen
211 1970 348 2025 ster¬
244 1976 1540 2041 ewiez muß. So verweb er Anfang und Ende, Leben und Sterben eigent¬
1553 1995 1731 2053 seinen2
208 2014 1537 2078 hbares lich von Jugend an, aber er selbst schien dem dunklen Geheimnisse
1565 2032 1749 2087 unermeß
366 2053 1549 2117 darum nicht näher zu kommen, er blieb eigentlich immer der gleiche,
1554 2077 1755 2138 schnellere
204 2088 351 2135 Zioline,
358 2094 1554 2153 und das Alter, die grauen Haare geben seiner geistigen wie leib¬
1559 2117 1741 2173 Fixstern
201 2123 354 2171 Streich¬
369 2129 1541 2195 lichen Persönlichkeit etwas Seltsam=Fremdes, ja beinahe Gespensti¬
1637 2154 1735 2200 Nur
188 2157 353 2210 und ge¬
363 2168 1556 2237 sches. Früher gehörte er eine Zeitlang zu den bekanntesten Schrift¬
1566 2181 1751 2242 zona, ül
189 2194 354 2266 setenden
354 2206 1549 2268 stellern deutscher Sprache; heute ist er ein halbvergessener Mann,
1560 2232 1739 2282 Sliph¬
367 2247 1553 2310 und doch ganz der gleiche. Nur die verquickliche Angelegenheit
1560 2264 1743 2312 einer G¬
199 2287 1550 2358 Bach= der Reigen=Aufführung hat in letzter Zeit wieder seinen Namen
1569 2301 1744 2356 Möglichk
267 2328 1553 2393 Die in aller Leute Mund gebracht; seine Kunst liegt hinter uns. Das
1563 2337 1751 2396 digkeiten
230 2361 1551 2417 Suite Schicksal der ganzen Künstlergeneration, die einst mit ihm den
1566 2379 1757 2434 tungen 1
215 2392 1555 2449 Paul Schauplatz betrat, prägt sich an Arthur Schnitzler am deutlichsten
1570 2420 1749 2481 Expositic
198 2439 1565 2503 Leitung und zugleich am schmerzlichsten aus: der Mangel einer wirklichen
1572 2462 1739 2508 und 14.
211 2479 1562 2552 onzerte Entwicklung. Auch andere, die sogar im Anfang den frischen Erd¬
1565 2493 1757 2551 NGC 58
216 2523 1555 2579 ebendig geruch der heimatlichen Scholle unmittelbar in die Literatur hinein¬
215 2534 1760 2630 Damen zutragen schienen, Gerhart Hauptmann, Max Halbe, schienen plötz= der Sei¬
1566 2567 1761 2629 schwin,
204 2603 1566 2660 Unna lich im Wachstum innezuhalten, als sie sich wurzellocker in der
1572 2618 1761 2668 von un
209 2631 1570 2699 künstle=wachsenden Großstadt zusammendrängten. Schnitzler ist Großstadt¬
1575 2654 1748 2702 das auf
372 2673 1561 2751 kind, zwar als Wiener der Natur und dem Volkstum näher als
220 2694 361 2751 ienspiel
1569 2686 1761 2743 den Sor
380 2719 1562 2783 etwa der Berliner, aber seine ganze Umwelt hat etwas Umhegtes,
1578 2725 1768 2781 Geschr
229 2734 357 2786 en mit
379 2751 1568 2829 Windstilles. Wenn er als Mensch und Künstler sich unters Volk
1575 2768 1749 2818 kunde.
227 2771 366 2826 r, der
376 2792 1556 2862 mischt, so bedeutet das zwar weniger ein Herabsteigen, aber er legt
1582 2803 1756 2858 steht bei
249 2813 371 2862 klare
375 2831 1561 2894 das Gesellschaftliche doch auch niemals ganz ab, und fast immer
1580 2843 1767 2899 Walfisch,
270 2850 363 2900 vor¬
379 2867 1558 2940 wendet er seine menschliche Liebenswürdigkeit und die Grazie seines
227 2886 364 2943 Schüler
1583 2881 1760 2954 von Om
384 2910 1573 2983 Stils vergebens auf, um aus dem Abenteuer ein Erlebnis, aus
1647 2921 1752 2976 Die
387 2947 1570 3015 einem Schritt vom Wege ein Schicksal zu gestalten. Er spricht das
1585 2951 1755 3014 sitzt der
380 2998 1572 3063 Wienerische mit einem französischen Akzent, und wer wollte leug¬
1574 2996 1757 3069 1 Sekun
383 3022 1576 3095 nen, daß wir diesen heute stärker als früher heraushören. Den
1586 3038 1764 3091 Kilom. /E
1587 3080 1763 3132 schnell, d¬
389 3061 1574 3133 kleinen Alltag pflegt er fälschlich zu tragischer Größe emporzu¬
393 3101 1575 3175 steigern, und vor der großen Tragik erweist er sich selber als zu
1583 3107 1766 3170 mit 19,
391 3137 1574 3213 klein. Was bleibt, ist das müde Lächeln der Skepsis und das wird
1575 3152 1779 3220 gegenübe
1657 3195 1768 3240 Ang
244 3189 323 3249 an
387 3191 1331 3258 ihn wohl auch begleiten für den Rest des Weges. ——
1592 3224 1776 3288 Geschwin
256 3234 385 3286 sind
448 3242 1566 3321 □ Vom Goethe=Nationalmuseum in Weimar. Wie uns von
246 3270 383 3323 n und
1587 3271 1768 3323 mit uns¬
387 3283 1578 3357 unserm Weimarer Mitarbeiter geschrieben wird, ist es dem Direktor
257 3313 379 3368 r und
1587 3307 1747 3360 stellen.
396 3322 1579 3399 des Goethe=Nationalmuseums gelungen, das letzte während
1580 3336 1764 3402 Geschicht¬
257 3355 371 3404 urger
396 3359 1577 3463 seiner Lebenszeit angefertigte Bildnis Wie¬
1591 3392 1766 3439 aus der
284 3392 380 3439 des
391 3397 1593 3480 lands zu erwerben und der Bildnissammlung des Goethehauses
272 3429 383 3475 stav
1594 3422 1789 3484 1 Sekun
399 3437 1577 3516 einzuverleiben. Es handelt sich um eine reizvolle, übermalte
258 3467 386 3520 ischer
1599 3465 1779 3518 Meter ir
387 3477 1584 3547 Silhouette, die den Dichter sitzend, in den Pelz gehüllt, das typische
1599 3498 1786 3567 mal so
285 3510 388 3568 t hat,
387 3517 1584 3595 Käppchen auf dem Kopf, in der Rechten ein Buch zum Lesen vor¬
397 3547 1776 3632 haltend und mit der Linken ein Kätzchen streichelnd, darstellt. Das fähig, un
394 3590 1792 3672 Bildnis ist erwiesenermaßen das letzte nach der Natur gefertigte des erkennen
374 3632 1794 3723 Dichters und entstammt dem Wielandschen Familien=Nachlaß. alles Me
1133 3889 1339 4016 2
2107 1480 2852 1611 Neue Hamburger Ztg.
2406 1597 2749 1688 Hamburg
2763 1636 2840 1715 2
2524 1767 2993 1917 1 SMA
1890 1957 2031 2120 2
2079 2028 2777 2135 Kunft und Wissenschaft.
1988 2123 3013 2192 — Arthur Schnitzler begeht henke den 60. Geburtstag. Wir
1893 2163 3018 2224 werden dem Dichter im Anschluß an die heutige Aufführung
1902 2220 3009 2272 der „Liebelei“ in den Kammerspielen einige Worte
1885 2255 3027 2315 widmen. Die bei S. Fischet erscheinende Neue Rund¬
1889 2291 3009 2355 schau hat eine Rundfragegüber Schnitzler veranstaltet, aus
1904 2329 3023 2403 der wir die beiden folgenden Aeußerungen zum Abdruck
1897 2375 2085 2434 bringen:
1954 2403 3020 2476 Arthur Schnitzlers warme und feine Begabung besitzt einen
2744 2458 3010 2511 s ist deutsche
1894 2460 2728 2502 Zug, der in Deutschland selten ist, Grazie.
1907 2499 3017 2555 Grazie, keine französische. Seine Gestalten, sein Theater ist
1899 2539 3023 2577 unaufdringlich bis zur möglichen Grenze. Man wird diesen
1897 2566 3015 2624 deshalb manchmal ein wenig blaß anmutenden Schriftsteller
1904 2620 3022 2673 immer wieder revidieren müssen, um die farbigen Reize und
1906 2658 3016 2706 großen Schönheiten seines Werks nicht zu verlieren und für
1893 2696 3020 2749 den deutschen Dauerbesitz zu retten. Den Sinn für Schnitzler
1899 2731 3019 2798 besitzen, heißt Kultur besitzen, und sich von Schnitzler ange¬
1895 2780 3015 2844 zogen fühlen, heißt die Kultur suchen. Es sollte viel mehr,
1913 2823 2701 2883 als es geschieht, Schnitzler gespielt werden.
2396 2850 2962 2917 Gerhart Hauptmann.
1958 2895 3021 2948 Ich bin der wiederkehrenden Gelegenheit froh, Arthur
1907 2927 3012 2996 Schnitzler meiner alten und immer neuen Bewunderung zu
1903 2980 3030 3043 versichern. Die Stunden, ich wiederhole es, die ich im Theater
1907 3024 3033 3079 oder zu Hause im Lesestuhl mit der Anschauung seiner Werke
1902 3064 3026 3112 verbrachte, waren solche künstlerischer Geborgenheit, unzweifel¬
1916 3099 3026 3154 haftesten Vergnügens, glücklich erhöhten Lebensgefühls. Voll¬
1907 3140 3012 3203 endet österreichisch, ist er heute für jene seelische Sphäre in
1916 3191 3024 3237 eine ähnlich repräsentative Stellung hineingewachsen, wie
1906 3225 3022 3273 etwa Hauptmann für das Reich. Seine Schöpfungen besitzen
1907 3263 3027 3313 allen Schmelz, alle Geschmackskultur, alle Liebenswürdigkeiten
1910 3291 3026 3356 des Oesterreichertums; aber als ihr besonderes Charakteristi¬
1905 3336 3013 3380 kum erscheint mir eine gewisse Lebensstreuge, die weh tut —
1915 3383 3020 3431 und die wohl eigentlich nicht österreichisch ist. Hofmannsthal
1919 3415 3024 3469 ist traumhaft intensiv, aber er hat nicht dies, und auch Alten¬
1907 3460 3009 3510 berg hat es nicht. Es mag vom Aerztlichen herrühren, —
1912 3499 3012 3550 das Unempfindliche, Unerbittliche. Es ist außerdem erotischer
1909 3542 3008 3584 Ernst, die Lebensstimmung des Friedrich Hofreiter im
1912 3585 3013 3631 „Weiten Land“, der sagt: „Ah, hältst du das für so besonders
1902 3618 3016 3675 lustig?“ Steinrück, eine schroffe Natur sprach es unüber¬
1902 3652 3022 3712 trefflich. Leidenschaft ... ist sie österreichisch? Aber von
1907 3695 3018 3741 Anfang war auch das andere im Spiel: Weisheit; zuerst als
1903 3738 3027 3790 Skepsis und Lockerheit, dann immer männlicher und gütiger
1914 3778 3012 3830 sich ausbreitend. Was aber wärc liebenswert, was ehrwürdig,
1899 3813 3011 3863 was ergäbe Dichterwerk, Dichterleben, wenn nicht die Ver¬
1909 3848 3017 3923 einigung von Leidenschaft und Weisheit, Strenge und Güte?
2578 3891 3015 3971 Thomas Mann.
