3344 4352
2021 172 2303 268 —.—
1139 278 1609 380 box 39/3
275 277 1019 394 goth Birthdar
1048 1358 1163 1440 —
1770 1399 2980 1488 seiner Komödien dieser ernste Kern liegt, hloß nicht tragisch
556 1413 1754 1487 modernen Fühlens überhaupt, sie kommen in allen Sphären
1772 1458 2982 1512 aufgemacht, daß er das Leben zwar liebt, aber sich dach mit
173 1443 481 1533 utchland.
553 1469 1757 1532 vor, nur unklarer, mehr verdeckt durch materiellen Zwang
1776 1499 2979 1560 ihm herumschlägt, daß er frivol ist, weil er eine frivole Ge¬
550 1523 1764 1582 und daher weniger geeignet für die reine und untendenziöse
176 1512 428 1610 Mai 1922.
1774 1535 2991 1605 sellschaft schildert, daß er zwar lächelnd mit ihr philosophiert,
563 1561 1077 1633 künstierische Dorstellung.
1785 1592 2542 1660 aber sie dennoch im Grunde geißelt.
630 1574 1765 1671 Denn Schnitzler haßt das Pathos und die Tendenz; ich
1855 1610 2988 1700 Und so ist Schnitzler mehr denn jeder andere geeignet,
555 1641 1763 1701 weiß es nicht, aber ich möchte es fast glauben, daß er seinen
1777 1689 2980 1736 uns aus der Not des deruschen Theaters — das ist nämlich
553 1693 1763 1762 „Professor Bernhardi“, den wir so sehr lieben, weit weniger
172 1695 540 1777 cht, so wird man
2071 1729 2990 1805 Teil die Not des deutschen Theaters
558 1735 1763 1792 mag als andere Stücke. Der Vorwurf ist ein Erlebmis des
1780 1737 2083 1799 zum großen
2823 1766 2993 1820 Wenn
166 1761 540 1837 en verlieren, daß
2447 1768 2792 1841 herauszuhelfen.
2079 1779 2332 1844 Publikum
557 1766 1764 1833 Vaters des Dichters, des berühmten Wiener Arztes Profesior
1778 1777 2088 1847 mit seinem
2653 1790 2998 1869 diesen Tagen
177 1808 539 1868 neinstellen in den
1786 1818 2579 1890 von einem Schweizer Bühnenleiter
562 1817 1770 1887 Schnitzler und mag sich ihm mit solcher Wucht eingeprägt
174 1854 548 1915 rache und seines
1779 1854 2991 1927 gesagt wurde, Deutschland habe in den letzten Jahren nichts
559 1868 1763 1931 haben, daß er keine andre als diese unmittelbare Gestaltung
172 1881 548 1957 d man wird ihm
1782 1893 3004 1968 hervorgebracht als Kriegsliteratur, Revolutionsliteratur und
556 1903 1773 1979 erlaubte. Sonst aber meidet Schnitzler die starken Worte
170 1935 544 2000 de Werke ledig¬
1786 1940 3006 2012 nachgeahmte französische Erotik, s0 dürfen wir neben
560 1948 1768 2019 und Beweise; was er von ihm.n hält, zeigt er in seinem
175 1976 554 2042 hllen oder sogar
1793 1974 3003 2056 Hauptmann und Georg Kaiser auch auf Schnitzler
557 1988 1765 2066 „Jungen Medardus“ dem liebenswerten und doch ein
176 2021 544 2092 schen Wesens an¬
1796 2020 2996 2099 hinweisen. Und er wird.es sein, der am leichtesten das große
559 2040 1766 2116 wenig lächerlichen Helden und Draufgänger, der zum Schluß
182 2065 556 2134 r Dichter mit dem
1790 2075 2997 2142 Püblikum zu gewinnen vermag, denn seine graziöse und
562 2069 1780 2148 so viele ideale Forderungen an sich stellen muß, daß er für
172 2109 560 2174 lem seinen Platz
1801 2101 3011 2196 prickelnde Art wird auch diejenigen anzlehen, die sich heute
559 2135 1486 2207 keine leben, sondern nur noch sterben kann.
174 2156 548 2219 ng und Kultur, so
1792 2166 2465 2260 vo. „etwas Schwerem“ fürchten.
653 2176 1773 2239 Sie haben daher auch alle etwas Behutsames an sich,
173 2195 557 2262 hrer Könner noch
574 2219 1781 2289 die Schnitzlermenschen; man lauscht ihren langen Gesprächen,
181 2237 563 2314 he der deutschen
580 2257 1780 2328 in denen sie niemals das Letzte, Eigentliche zu sagen wagen
1873 2250 2453 2343 Abends im Residenztheater.
179 2286 468 2354 st zu trennen.
569 2309 1779 2363 mit der schmerzhaft gespannten Aufmerksamkeit dessen, der
1870 2288 3011 2380 Es ist gedrängt voll, sogur die Seiteng#nge hat men
186 2329 559 2402 anifestation dieses
565 2353 1782 2425 jeden Augenblick eine Enthüllung seines Selbst fürchtet. In
1795 2334 3012 2432 mit Stühlen verstellen müssen. Im Publcum ist halb
180 2387 564 2448 lin gekommen ist,
567 2390 1782 2473 diesem Sinne besteht eine eigentümliche Verwandtschaft
1795 2388 3012 2488 feierliche, halb erwartungsvolle Stimmung; mon flüstert sich
183 2433 556 2490 — vielleicht aber
572 2442 1777 2509 zwischen Schnitzlers Dramen und seinen Novellen: die
1796 2443 3006 2518 zu, was noch nicht Alle wußten, daß der Dichter anwesend
179 2467 564 2528 inn. Es ist eine
575 2495 1785 2544 ersteren gewinnen ihre Spannung weit mehr aus der
1808 2477 3030 2568 sei. Man zeigt sie seinen Kopf in der ersten Loge vorn ##
170 2503 564 2572 rübnis konstatierte
578 2526 1789 2604 Analyse der Persönlichkeit, als aus der Handlung, die letzteren
1802 2516 3027 2606 links, unverkennbar seine schmale Form mit dem buschigen;
180 2562 568 2619 großen Masse des
589 2566 1518 2657 sind weit weniger Ereignis als Charakteristik.
1800 2583 3015 2656 Haarkranz und dem Spitzbart, trotzdem er mit dem Rücken
184 2605 570 2663 n besonders guten
664 2592 1775 2690 Man kommt dem Wesen des Dichters am tiefsten auf die
1804 2618 3012 2706 zum Publikum sitzt und sich ein wenig in die Ecke drückt,
170 2645 573 2720 öchst bedenklichen
577 2670 1787 2724 Spur, wenn man ihn einmal eine seiner Novellen selbst hat
1809 2659 3020 2744 wie um nicht gesehen zu werden. Neben ihm seine Frau
175 2693 570 2751 en noch kaum eine
574 2706 1792 2774 vorlesen hören. Er tut dies zuweilen im kleinen Kreise
1805 2731 2099 2795 und Tochter.
178 2732 564 2795 dem Wesen seines
579 2750 1781 2819 irgend eines ganz ernst zu nehmenden Wohlfahrtsvereins
1895 2739 3026 2828 Das Spiel beginnt; „Das weite Land“, ein seltsames
187 2780 577 2841 Furcht beschleicht,
583 2793 1795 2885 in Wien und die Menschen, die sich da um ihn scharen, können
1803 2802 3017 2867 Stück eigentlich, sagt man sich immer wieder, mit seiner dem
194 2825 577 2875 l verfallen, drüben
667 2835 1792 2914 so sellsam das klingen mag — für ihre Arbeit am Men¬
1810 2858 3020 2918 Leben nachgezeichneten Wirrnis, eigentlich endlos verklingend.
185 2867 491 2935 essen zu sein.
584 2877 1780 2968 schen manches leinen von ihm, der mit kühler, scharf
1876 2896 3020 2974 Die Schauspieler tun ihr Bestes, die Triesch und
178 2909 571 2975 nen unverdienter
577 2925 1797 2991 accentieierender Stinme liest und dadurch den Eindruck noch
1808 2945 3013 3020 Korff ganz groß aus der Masse hervorragend. Zuweilen
183 2960 568 3017 m letzten Grunde
586 2965 1788 3042 verschärft, den Eindruck des Arztes, der die Sonde an die
1811 2987 3024 3067 fühlt man leisen Kontakt zwischen ihnen und dem Dichter,
185 2998 578 3055 Die Menschen, die
590 3031 1182 3097 Seelen der Menschen legt.
1812 3029 3022 3103 bei den halb ironischen Worten des Dichters im Stück, in
181 3052 579 3112 haben zwar durch
665 3053 1795 3145 Dies alles, was ich hier gesagt habe, wird, so glaube ich,
1818 3066 3025 3155 dem sympathischen Wesen des Arztes, in dem man den Leib¬
186 3074 584 3151 us verloren, aber
585 3106 1802 3166 bei meinen Lesern ein gewisses Erstaunen hervorrufen; sie
185 3133 576 3201 deckten, Fäden der
1812 3149 2326 3218 arzt Dr. Schnitzler ahnt.
590 3163 1800 3226 kannten Schmitzler nur als den Dichter des leichten, zwar
1899 3160 3027 3239 Bereits nach dem zweiten Akt rief stürmischer Beifall
193 3175 579 3243 ftlichen Sitte und
600 3191 1795 3263 formschönen, aber etwas frivolen Spie's, von dem sie nur
194 3218 590 3281 ihres Seins. Die
1820 3205 3034 3283 den Gefeierten auf die Bühne; mit jedem Akt steigerte sich
593 3242 1794 3309 seinen „Professor Bernhardi“ und „Liebelei“ und vielleicht
1809 3271 3036 3343 die Begeisterung, für die Dr. Schnitzler mit sichtlicher
203 3265 588 3335 Welt des satten
598 3291 1792 3351 noch den sehr tapferen Roman um das Judenprob'em „Der
185 3308 575 3371 tler, wo sie am
196 3318 2159 3438 die Konflikte des Weg ins Freie“ ernst nahmen. Sie sehen nicht, daß in jeder Freude dankte.
227 3475 406 3621 7
