<?xml version="1.0" encoding="UTF-8" standalone="yes"?>
<PcGts xmlns="http://schema.primaresearch.org/PAGE/gts/pagecontent/2013-07-15" xmlns:xsi="http://www.w3.org/2001/XMLSchema-instance" xsi:schemaLocation="http://schema.primaresearch.org/PAGE/gts/pagecontent/2013-07-15 http://schema.primaresearch.org/PAGE/gts/pagecontent/2013-07-15/pagecontent.xsd">
    <Metadata>
        <Creator>prov=University of Rostock/Institute of Mathematics/CITlab/Gundram Leifert/gundram.leifert@uni-rostock.de:name=ONB_Newseye_GT_M1+(htr_id=10810)::::v=2.4.2
prov=University of Rostock/Institute of Mathematics/CITlab/Tobias Gruening/tobias.gruening@uni-rostock.de:name=de.uros.citlab.module.baseline2polygon.B2PSeamMultiOriented:v=2.4.2
prov=University of Rostock/Institute of Mathematics/CITlab/Tobias Gruening/tobias.gruening@uni-rostock.de:name=/mnt/transkribus/LA/DEA/URO/LA_news_onb_att.pb:de.uros.citlab.segmentation.CITlab_LA_ML:v=2.4.2
Transkribus</Creator>
        <Created>2019-10-07T20:32:12.691+02:00</Created>
        <LastChange>2019-10-09T09:29:26.980+02:00</LastChange>
        <TranskribusMetadata docId="224438" pageId="9577245" pageNr="239" tsid="16633326" status="IN_PROGRESS" userId="40391" imgUrl="https://files.transkribus.eu/Get?id=ABJKFDJHGJZBGUUWCZVINCGV&amp;fileType=view" xmlUrl="https://files.transkribus.eu/Get?id=GYQYQAJGAFDSWUYFUVBHUYBP" imageId="6207694"/>
    </Metadata>
    <Page imageFilename="224438_0239.jpeg" imageWidth="3296" imageHeight="4320">
        <ReadingOrder>
            <OrderedGroup id="ro_1711442744644" caption="Regions reading order">
                <RegionRefIndexed index="0" regionRef="r1"/>
            </OrderedGroup>
        </ReadingOrder>
        <TextRegion orientation="0.0" id="r1" custom="readingOrder {index:0;}">
            <Coords points="125,324 125,4162 2797,4162 2797,324"/>
            <TextLine id="r1l1" custom="readingOrder {index:0;}">
                <Coords points="1075,354 1127,375 1190,362 1239,374 1276,356 1297,374 1355,364 1422,382 1537,326 1537,277 1363,294 1324,273 1248,313 1202,310 1162,280 1123,296 1074,278"/>
                <Baseline points="1089,349 1114,349 1139,349 1165,349 1190,349 1216,349 1241,349 1266,349 1292,349 1317,349 1343,349 1368,348 1393,348 1419,348 1444,347 1470,346 1495,346 1521,345"/>
                <TextEquiv>
                    <Unicode>box 39/3</Unicode>
                </TextEquiv>
            </TextLine>
            <TextLine id="r1l2" custom="readingOrder {index:1;}">
                <Coords points="109,366 313,403 788,382 827,404 931,371 931,307 812,288 733,312 691,288 611,309 490,290 453,324 407,293 255,293 185,323 109,305"/>
                <Baseline points="125,359 164,362 204,364 243,366 283,368 322,369 362,369 401,370 441,370 480,370 520,369 559,369 599,368 638,368 678,367 717,367 757,366 796,366 836,366 875,367 915,367"/>
                <TextEquiv>
                    <Unicode>. 60th Birthday</Unicode>
                </TextEquiv>
            </TextLine>
            <TextLine id="r1l3" custom="readingOrder {index:2;}">
                <Coords points="346,696 2812,653 2784,581 345,611"/>
                <Baseline points="362,686 483,684 605,682 727,680 849,678 970,676 1092,675 1214,673 1336,672 1457,670 1579,669 1701,668 1823,667 1944,666 2066,665 2188,663 2310,662 2431,661 2553,660 2675,658 2797,657"/>
                <TextEquiv>
                    <Unicode>Sterseerecen eete enter ener Aene enen Feer Aene enen enen Aenerenten enee une een een ene</Unicode>
                </TextEquiv>
            </TextLine>
            <TextLine id="r1l4" custom="readingOrder {index:3;}">
                <Coords points="638,932 2474,926 2474,868 2340,827 638,856"/>
                <Baseline points="652,918 742,915 832,914 922,912 1013,911 1103,910 1193,909 1284,908 1374,908 1464,907 1555,907 1645,907 1735,906 1825,906 1916,905 2006,904 2096,904 2187,902 2277,901 2367,899 2458,898"/>
                <TextEquiv>
                    <Unicode>II. DIE THEATERSTUCKE IN FUNF BANDEN</Unicode>
                </TextEquiv>
            </TextLine>
            <TextLine id="r1l5" custom="readingOrder {index:4;}">
                <Coords points="1074,990 1911,989 2048,961 2048,918 1074,926"/>
                <Baseline points="1089,978 1136,978 1183,978 1230,977 1277,977 1325,977 1372,977 1419,977 1466,978 1513,978 1561,978 1608,978 1655,977 1702,977 1749,977 1797,976 1844,976 1891,975 1938,973 1985,972 2033,970"/>
                <TextEquiv>
                    <Unicode>In Halbleinen 550 M., in Ganzleinen 650 M.</Unicode>
                </TextEquiv>
            </TextLine>
            <TextLine id="r1l6" custom="readingOrder {index:5;}">
                <Coords points="999,1053 2096,1040 2077,958 1757,996 999,977"/>
                <Baseline points="1016,1028 1069,1026 1122,1024 1175,1023 1229,1023 1282,1022 1335,1022 1388,1022 1442,1022 1495,1023 1548,1023 1601,1023 1655,1023 1708,1024 1761,1024 1814,1023 1868,1023 1921,1022 1974,1021 2027,1019 2081,1017"/>
                <TextEquiv>
                    <Unicode> In Halbleder mit reicher Rückenvergoldung 850 M.</Unicode>
                </TextEquiv>
            </TextLine>
            <TextLine id="r1l7" custom="readingOrder {index:6;}">
                <Coords points="1417,1095 1438,1094 1450,1106 1496,1097 1514,1109 1527,1096 1548,1105 1566,1099 1591,1114 1621,1095 1648,1098 1648,1049 1620,1040 1602,1056 1584,1038 1559,1050 1492,1033 1480,1045 1456,1039 1435,1061 1416,1061"/>
                <Baseline points="1431,1094 1456,1095 1481,1095 1506,1095 1532,1094 1557,1094 1582,1093 1607,1093 1633,1093"/>
                <TextEquiv>
                    <Unicode>Band I</Unicode>
                </TextEquiv>
            </TextLine>
            <TextLine id="r1l8" custom="readingOrder {index:7;}">
                <Coords points="903,1163 2204,1157 2203,1090 1816,1065 1591,1118 1299,1078 903,1111"/>
                <Baseline points="920,1148 983,1147 1046,1146 1110,1145 1173,1144 1237,1144 1300,1143 1364,1142 1427,1142 1491,1141 1554,1141 1617,1140 1681,1140 1744,1139 1808,1139 1871,1139 1935,1139 1998,1139 2062,1139 2125,1139 2189,1139"/>
                <TextEquiv>
                    <Unicode>Anatol. Das Märchen. Liebelei. Freiwild. Das Vermächtnis.</Unicode>
                </TextEquiv>
            </TextLine>
            <TextLine id="r1l9" custom="readingOrder {index:8;}">
                <Coords points="1401,1215 1481,1234 1511,1219 1544,1237 1593,1213 1657,1234 1682,1219 1700,1222 1700,1162 1673,1164 1655,1149 1627,1167 1591,1155 1539,1185 1484,1154 1463,1164 1435,1151 1402,1154"/>
                <Baseline points="1418,1213 1444,1213 1471,1214 1497,1214 1524,1214 1551,1215 1577,1215 1604,1215 1630,1215 1657,1214 1684,1213"/>
                <TextEquiv>
                    <Unicode>Band II</Unicode>
                </TextEquiv>
            </TextLine>
            <TextLine id="r1l10" custom="readingOrder {index:9;}">
                <Coords points="524,1301 2488,1279 2588,1226 523,1213"/>
                <Baseline points="538,1277 639,1274 741,1272 843,1270 945,1268 1046,1267 1148,1266 1250,1265 1352,1264 1453,1263 1555,1262 1657,1261 1759,1261 1860,1260 1962,1259 2064,1259 2166,1258 2267,1257 2369,1256 2471,1255 2573,1253"/>
                <TextEquiv>
                    <Unicode>Paracelsus. Die Gefährtm. Der grüne Kakadu. Der Schleier der Beatrice. Lebendige Stunden.</Unicode>
                </TextEquiv>
            </TextLine>
            <TextLine id="r1l11" custom="readingOrder {index:10;}">
                <Coords points="912,1318 2176,1338 2142,1265 912,1285"/>
                <Baseline points="928,1314 989,1312 1051,1311 1112,1310 1174,1309 1236,1308 1297,1308 1359,1307 1421,1307 1482,1307 1544,1307 1606,1307 1667,1307 1729,1307 1791,1307 1852,1307 1914,1307 1976,1307 2037,1307 2099,1307 2161,1307"/>
                <TextEquiv>
                    <Unicode>Die Frau mit dem Dolche. Die letzten Masken. Literatur.</Unicode>
                </TextEquiv>
            </TextLine>
            <TextLine id="r1l12" custom="readingOrder {index:11;}">
                <Coords points="1393,1384 1441,1400 1472,1391 1536,1400 1594,1382 1651,1404 1694,1373 1734,1373 1734,1328 1661,1334 1643,1324 1618,1337 1557,1327 1530,1339 1503,1318 1393,1320"/>
                <Baseline points="1409,1378 1434,1379 1460,1381 1486,1382 1511,1382 1537,1383 1563,1383 1588,1383 1614,1383 1640,1382 1665,1382 1691,1380 1717,1379"/>
                <TextEquiv>
                    <Unicode>Band III</Unicode>
                </TextEquiv>
            </TextLine>
            <TextLine id="r1l13" custom="readingOrder {index:12;}">
                <Coords points="520,1472 2584,1419 2583,1364 2385,1348 519,1393"/>
                <Baseline points="534,1442 635,1440 737,1438 838,1437 940,1436 1042,1435 1143,1434 1245,1433 1347,1432 1448,1432 1550,1431 1652,1430 1753,1429 1855,1429 1957,1428 2058,1427 2160,1426 2262,1424 2363,1422 2465,1421 2567,1419"/>
                <TextEquiv>
                    <Unicode>Der einsame Weg. Zwischenspiel. Der Puppenspieler. Der taptere Cassian. Zum grolien Wurstel.</Unicode>
                </TextEquiv>
            </TextLine>
            <TextLine id="r1l14" custom="readingOrder {index:13;}">
                <Coords points="1315,1502 1385,1487 1415,1505 1436,1484 1555,1496 1701,1484 1726,1499 1793,1481 1793,1435 1701,1441 1656,1423 1619,1441 1519,1432 1491,1447 1452,1432 1437,1447 1363,1426 1315,1441"/>
                <Baseline points="1331,1470 1357,1471 1383,1471 1409,1472 1435,1473 1462,1473 1488,1473 1514,1473 1540,1473 1567,1473 1593,1473 1619,1473 1645,1473 1672,1472 1698,1472 1724,1472 1750,1471 1777,1471"/>
                <TextEquiv>
                    <Unicode>Der Ruf des Lebens.</Unicode>
                </TextEquiv>
            </TextLine>
            <TextLine id="r1l15" custom="readingOrder {index:14;}">
                <Coords points="1398,1557 1504,1559 1514,1569 1589,1544 1635,1565 1690,1534 1717,1536 1717,1506 1662,1488 1623,1488 1610,1501 1589,1483 1513,1514 1428,1493 1397,1505"/>
                <Baseline points="1414,1544 1440,1546 1466,1547 1492,1548 1518,1547 1544,1547 1571,1546 1597,1546 1623,1545 1649,1545 1675,1544 1702,1545"/>
                <TextEquiv>
                    <Unicode>Band IV</Unicode>
                </TextEquiv>
            </TextLine>
            <TextLine id="r1l16" custom="readingOrder {index:15;}">
                <Coords points="704,1599 2376,1618 2422,1524 704,1565"/>
                <Baseline points="720,1604 804,1602 888,1601 973,1600 1057,1599 1142,1598 1226,1598 1310,1597 1395,1596 1479,1596 1564,1595 1648,1595 1732,1594 1817,1594 1901,1594 1986,1594 2070,1594 2154,1595 2239,1595 2323,1596 2408,1597"/>
                <TextEquiv>
                    <Unicode>Komtesse Mizzi oder Der Familientag. Der junge Medardus. Das weite Land.</Unicode>
                </TextEquiv>
            </TextLine>
            <TextLine id="r1l17" custom="readingOrder {index:16;}">
                <Coords points="1408,1670 1442,1665 1463,1674 1494,1665 1515,1681 1548,1678 1636,1694 1637,1621 1592,1603 1546,1602 1537,1611 1516,1605 1500,1617 1476,1610 1467,1619 1455,1613 1445,1619 1433,1607 1409,1613"/>
                <Baseline points="1424,1669 1452,1667 1480,1666 1508,1667 1536,1667 1564,1668 1592,1669 1620,1670"/>
                <TextEquiv>
                    <Unicode>Band</Unicode>
                </TextEquiv>
            </TextLine>
            <TextLine id="r1l18" custom="readingOrder {index:17;}">
                <Coords points="672,1748 2414,1734 2432,1654 672,1656"/>
                <Baseline points="688,1721 774,1720 860,1719 947,1719 1033,1718 1120,1717 1206,1716 1292,1716 1379,1715 1465,1714 1552,1714 1638,1713 1724,1713 1811,1713 1897,1713 1984,1712 2070,1713 2156,1713 2243,1713 2329,1713 2416,1714"/>
                <TextEquiv>
                    <Unicode>Professor Bernhardi. Komödie der Worte. Die Schwestern oder Casanova in Spa.</Unicode>
                </TextEquiv>
            </TextLine>
            <TextLine id="r1l19" custom="readingOrder {index:18;}">
                <Coords points="1005,1823 2108,1813 2107,1746 1005,1747"/>
                <Baseline points="1021,1815 1074,1814 1128,1813 1181,1812 1235,1812 1288,1812 1342,1811 1395,1811 1449,1811 1502,1811 1556,1811 1609,1811 1663,1811 1716,1811 1770,1811 1823,1811 1877,1811 1930,1810 1984,1810 2037,1809 2091,1808"/>
                <TextEquiv>
                    <Unicode>DIE ERGANZUNGSBANDE</Unicode>
                </TextEquiv>
            </TextLine>
            <TextLine id="r1l20" custom="readingOrder {index:19;}">
                <Coords points="548,1868 2586,1888 2478,1788 548,1826"/>
                <Baseline points="564,1881 664,1879 764,1878 864,1877 965,1876 1065,1875 1165,1874 1265,1873 1366,1872 1466,1871 1566,1870 1666,1870 1767,1869 1867,1868 1967,1868 2067,1867 2168,1866 2268,1865 2368,1865 2468,1864 2569,1863"/>
                <TextEquiv>
                    <Unicode>Wir haben zur Komplettierung der früheren Ausgaben von Reihe I in 3 Bänden und Reihe II in</Unicode>
                </TextEquiv>
            </TextLine>
            <TextLine id="r1l21" custom="readingOrder {index:20;}">
                <Coords points="543,1950 2549,1942 2591,1863 542,1895"/>
                <Baseline points="558,1927 664,1927 770,1926 876,1925 983,1925 1089,1924 1195,1922 1301,1921 1408,1920 1514,1918 1620,1917 1726,1916 1833,1914 1939,1913 2045,1912 2151,1912 2258,1911 2364,1911 2470,1911 2577,1912"/>
                <TextEquiv>
                    <Unicode>4 Bänden je einen Ergänzungsband hergestellt. Diese Bände schliellen sich i ihrer Ausstattung</Unicode>
                </TextEquiv>
            </TextLine>
            <TextLine id="r1l22" custom="readingOrder {index:21;}">
                <Coords points="716,1978 2409,1956 2314,1908 716,1944"/>
                <Baseline points="730,1976 813,1974 896,1972 979,1970 1062,1969 1146,1967 1229,1966 1312,1965 1395,1964 1478,1964 1562,1963 1645,1962 1728,1962 1811,1961 1894,1960 1978,1960 2061,1959 2144,1958 2227,1957 2310,1956 2394,1955"/>
                <TextEquiv>
                    <Unicode>möglichst an die früheren Ausgaben an und werden zu folgenden Preisen geliefert:</Unicode>
                </TextEquiv>
            </TextLine>
            <TextLine id="r1l23" custom="readingOrder {index:22;}">
                <Coords points="699,2032 2426,2016 2391,1958 698,1968"/>
                <Baseline points="714,2030 798,2028 883,2027 968,2025 1053,2024 1137,2023 1222,2022 1307,2021 1392,2020 1476,2019 1561,2019 1646,2018 1731,2017 1815,2016 1900,2015 1985,2014 2070,2013 2154,2012 2239,2011 2324,2010 2409,2009"/>
                <TextEquiv>
                    <Unicode>Reihe I. Band IV gebunden 115 M., in Ganzleinen 130 M., in Halbleder 175 M.</Unicode>
                </TextEquiv>
            </TextLine>
            <TextLine id="r1l24" custom="readingOrder {index:23;}">
                <Coords points="693,2087 2438,2083 2437,2025 2327,2008 692,2033"/>
                <Baseline points="707,2076 792,2074 878,2072 964,2071 1050,2070 1136,2068 1221,2068 1307,2067 1393,2066 1479,2066 1565,2065 1650,2065 1736,2064 1822,2063 1908,2062 1994,2061 2079,2060 2165,2058 2251,2057 2337,2055 2423,2052"/>
                <TextEquiv>
                    <Unicode>Reihe II. Band V gebunden 125 M., in Ganzleinen 140 M., in Halbleder 185 M.</Unicode>
                </TextEquiv>
            </TextLine>
            <TextLine id="r1l25" custom="readingOrder {index:24;}">
                <Coords points="546,2294 2389,2288 2592,2198 546,2215"/>
                <Baseline points="560,2281 660,2279 761,2277 862,2275 963,2273 1064,2272 1164,2270 1265,2269 1366,2268 1467,2267 1568,2266 1668,2265 1769,2264 1870,2264 1971,2263 2072,2263 2172,2263 2273,2263 2374,2263 2475,2264 2576,2264"/>
                <TextEquiv>
                    <Unicode>Von den erzählenden Werken des Dichters erschienen in Einzelausgaben:</Unicode>
                </TextEquiv>
            </TextLine>
            <TextLine id="r1l26" custom="readingOrder {index:25;}">
                <Coords points="1850,2339 1890,2360 1978,2351 2011,2367 2063,2361 2088,2336 2121,2358 2200,2361 2389,2343 2389,2279 2350,2270 2325,2285 2173,2270 2109,2306 2060,2285 1984,2315 1850,2281"/>
                <Baseline points="1866,2343 1891,2344 1916,2344 1942,2345 1967,2345 1993,2345 2018,2345 2044,2345 2069,2345 2095,2345 2120,2345 2145,2345 2171,2345 2196,2345 2222,2345 2247,2345 2273,2345 2298,2345 2324,2345 2349,2345 2375,2346"/>
                <TextEquiv>
                    <Unicode>FRAU BEATE</Unicode>
                </TextEquiv>
            </TextLine>
            <TextLine id="r1l27" custom="readingOrder {index:26;}">
                <Coords points="816,2359 880,2364 895,2379 926,2358 975,2376 1011,2360 1175,2368 1224,2358 1224,2322 1160,2292 1087,2311 1056,2293 1020,2311 815,2289"/>
                <Baseline points="831,2352 856,2353 881,2354 906,2354 931,2354 956,2354 981,2354 1006,2354 1032,2353 1057,2352 1082,2351 1107,2351 1132,2351 1157,2351 1182,2351 1208,2352"/>
                <TextEquiv>
                    <Unicode>S TERBEN</Unicode>
                </TextEquiv>
            </TextLine>
            <TextLine id="r1l28" custom="readingOrder {index:27;}">
                <Coords points="1801,2395 1893,2431 1953,2410 2279,2399 2389,2419 2459,2367 2459,2343 1801,2356"/>
                <Baseline points="1815,2398 1846,2399 1877,2399 1909,2400 1940,2401 1972,2401 2003,2402 2034,2403 2066,2404 2097,2404 2129,2405 2160,2405 2191,2404 2223,2404 2254,2403 2286,2402 2317,2401 2348,2398 2380,2396 2411,2393 2443,2390"/>
                <TextEquiv>
                    <Unicode>UND IHR SOHN</Unicode>
                </TextEquiv>
            </TextLine>
            <TextLine id="r1l29" custom="readingOrder {index:28;}">
                <Coords points="807,2436 853,2436 892,2405 944,2417 984,2399 1035,2417 1057,2401 1139,2404 1166,2425 1221,2407 1221,2358 974,2374 923,2359 904,2375 807,2360"/>
                <Baseline points="823,2401 848,2401 874,2403 899,2403 925,2404 951,2404 976,2403 1002,2403 1027,2403 1053,2403 1079,2402 1104,2402 1130,2402 1155,2401 1181,2401 1207,2401"/>
                <TextEquiv>
                    <Unicode>Novelle. 10. Auflage.</Unicode>
                </TextEquiv>
            </TextLine>
            <TextLine id="r1l30" custom="readingOrder {index:29;}">
                <Coords points="846,2446 941,2449 1011,2470 1047,2470 1068,2452 1187,2458 1187,2415 1135,2403 1053,2403 1041,2415 1007,2415 995,2403 846,2413"/>
                <Baseline points="861,2438 886,2438 912,2438 938,2437 964,2437 990,2437 1016,2437 1042,2437 1068,2437 1094,2437 1120,2437 1146,2437 1172,2438"/>
                <TextEquiv>
                    <Unicode>Gebunden 30 M.</Unicode>
                </TextEquiv>
            </TextLine>
            <TextLine id="r1l31" custom="readingOrder {index:30;}">
                <Coords points="1926,2449 2318,2460 2318,2426 2215,2405 1925,2418"/>
                <Baseline points="1941,2447 1966,2446 1992,2445 2018,2445 2044,2444 2069,2444 2095,2444 2121,2444 2147,2444 2173,2445 2198,2445 2224,2445 2250,2445 2276,2444 2302,2444"/>
                <TextEquiv>
                    <Unicode>Novelle 18. Auflage.</Unicode>
                </TextEquiv>
            </TextLine>
            <TextLine id="r1l32" custom="readingOrder {index:31;}">
                <Coords points="1944,2485 1990,2490 2023,2475 2045,2489 2084,2476 2096,2488 2160,2478 2279,2485 2300,2478 2300,2451 2053,2444 1943,2455"/>
                <Baseline points="1960,2478 1985,2478 2010,2477 2035,2477 2060,2477 2085,2476 2110,2476 2135,2475 2160,2474 2185,2474 2210,2473 2235,2473 2260,2473 2285,2473"/>
                <TextEquiv>
                    <Unicode>Auf hohfreiem Papier.</Unicode>
                </TextEquiv>
            </TextLine>
            <TextLine id="r1l33" custom="readingOrder {index:32;}">
                <Coords points="1805,2514 1893,2535 2006,2519 2307,2539 2438,2523 2438,2465 2328,2444 2289,2475 2094,2485 1804,2462"/>
                <Baseline points="1821,2511 1851,2510 1881,2509 1911,2509 1941,2509 1971,2509 2001,2509 2031,2509 2061,2510 2091,2510 2122,2510 2152,2511 2182,2511 2212,2511 2242,2510 2272,2510 2302,2509 2332,2508 2362,2506 2392,2504 2423,2502"/>
                <TextEquiv>
                    <Unicode>Geheftet 35 M., gebunden 55 M.</Unicode>
                </TextEquiv>
            </TextLine>
            <TextLine id="r1l34" custom="readingOrder {index:33;}">
                <Coords points="528,2571 953,2538 1356,2566 1495,2532 1494,2484 526,2477"/>
                <Baseline points="541,2547 587,2547 634,2547 681,2546 728,2546 775,2545 822,2544 869,2544 916,2543 963,2542 1010,2541 1056,2539 1103,2538 1150,2537 1197,2536 1244,2535 1291,2533 1338,2532 1385,2531 1432,2529 1479,2528"/>
                <TextEquiv>
                    <Unicode>DIE FRAU DES WEISEN</Unicode>
                </TextEquiv>
            </TextLine>
            <TextLine id="r1l35" custom="readingOrder {index:34;}">
                <Coords points="771,2594 826,2614 859,2593 1075,2583 1207,2602 1249,2592 1248,2553 1148,2539 1127,2555 1087,2543 1029,2559 889,2543 865,2559 770,2564"/>
                <Baseline points="787,2589 813,2589 839,2589 865,2588 892,2588 918,2587 944,2587 971,2586 997,2585 1023,2585 1049,2584 1076,2584 1102,2583 1128,2583 1155,2583 1181,2583 1207,2583 1234,2584"/>
                <TextEquiv>
                    <Unicode>Novelletten. 9. Auflage.</Unicode>
                </TextEquiv>
            </TextLine>
            <TextLine id="r1l36" custom="readingOrder {index:35;}">
                <Coords points="1664,2622 1780,2594 1881,2627 1935,2593 2499,2621 2587,2590 2586,2508 2501,2542 1664,2543"/>
                <Baseline points="1679,2592 1723,2592 1768,2592 1812,2592 1857,2592 1902,2592 1946,2593 1991,2593 2036,2593 2080,2593 2125,2593 2170,2592 2214,2592 2259,2591 2304,2591 2348,2590 2393,2589 2438,2587 2482,2585 2527,2584 2572,2581"/>
                <TextEquiv>
                    <Unicode>Dr. GRASLER, BADEARZT</Unicode>
                </TextEquiv>
            </TextLine>
            <TextLine id="r1l37" custom="readingOrder {index:36;}">
                <Coords points="837,2625 889,2630 925,2617 940,2631 958,2619 1023,2630 1071,2616 1175,2626 1211,2613 1210,2583 836,2597"/>
                <Baseline points="853,2623 879,2621 905,2620 931,2619 958,2618 984,2618 1010,2617 1037,2617 1063,2617 1089,2617 1116,2616 1142,2615 1168,2614 1195,2612"/>
                <TextEquiv>
                    <Unicode>Auf holzfreiem Papier.</Unicode>
                </TextEquiv>
            </TextLine>
            <TextLine id="r1l38" custom="readingOrder {index:37;}">
                <Coords points="1899,2653 2200,2638 2331,2657 2331,2608 2288,2599 1899,2605"/>
                <Baseline points="1913,2636 1938,2636 1963,2636 1988,2635 2014,2635 2039,2635 2064,2635 2089,2635 2115,2635 2140,2635 2165,2635 2190,2635 2216,2635 2241,2636 2266,2636 2291,2636 2317,2636"/>
                <TextEquiv>
                    <Unicode>Erzählung. 29. Auflage.</Unicode>
                </TextEquiv>
            </TextLine>
            <TextLine id="r1l39" custom="readingOrder {index:38;}">
                <Coords points="717,2668 815,2688 1110,2656 1192,2679 1304,2643 1353,2652 1352,2603 1298,2622 1236,2590 1188,2618 1012,2630 969,2612 850,2626 716,2586"/>
                <Baseline points="732,2656 762,2655 792,2655 822,2654 853,2654 883,2654 913,2653 943,2653 974,2653 1004,2653 1034,2653 1064,2652 1095,2652 1125,2652 1155,2651 1185,2650 1216,2649 1246,2648 1276,2646 1306,2645 1337,2643"/>
                <TextEquiv>
                    <Unicode>Geheftet 40 M., gebunden 60 M.</Unicode>
                </TextEquiv>
            </TextLine>
            <TextLine id="r1l40" custom="readingOrder {index:39;}">
                <Coords points="1942,2674 2091,2671 2119,2683 2174,2665 2259,2677 2301,2662 2301,2640 1942,2647"/>
                <Baseline points="1957,2669 1982,2668 2007,2667 2033,2667 2058,2667 2083,2667 2109,2668 2134,2668 2160,2669 2185,2669 2210,2669 2236,2668 2261,2667 2287,2665"/>
                <TextEquiv>
                    <Unicode>Auf holzfreiem Papier.</Unicode>
                </TextEquiv>
            </TextLine>
            <TextLine id="r1l41" custom="readingOrder {index:40;}">
                <Coords points="1810,2711 1881,2735 2048,2704 2103,2731 2161,2707 2243,2728 2289,2710 2334,2734 2416,2724 2416,2648 2218,2679 1966,2677 1923,2647 1810,2656"/>
                <Baseline points="1827,2703 1855,2703 1884,2702 1913,2702 1941,2702 1970,2702 1999,2702 2027,2702 2056,2702 2085,2702 2114,2702 2142,2702 2171,2702 2200,2702 2228,2702 2257,2702 2286,2702 2314,2702 2343,2701 2372,2700 2401,2699"/>
                <TextEquiv>
                    <Unicode>Geheftet 35 M., gebunden 55 M.</Unicode>
                </TextEquiv>
            </TextLine>
            <TextLine id="r1l42" custom="readingOrder {index:41;}">
                <Coords points="638,2793 796,2790 899,2754 1386,2761 1408,2757 1406,2684 727,2685 636,2717"/>
                <Baseline points="653,2757 689,2757 726,2757 763,2757 800,2756 837,2755 874,2755 911,2754 948,2753 985,2751 1022,2751 1058,2749 1095,2748 1132,2747 1169,2746 1206,2745 1243,2745 1280,2744 1317,2744 1354,2743 1391,2743"/>
                <TextEquiv>
                    <Unicode>LEUTNANT GUSTL</Unicode>
                </TextEquiv>
            </TextLine>
            <TextLine id="r1l43" custom="readingOrder {index:42;}">
                <Coords points="1664,2809 2246,2789 2404,2815 2577,2790 2577,2723 1663,2730"/>
                <Baseline points="1680,2786 1724,2786 1768,2785 1812,2785 1856,2784 1900,2784 1944,2784 1988,2783 2032,2783 2076,2782 2120,2782 2164,2782 2208,2781 2252,2781 2296,2781 2340,2780 2384,2780 2428,2780 2472,2780 2516,2779 2561,2779"/>
                <TextEquiv>
                    <Unicode>CASANOVAS HEIMFAHRT</Unicode>
                </TextEquiv>
            </TextLine>
            <TextLine id="r1l44" custom="readingOrder {index:43;}">
                <Coords points="799,2799 888,2813 982,2794 1012,2818 1052,2799 1174,2813 1219,2797 1219,2757 1173,2767 1094,2747 1057,2762 1009,2757 985,2775 902,2755 872,2767 799,2756"/>
                <Baseline points="813,2799 839,2799 865,2800 891,2800 917,2800 943,2800 969,2800 995,2799 1021,2799 1047,2799 1073,2798 1099,2798 1125,2797 1151,2796 1177,2796 1203,2795"/>
                <TextEquiv>
                    <Unicode>Novelle. 21. Auflage.</Unicode>
                </TextEquiv>
            </TextLine>
            <TextLine id="r1l45" custom="readingOrder {index:44;}">
                <Coords points="1909,2838 1952,2848 1992,2830 2077,2843 2095,2828 2125,2843 2241,2832 2271,2860 2293,2842 2342,2842 2342,2806 2275,2790 2263,2802 2220,2789 2156,2804 2135,2792 2108,2804 2083,2791 2053,2803 1971,2790 1910,2799"/>
                <Baseline points="1925,2830 1950,2829 1975,2829 2000,2829 2025,2829 2050,2829 2075,2829 2100,2829 2125,2829 2150,2830 2175,2830 2200,2831 2225,2831 2250,2832 2275,2832 2300,2832 2325,2833"/>
                <TextEquiv>
                    <Unicode>Novelle. 40. Auflage.</Unicode>
                </TextEquiv>
            </TextLine>
            <TextLine id="r1l46" custom="readingOrder {index:45;}">
                <Coords points="708,2873 835,2844 899,2871 942,2846 1051,2842 1146,2868 1182,2846 1338,2839 1337,2784 1316,2778 1176,2810 707,2791"/>
                <Baseline points="722,2840 752,2839 782,2839 812,2839 842,2838 872,2838 902,2838 932,2838 962,2838 992,2838 1022,2837 1052,2837 1082,2837 1112,2837 1142,2836 1172,2836 1202,2836 1232,2835 1262,2833 1292,2832 1323,2831"/>
                <TextEquiv>
                    <Unicode>Geheftet 10 M., gebunden 20 M.</Unicode>
                </TextEquiv>
            </TextLine>
            <TextLine id="r1l47" custom="readingOrder {index:46;}">
                <Coords points="1956,2875 2008,2872 2050,2891 2072,2870 2148,2877 2203,2868 2218,2880 2294,2866 2294,2844 2255,2844 2237,2832 2161,2831 2145,2846 2097,2827 2084,2837 1956,2842"/>
                <Baseline points="1972,2863 1997,2864 2023,2864 2049,2865 2074,2865 2100,2865 2126,2865 2151,2865 2177,2865 2203,2865 2228,2866 2254,2866 2280,2867"/>
                <TextEquiv>
                    <Unicode>Gebunden 20 M.</Unicode>
                </TextEquiv>
            </TextLine>
            <TextLine id="r1l48" custom="readingOrder {index:47;}">
                <Coords points="1736,2927 2047,2900 2507,2926 2506,2862 1736,2881"/>
                <Baseline points="1751,2904 1788,2904 1825,2905 1862,2905 1899,2905 1936,2905 1973,2905 2010,2904 2047,2904 2084,2904 2121,2903 2158,2903 2195,2903 2232,2902 2269,2902 2306,2901 2343,2901 2380,2900 2417,2900 2454,2899 2491,2899"/>
                <TextEquiv>
                    <Unicode>Illustr. Ausgabe. Mit 5 Steindrucken von</Unicode>
                </TextEquiv>
            </TextLine>
            <TextLine id="r1l49" custom="readingOrder {index:48;}">
                <Coords points="670,2953 828,2932 1291,2950 1403,2927 1402,2869 668,2865"/>
                <Baseline points="684,2934 719,2934 754,2933 789,2932 824,2931 860,2930 895,2929 930,2928 965,2928 1000,2926 1036,2926 1071,2925 1106,2924 1141,2924 1176,2923 1212,2923 1247,2922 1282,2922 1317,2922 1352,2922 1388,2922"/>
                <TextEquiv>
                    <Unicode>DAMMERSEELEN</Unicode>
                </TextEquiv>
            </TextLine>
            <TextLine id="r1l50" custom="readingOrder {index:49;}">
                <Coords points="1814,2976 2134,2938 2439,2970 2438,2918 2408,2909 1814,2912"/>
                <Baseline points="1828,2939 1857,2940 1887,2941 1917,2941 1947,2941 1976,2941 2006,2941 2036,2941 2066,2940 2095,2940 2125,2939 2155,2939 2185,2938 2214,2938 2244,2938 2274,2937 2304,2937 2333,2938 2363,2938 2393,2939 2423,2940"/>
                <TextEquiv>
                    <Unicode>Prof. Hans Meid. 1.—4. Auflage.</Unicode>
                </TextEquiv>
            </TextLine>
            <TextLine id="r1l51" custom="readingOrder {index:50;}">
                <Coords points="1937,2971 1983,2985 2026,2969 2041,2981 2178,2982 2202,2972 2236,2981 2266,2971 2306,2980 2305,2949 2235,2941 2174,2949 2061,2932 1937,2949"/>
                <Baseline points="1953,2973 1979,2974 2005,2974 2031,2974 2057,2973 2083,2972 2109,2972 2135,2970 2161,2970 2187,2969 2213,2969 2239,2969 2265,2970 2291,2972"/>
                <TextEquiv>
                    <Unicode>Auf holzfreiem Papier.</Unicode>
                </TextEquiv>
            </TextLine>
            <TextLine id="r1l52" custom="readingOrder {index:51;}">
                <Coords points="805,2983 997,2972 1022,2987 1070,2971 1186,2985 1247,2963 1246,2933 1116,2946 1088,2931 1070,2946 1039,2935 1003,2947 902,2933 872,2951 805,2940"/>
                <Baseline points="821,2974 846,2974 872,2974 897,2974 923,2974 949,2974 974,2974 1000,2974 1026,2974 1051,2974 1077,2973 1102,2973 1128,2973 1154,2972 1179,2971 1205,2970 1231,2969"/>
                <TextEquiv>
                    <Unicode>Novellen. 18. Auflage.</Unicode>
                </TextEquiv>
            </TextLine>
            <TextLine id="r1l53" custom="readingOrder {index:52;}">
                <Coords points="1915,3002 1988,3039 2116,3012 2144,3033 2189,3015 2226,3033 2265,3012 2311,3027 2311,2960 2232,2981 2098,2969 2040,2981 2025,2969 1991,2984 1915,2963"/>
                <Baseline points="1931,3003 1957,3004 1983,3004 2009,3005 2035,3005 2061,3005 2087,3006 2113,3006 2139,3006 2165,3005 2191,3005 2217,3005 2243,3004 2269,3004 2295,3003"/>
                <TextEquiv>
                    <Unicode>In Halbleinen 80 M.</Unicode>
                </TextEquiv>
            </TextLine>
            <TextLine id="r1l54" custom="readingOrder {index:53;}">
                <Coords points="706,3051 888,3018 919,3045 979,3020 1025,3046 1055,3019 1132,3045 1186,3014 1348,3024 1347,2960 866,2988 705,2963"/>
                <Baseline points="721,3014 751,3014 782,3015 812,3015 843,3014 873,3014 904,3014 934,3013 965,3013 995,3012 1026,3011 1056,3011 1087,3010 1117,3010 1148,3009 1178,3009 1209,3009 1239,3008 1270,3008 1300,3008 1331,3008"/>
                <TextEquiv>
                    <Unicode>Geheftet 35 M., gebunden 55 M.</Unicode>
                </TextEquiv>
            </TextLine>
            <TextLine id="r1l55" custom="readingOrder {index:54;}">
                <Coords points="1696,3109 2196,3089 2555,3111 2555,3038 2460,3026 2314,3024 2281,3058 2198,3013 1946,3046 1918,3022 1833,3050 1696,3036"/>
                <Baseline points="1712,3093 1753,3092 1794,3091 1836,3090 1877,3089 1919,3089 1960,3088 2002,3088 2043,3088 2085,3088 2126,3087 2167,3087 2209,3087 2250,3087 2292,3087 2333,3086 2375,3086 2416,3085 2458,3085 2499,3084 2541,3083"/>
                <TextEquiv>
                    <Unicode>FRAU BERTA GARLAN</Unicode>
                </TextEquiv>
            </TextLine>
            <TextLine id="r1l56" custom="readingOrder {index:55;}">
                <Coords points="609,3135 819,3104 965,3129 1001,3095 1230,3127 1452,3114 1451,3038 1399,3018 1253,3020 1159,3056 991,3025 848,3058 769,3035 687,3067 608,3053"/>
                <Baseline points="623,3109 663,3108 704,3107 745,3107 786,3106 826,3105 867,3104 908,3103 949,3102 989,3101 1030,3100 1071,3100 1112,3099 1152,3098 1193,3098 1234,3097 1275,3097 1315,3096 1356,3096 1397,3096 1438,3096"/>
                <TextEquiv>
                    <Unicode>DER WEG INS FREIE</Unicode>
                </TextEquiv>
            </TextLine>
            <TextLine id="r1l57" custom="readingOrder {index:56;}">
                <Coords points="1922,3133 1961,3145 2168,3136 2187,3148 2339,3133 2339,3106 2287,3096 2272,3106 2129,3093 2074,3112 2044,3093 2010,3103 1922,3093"/>
                <Baseline points="1938,3134 1963,3133 1989,3133 2015,3134 2041,3134 2067,3134 2092,3135 2118,3135 2144,3135 2170,3135 2196,3135 2221,3135 2247,3135 2273,3133 2299,3133 2325,3131"/>
                <TextEquiv>
                    <Unicode>Novelle. 77. Auflage.</Unicode>
                </TextEquiv>
            </TextLine>
            <TextLine id="r1l58" custom="readingOrder {index:57;}">
                <Coords points="806,3152 867,3170 974,3166 1001,3150 1123,3168 1141,3155 1166,3173 1196,3152 1242,3161 1241,3124 1144,3107 1077,3104 1047,3119 1001,3095 979,3114 894,3127 855,3109 806,3112"/>
                <Baseline points="821,3150 846,3150 871,3150 897,3150 922,3150 947,3150 973,3150 998,3150 1024,3149 1049,3149 1074,3149 1100,3149 1125,3149 1150,3148 1176,3148 1201,3147 1227,3147"/>
                <TextEquiv>
                    <Unicode>Roman. 42. Auflage.</Unicode>
                </TextEquiv>
            </TextLine>
            <TextLine id="r1l59" custom="readingOrder {index:58;}">
                <Coords points="1829,3173 1927,3209 2115,3181 2353,3207 2417,3174 2416,3128 2365,3119 2283,3147 1829,3124"/>
                <Baseline points="1843,3170 1870,3170 1898,3171 1926,3171 1954,3171 1982,3172 2010,3172 2038,3173 2066,3173 2094,3173 2122,3174 2149,3174 2177,3174 2205,3174 2233,3173 2261,3172 2289,3171 2317,3170 2345,3169 2373,3167 2401,3165"/>
                <TextEquiv>
                    <Unicode>Geheftet 15 M. gebunden 28 M.</Unicode>
                </TextEquiv>
            </TextLine>
            <TextLine id="r1l60" custom="readingOrder {index:59;}">
                <Coords points="655,3243 722,3218 792,3244 965,3201 1386,3220 1384,3150 1342,3139 1162,3170 1001,3151 761,3183 724,3160 654,3185"/>
                <Baseline points="669,3211 704,3210 739,3209 774,3209 809,3208 844,3207 879,3206 914,3205 949,3204 984,3203 1019,3202 1054,3202 1089,3201 1124,3200 1159,3200 1194,3199 1229,3199 1264,3199 1299,3199 1334,3199 1370,3200"/>
                <TextEquiv>
                    <Unicode>Geheftet 70 M., in Halbleinen 100 M.,</Unicode>
                </TextEquiv>
            </TextLine>
            <TextLine id="r1l61" custom="readingOrder {index:60;}">
                <Coords points="823,3264 945,3255 957,3267 994,3251 1018,3266 1036,3250 1104,3264 1140,3239 1183,3263 1222,3259 1221,3192 1188,3205 1014,3202 999,3215 822,3209"/>
                <Baseline points="839,3245 865,3243 891,3243 917,3242 944,3242 970,3241 996,3241 1023,3240 1049,3240 1075,3240 1101,3239 1128,3238 1154,3238 1180,3237 1207,3236"/>
                <TextEquiv>
                    <Unicode>in Halbleder 140 M.</Unicode>
                </TextEquiv>
            </TextLine>
            <TextLine id="r1l62" custom="readingOrder {index:61;}">
                <Coords points="1751,3271 2494,3260 2494,3214 2436,3194 1751,3207"/>
                <Baseline points="1767,3258 1802,3257 1838,3257 1873,3256 1909,3256 1945,3255 1980,3255 2016,3255 2052,3254 2087,3254 2123,3254 2159,3253 2194,3253 2230,3253 2266,3253 2301,3252 2337,3252 2373,3251 2408,3251 2444,3250 2480,3249"/>
                <TextEquiv>
                    <Unicode>DIE GRIECHISCHE</Unicode>
                </TextEquiv>
            </TextLine>
            <TextLine id="r1l63" custom="readingOrder {index:62;}">
                <Coords points="1898,3327 2053,3310 2096,3328 2150,3318 2166,3333 2184,3317 2330,3322 2372,3312 2372,3269 2259,3256 2186,3272 2131,3257 1897,3263"/>
                <Baseline points="1913,3309 1939,3310 1965,3311 1991,3312 2017,3312 2043,3312 2069,3312 2095,3312 2121,3312 2148,3312 2174,3311 2200,3311 2226,3310 2252,3308 2278,3308 2304,3307 2330,3306 2357,3304"/>
                <TextEquiv>
                    <Unicode>TANZERIN</Unicode>
                </TextEquiv>
            </TextLine>
            <TextLine id="r1l64" custom="readingOrder {index:63;}">
                <Coords points="579,3356 896,3348 935,3320 1450,3349 1493,3339 1492,3263 1443,3242 1288,3275 1229,3248 1111,3287 1062,3251 861,3254 822,3282 715,3250 578,3280"/>
                <Baseline points="594,3329 638,3328 682,3327 726,3326 770,3326 814,3325 858,3324 902,3323 946,3322 990,3322 1035,3321 1079,3320 1123,3319 1167,3319 1211,3318 1255,3317 1299,3317 1343,3317 1387,3316 1431,3316 1476,3316"/>
                <TextEquiv>
                    <Unicode>MASKEN UND WUN DER</Unicode>
                </TextEquiv>
            </TextLine>
            <TextLine id="r1l65" custom="readingOrder {index:64;}">
                <Coords points="1896,3345 2006,3369 2094,3350 2134,3369 2167,3356 2283,3368 2362,3341 2362,3319 2048,3311 2006,3326 1896,3324"/>
                <Baseline points="1912,3353 1937,3353 1963,3353 1988,3354 2014,3354 2040,3355 2065,3355 2091,3355 2117,3355 2142,3355 2168,3355 2194,3355 2219,3355 2245,3354 2271,3353 2296,3353 2322,3352 2348,3350"/>
                <TextEquiv>
                    <Unicode>Novellen. 61. Auflage.</Unicode>
                </TextEquiv>
            </TextLine>
            <TextLine id="r1l66" custom="readingOrder {index:65;}">
                <Coords points="799,3395 854,3403 896,3375 972,3380 996,3367 1021,3379 1152,3371 1216,3391 1249,3375 1249,3339 1105,3323 1084,3344 1023,3330 1002,3346 932,3322 899,3347 834,3336 798,3349"/>
                <Baseline points="813,3373 839,3372 865,3371 891,3371 918,3370 944,3370 970,3369 996,3369 1023,3368 1049,3368 1075,3368 1101,3367 1128,3367 1154,3367 1180,3366 1206,3366 1233,3365"/>
                <TextEquiv>
                    <Unicode>Novellen. 16. Auflage.</Unicode>
                </TextEquiv>
            </TextLine>
            <TextLine id="r1l67" custom="readingOrder {index:66;}">
                <Coords points="1833,3422 1964,3407 2058,3425 2116,3398 2250,3428 2302,3403 2351,3419 2430,3403 2430,3348 2350,3339 2280,3370 2098,3349 1918,3364 1833,3334"/>
                <Baseline points="1847,3393 1875,3393 1903,3394 1931,3394 1960,3394 1988,3395 2016,3395 2045,3395 2073,3395 2101,3396 2130,3396 2158,3396 2186,3396 2214,3395 2243,3395 2271,3395 2299,3394 2328,3393 2356,3393 2384,3392 2413,3391"/>
                <TextEquiv>
                    <Unicode>Geheftet 15 M. gebunden 28 M.</Unicode>
                </TextEquiv>
            </TextLine>
            <TextLine id="r1l68" custom="readingOrder {index:67;}">
                <Coords points="865,3428 907,3436 938,3417 965,3435 995,3419 1044,3431 1059,3418 1142,3432 1166,3414 1190,3419 1190,3371 1022,3379 1004,3370 974,3383 864,3376"/>
                <Baseline points="878,3407 905,3408 932,3408 959,3407 986,3407 1013,3406 1040,3405 1067,3405 1094,3404 1121,3404 1148,3404 1176,3405"/>
                <TextEquiv>
                    <Unicode>Gebunden 25 M.</Unicode>
                </TextEquiv>
            </TextLine>
            <TextLine id="r1l69" custom="readingOrder {index:68;}">
                <Coords points="1079,3515 1779,3498 1923,3530 2075,3486 2074,3428 1919,3420 1639,3466 1505,3431 1362,3475 1170,3425 1079,3463"/>
                <Baseline points="1093,3499 1141,3502 1189,3504 1237,3507 1286,3507 1334,3508 1382,3508 1431,3508 1479,3507 1527,3506 1576,3505 1624,3504 1672,3502 1720,3501 1769,3500 1817,3499 1865,3498 1914,3497 1962,3497 2010,3497 2059,3497"/>
                <TextEquiv>
                    <Unicode>Prospektestehen zur Verfügung.</Unicode>
                </TextEquiv>
            </TextLine>
            <TextLine id="r1l70" custom="readingOrder {index:69;}">
                <Coords points="1268,3583 1661,3592 1807,3560 1871,3575 1870,3514 1840,3505 1267,3516"/>
                <Baseline points="1284,3556 1312,3557 1341,3557 1369,3558 1398,3558 1427,3558 1455,3559 1484,3559 1512,3559 1541,3559 1570,3559 1598,3559 1627,3559 1655,3558 1684,3558 1713,3557 1741,3556 1770,3555 1798,3553 1827,3552 1856,3550"/>
                <TextEquiv>
                    <Unicode>Preisänderungen vorbehalten</Unicode>
                </TextEquiv>
            </TextLine>
            <TextLine id="r1l71" custom="readingOrder {index:70;}">
                <Coords points="687,3882 2435,3867 2483,3815 2308,3756 686,3809"/>
                <Baseline points="701,3862 789,3859 877,3855 966,3852 1054,3850 1143,3848 1231,3846 1319,3844 1408,3843 1496,3842 1585,3840 1673,3840 1761,3839 1850,3838 1938,3837 2027,3837 2115,3836 2203,3836 2292,3836 2380,3835 2469,3835"/>
                <TextEquiv>
                    <Unicode>S. Filcher 7Verlag7 Berlin</Unicode>
                </TextEquiv>
            </TextLine>
            <TextLine id="r1l72" custom="readingOrder {index:71;}">
                <Coords points="913,3929 2250,3929 2249,3859 2188,3839 913,3880"/>
                <Baseline points="927,3913 992,3913 1057,3912 1123,3911 1188,3911 1254,3910 1319,3909 1384,3908 1450,3907 1515,3907 1581,3906 1646,3905 1711,3904 1777,3903 1842,3902 1908,3901 1973,3900 2038,3899 2104,3898 2169,3898 2235,3897"/>
                <TextEquiv>
                    <Unicode>Auslieferung: Leipzig-K., Rathausstraße 42</Unicode>
                </TextEquiv>
            </TextLine>
            <TextLine id="r1l73" custom="readingOrder {index:72;}">
                <Coords points="330,4138 2662,4095 2314,4017 329,4092"/>
                <Baseline points="345,4119 460,4115 575,4112 690,4110 805,4108 920,4106 1035,4105 1150,4104 1265,4103 1380,4102 1496,4101 1611,4100 1726,4100 1841,4099 1956,4098 2071,4097 2186,4096 2301,4094 2416,4093 2531,4090 2647,4088"/>
                <TextEquiv>
                    <Unicode>#--A</Unicode>
                </TextEquiv>
            </TextLine>
            <TextLine id="r1l74" custom="readingOrder {index:73;}">
                <Coords points="535,4170 569,4170 596,4187 614,4169 642,4181 663,4162 687,4174 709,4164 745,4167 744,4115 534,4121"/>
                <Baseline points="550,4152 575,4151 601,4151 627,4150 652,4150 678,4149 704,4149 730,4150"/>
                <TextEquiv>
                    <Unicode> </Unicode>
                </TextEquiv>
            </TextLine>
            <TextEquiv>
                <Unicode>box 39/3
. 60th Birthday
Sterseerecen eete enter ener Aene enen Feer Aene enen enen Aenerenten enee une een een ene
II. DIE THEATERSTUCKE IN FUNF BANDEN
In Halbleinen 550 M., in Ganzleinen 650 M.
 In Halbleder mit reicher Rückenvergoldung 850 M.
Band I
Anatol. Das Märchen. Liebelei. Freiwild. Das Vermächtnis.
Band II
Paracelsus. Die Gefährtm. Der grüne Kakadu. Der Schleier der Beatrice. Lebendige Stunden.
Die Frau mit dem Dolche. Die letzten Masken. Literatur.
Band III
Der einsame Weg. Zwischenspiel. Der Puppenspieler. Der taptere Cassian. Zum grolien Wurstel.
Der Ruf des Lebens.
Band IV
Komtesse Mizzi oder Der Familientag. Der junge Medardus. Das weite Land.
Band
Professor Bernhardi. Komödie der Worte. Die Schwestern oder Casanova in Spa.
DIE ERGANZUNGSBANDE
Wir haben zur Komplettierung der früheren Ausgaben von Reihe I in 3 Bänden und Reihe II in
4 Bänden je einen Ergänzungsband hergestellt. Diese Bände schliellen sich i ihrer Ausstattung
möglichst an die früheren Ausgaben an und werden zu folgenden Preisen geliefert:
Reihe I. Band IV gebunden 115 M., in Ganzleinen 130 M., in Halbleder 175 M.
Reihe II. Band V gebunden 125 M., in Ganzleinen 140 M., in Halbleder 185 M.
Von den erzählenden Werken des Dichters erschienen in Einzelausgaben:
FRAU BEATE
S TERBEN
UND IHR SOHN
Novelle. 10. Auflage.
Gebunden 30 M.
Novelle 18. Auflage.
Auf hohfreiem Papier.
Geheftet 35 M., gebunden 55 M.
DIE FRAU DES WEISEN
Novelletten. 9. Auflage.
Dr. GRASLER, BADEARZT
Auf holzfreiem Papier.
Erzählung. 29. Auflage.
Geheftet 40 M., gebunden 60 M.
Auf holzfreiem Papier.
Geheftet 35 M., gebunden 55 M.
LEUTNANT GUSTL
CASANOVAS HEIMFAHRT
Novelle. 21. Auflage.
Novelle. 40. Auflage.
Geheftet 10 M., gebunden 20 M.
Gebunden 20 M.
Illustr. Ausgabe. Mit 5 Steindrucken von
DAMMERSEELEN
Prof. Hans Meid. 1.—4. Auflage.
Auf holzfreiem Papier.
Novellen. 18. Auflage.
In Halbleinen 80 M.
Geheftet 35 M., gebunden 55 M.
FRAU BERTA GARLAN
DER WEG INS FREIE
Novelle. 77. Auflage.
Roman. 42. Auflage.
Geheftet 15 M. gebunden 28 M.
Geheftet 70 M., in Halbleinen 100 M.,
in Halbleder 140 M.
DIE GRIECHISCHE
TANZERIN
MASKEN UND WUN DER
Novellen. 61. Auflage.
Novellen. 16. Auflage.
Geheftet 15 M. gebunden 28 M.
Gebunden 25 M.
Prospektestehen zur Verfügung.
Preisänderungen vorbehalten
S. Filcher 7Verlag7 Berlin
Auslieferung: Leipzig-K., Rathausstraße 42
#--A
 </Unicode>
            </TextEquiv>
        </TextRegion>
    </Page>
</PcGts>
