3344 4384
1068 301 1533 398 box 39/3
204 304 987 419 6oth Birthday
803 2026 1394 2148 öchnitzler. ##r##er
764 2124 887 2218 Vön
1195 2129 1300 2215 6
402 2208 476 2264 U
612 2183 1394 2295 Albin Roßlau. 4#.
314 2245 1433 2342 BK. Arthur Schnitzler, der seit einem Menschenalter etwa
227 2289 1450 2413 mit seinen Stücken die deutsche Bühne beherrscht, ist vielleicht
235 2330 1446 2455 in diesen ganzen Jahren niemals soviel genannt worden, wie
239 2383 1445 2494 in diesem letzten Lebensjahre, da „Der Reigen“ über die
239 2439 1452 2546 Bretter ging. Aber man begeht einen vollkommenen Irrtum,
251 2472 1456 2572 wenn man nun Arthur Schnitzler immer nur als den Dichter
247 2513 1457 2627 des „Reigen“ ansieht und aus dieser ursprünglich nur für
257 2554 1452 2668 seine Freunde als Privatdruck erschienene Szenenfolge sein
253 2634 827 2725 Künstlerprorträt betrachtet.
336 2624 1452 2751 Arthur Schnitzler, der nun sein sechzigstes Lebensjahr
257 2687 1459 2808 vollendet, wurde am 15. Mai 1862 in Wien als der Sohn
258 2744 1461 2857 eines berühmten Gelehrten geboren, des Laryngologen Pro¬
257 2788 1473 2896 fessor Dr. Johann Schnitzler, und wandte sich selbst aus
270 2821 1463 2933 innerster Neigung frühzeitig er medizinischen Wissenschaft
273 2862 1473 2984 zu. Beceits mit dreiundzwanzig Jahren wurde er zum
260 2902 1471 3044 Doktor der gesamten Heilkunde promoviert. Er war dann
270 2952 1477 3066 zunächst in verschiedenen Stellungen, am Allgemeinen Kran¬
276 2996 1476 3126 kenhause und an der Poliklinik als Arzt tätig und er prak¬
281 3037 1478 3167 tiziert bis heute, seine literarische Tätigkeit nur nebenbei
287 3080 1477 3205 ausübend. Und wer diese genauer betrachtet, wird im
290 3103 1510 3247 Sichter Schitter auch immer den Arst, den Sekenforsher,
289 3169 1485 3291 den Heilkünstler am Werke finden, und nicht zuletzt ist dies
300 3214 1496 3340 auch beim Schaffen des viel erörierten „Reigen“ der Fall
285 3320 496 3386 gewesen.
389 3293 1489 3418 Erst im Jahre 1892 erschien er mit einem Bande dialogi¬
300 3334 1494 3470 fierter kleiner Novellen „Anatol“, einer der feinsten literari¬
1991 213 2173 299 ——
2658 1901 3301 2012 jährten“, das herrliche Schauspiel
2649 1960 3307 2060 die vier Einakter „Lebendige Stul
1441 1979 2633 2085 schen Erscheinungen des letzten Menschenalters auf dem
2658 2017 3308 2098 Bauernfeldpreis erhielt, das Sch#
1451 2065 1608 2139 Markte
2654 2062 3308 2139 die Komödie „Zwischenspiel“ das
1513 2084 2626 2185 „Also spielen wir Theater. Spielen unsere eigenen Stücke,
2655 2090 3292 2197 Lebens“ für das ihm 1908 der
1497 2129 2643 2250 Früh gereift und zart und traurig, die Komödie unserer
2668 2149 3302 2228 die drei Einakter „Marionetten“
2359 2191 2524 2264 Seele,
2666 2194 3291 2278 Mizzi, oder: Der Familientag“.
2662 2218 3301 2320 Kolonisten“ die dramatische Hist
1506 2227 2645 2365 Unseres Fühlens Heut und Gestern, böser Dinge hübsche
2669 2282 3310 2362 die Tragikomödie „Das weite Lan
2329 2302 2517 2377 Formel,
2675 2327 3314 2415 und Romane hat Schnitzler ver
2684 2373 3309 2456 velle „Sterben, kleine Novellett
1528 2348 2654 2475 Glatte Worte, hunte Bilder, halbes heimliches Empfinden,
2684 2415 3307 2497 sodann „Frau Bertha Garlan“
1530 2447 2048 2535 Agonien, Episoden.
2685 2454 3310 2542 den Roman „Der Weg ins Feie
1553 2469 2660 2580 Diese berühmt gewordenen Worte hatte Hugo von Hof¬
2692 2527 2911 2597 Wunder“.
1481 2514 2665 2631 mannsthal diesem literarischen Erstling Schnitzlers als Pro¬
2762 2552 3291 2647 Unmöglich, alle diese 2
1484 2562 2673 2675 log vorangestellt, und sie wurden gewissermaßen zum künst¬
2698 2608 3308 2689 charakterisieren. Sein dichteri
1478 2602 2663 2725 lerischen Programm des Dichters für alle seine Dichtungen.
2686 2652 3302 2732 im Wienerischen. Schnitzler ist
1483 2657 2677 2755 Sie erklären auch die Frische und Lebenswärme in Schnitz¬
2699 2699 3309 2780 Erziehung Wiener, er ists auch
1478 2692 2679 2805 lers Dichtungen, der dann 1895 durch sein aus Humor und
2696 2738 3306 2827 ist der dichterische Schöpfer de
1493 2740 2678 2849 Wehmut, aus Lebenslust und tragischer Verzweiflung zu¬
2697 2789 3285 2877 allen seinen Schattierungen.
1494 2779 2685 2894 sammengesetztes Lebensbild „Liebelei“ den breitesten Massen
2704 2825 3316 2917 eingehend studiert und mit dem
1488 2816 2686 2944 des deutschen Theaterpublikums bekannt wurde. In diesem
2710 2874 3308 2953 seine ganze Süßigkeit auch da
1490 2870 2680 2990 und in „Freiwild“ offenbart sich mit besonderer Stärke der
2703 2912 3296 3007 blickende Menschen nur die
1501 2938 1980 3033 Dramatiker Schnitzler.
2710 2986 2898 3047 würden.
1579 2953 2692 3074 Mit mehr oder weniger Glück, je nachdem in den
2789 3000 3307 3095 Dabei kommen wir nun zu
1509 3004 2688 3113 Stücken sich mehr der feinsinnige, plaudernde Dichter oder der
2712 3058 3311 3155 Dichter des „Reigen“, lange
1501 3051 2701 3177 schärfere Dramatiker zeigte, trat Schnitzler dann mit zahl¬
2717 3090 3317 3184 „Reigen“ begann, gemacht wor
1510 3095 2690 3212 reichen Dramen an die Oeffentlichkeit, deren Fülle, neben
2723 3138 3321 3226 Dichter des „Anatol“ den Vort
1513 3137 2702 3256 seiner sehr starken Praxis als Arzt, entstanden, schon allein
2726 3185 3309 3268 fertigkeit gemacht. „Nichts A
1513 3182 2700 3297 seine Genialität bekunden würde. Wir verzeichnen hier nur
1517 3225 2702 3342 die Schauspiele „Das Märchen", „Das Vermächtnis“ die
1512 3227 3307 3411 drei Einakter „Der grüne Kakadu“, „Paracelsus“, „Die Ge=Herzog, „als diesen für den
