3344 4352
1123 316 1580 420 box 39/3
260 344 1064 438 6oth Birthday
2418 830 2531 888 1178
989 854 2101 919 Echo der Bühnen: Wiesbaden, Berlin. — Echo der Zeitungen
529 885 643 945 1177
1551 961 2596 1051 sein Dichten. Schrieb er seinen „Vatermord“ nur aus
501 1004 1522 1062 umgearbeitet und erweitert, sondern sich daran ge¬
1548 1019 2586 1075 einem dunklen Instinkt heraus, so war es jedenfalls nicht
1546 1049 2595 1138 der des Dramatikers, der ihn beseelte. Der Dramatiker hat
507 1045 1529 1114 nügen lassen, nur hie und da einige frische Pinsel¬
1558 1099 2595 1174 es in den Nerven, in Hirn und Herzen, daß eine Leiden¬
493 1105 930 1177 striche anzubringen.
1556 1125 2591 1213 schaft das Geschöpf ganz beherrschen und wirblicht machen
568 1128 1534 1194 Neue Kunde von Gottfried Keller vermittelt uns
1556 1179 2593 1238 muß, soll man an die Gewalt der Leidenschaft glauben.
509 1184 1528 1245 endlich sein Briefwechsel mit J. V. Widmann,
1571 1204 2594 1276 Zwei Triebe in der gleichen Brust machen den Trieb an
511 1217 1537 1291 den des letzteren Sohn, Max Widmann, im Rhein¬
1570 1240 2600 1323 sich verdächtig. Ein Vatermörder, dem noch Atem bleibt,
502 1262 1549 1332 verlag (Basel und Leipzig 1922) herausgegeben und
1572 1284 2594 1351 der Mutter nachzutrachten, ist nur ein Dilettant der Leiden¬
507 1307 1554 1368 erläutert hat. Von den 22 Briefen Kellers finden
1565 1324 2329 1404 schaft und des Mördermessers nicht wert.
510 1352 1556 1419 sich 17 bereits bei Bächtold=Ermatinger, dagegen
1649 1354 2589 1429 Ein ungeheuerliches Stoffgefüge, dem nur verhältnis¬
504 1397 1546 1477 erscheinen die 43 Briefe Widmanns hier zum ersten¬
1560 1395 2589 1467 mäßig schwächliche Wirkung gegeben ist. Manche Szenen
1573 1440 2591 1508 schnaufen, das Schauspiel als Ganzes benötigt der Sauer¬
513 1444 1549 1506 mal im Druck. Das geistige Bild der beiden Men¬
507 1483 1553 1557 schen und Künstler und ihres Verhältnisses zuein¬
1572 1502 1799 1562 stoffzufuhr.
1641 1511 2601 1581 Arnolt Bronnen besitzt das unleugbare Talent, zu
519 1518 1544 1592 ander erfährt zwar im ganzen keine neue Beleuch¬
1577 1555 2606 1631 schreien, was andere flüstern. Pech für ihn, daß in dieser
508 1556 1552 1636 tung, doch bedeutet der Zuwachs im einzelnen er¬
1578 1602 2601 1669 Welt der dunklen Ahnungen und der verschleierten Ge¬
520 1613 1560 1699 wünschte Bereicherung. Willkommen ist auch am
1571 1631 2604 1694 fühle ein Wort, das, geträumt, gerannt, den Wahrheits¬
527 1655 1549 1724 Schluß der Wiederabdruck von drei „Bund“=Auf¬
1578 1662 2609 1748 keim trägt, laut ausgesprochen zu geschminkter Banalität
1583 1709 2608 1785 zu werden pflegt. Aber: Arnolt Bronnen hat das Talent
523 1707 1373 1783 sätzen Widmanns über Kellersche Werke.
1586 1766 1937 1824 der robusten Kehle.
1659 1768 2618 1856 Glück für ihn, daß seit Grabbe das Talent der robusten
1586 1824 2610 1905 Kehle immer wieder mit dem des dramatischen Genies
1576 1879 2010 1940 verwechselt worden ist.
1659 1895 2615 1972 Ansonsten kommt Bronnen und entdeckt sich den Natu¬
1589 1953 2622 2010 ralismus, auch darin Grabbe verwandt, ein rückwärtsge¬
607 1964 1486 2051 Scho der Dahnen
1587 1978 2618 2047 wandter Prophet. Er krebst (ein gutes bismarcksches Wort
1583 2026 2621 2094 anzuwenden) mit Leichen. Und fängt vor Sonnenauf¬
1583 2065 2617 2144 gang in der Dämmerung der unkenntlich gewordenen
889 2058 1229 2143 Wiesbaden
1592 2095 2622 2163 Grenzmarken sich den Charakter des Vaters ein. Aber
646 2114 1519 2194 sasanova in Dux.“ Tragikomödie in einem Akt von Ernst
1588 2147 2626 2208 sobald es sich darum handelt, im feelischen Sein des Sohnes
584 2166 1520 2225 Lissauer. (Uraufführung im Staatstheater am 17. Mai 1922.)
1594 2180 2621 2249 statt der Unkräfte die Kraft, statt des Welkenden Knospen¬
703 2198 1432 2268 (Buchausgabe bei Oesterheld & Co. in Berlin.)
1604 2231 2627 2286 haftes darzutun, ist da die Leere. Die Leere aller Empfin¬
536 2237 1574 2306 Oissauer betrat mit seinem Einakter nicht zum ersten
1601 2258 2630 2325 dungsmöglichkeiten und Darstellungsstile. In diesem, einem
571 2277 1577 2349 — Male die Bühne. Er hat sich diesmal einen siebzig¬
1596 2282 2630 2363 Dichtertraum lebenden, Sohn hat sich der Dichter Arnolt
536 2323 1575 2388 jährigen Helden gewählt, Casanova, der auf Schloß Dur
1594 2327 2631 2410 Bronnen einen Esel gebort. Es ist das recht ein den Dichter¬
543 2358 1582 2432 eine Zuflucht gefunden hat; er stellt den Abenteurer als
1590 2382 2214 2444 vater vatermordender Dichtersohn.
2237 2394 2589 2471 Ernst Heilborn
546 2399 1580 2462 einzige Hauptgestalt in den Mittelpunkt seines Werkes,
539 2436 1585 2497 ohne ihr gleichwertige Gegenspieler zu geben. Zwei Um¬
543 2474 1588 2552 stände, die dramatischen Grundgesetzen zu widersprechen
543 2522 1588 2588 pflegen. Starke dichterische Gaben erscheinen notwendig,
545 2551 1580 2620 um trotzdem eine Leistung zu erzeugen, die zu fesseln ver¬
545 2589 1589 2676 mag. Lissauer, durch scharf profilierte Versbände aufs
554 2639 1586 2699 vorteilhafteste bekannt, besitzt die Fähigkeit, Gestalten, die
1672 2573 2591 2742 Echo der Zeitungen
547 2670 1596 2737 über dem Alltag des historischen Geschehens schweben, mit
548 2709 1590 2777 festem Zugriff zu erfassen und sie zu erfüllen mit seinen
555 2743 1594 2832 Gedanken, mit dem Reichtum seiner inneren Gesichte.
1919 2766 2326 2831 Arthur Schnitzler
558 2790 1601 2855 So entstand auch sein Casanova=Einakter als eine Schöp¬
1862 2814 2390 2888 Zum sechzigsten Geburtstag
557 2832 1599 2902 fung, reich an fesselnden Einzelzügen, geistreich angelegt
1687 2857 2630 2942 „Leben ist Liebe und die höchste Liebe die der Geschlech¬
553 2865 1600 2936 und durchgeführt, ein Werk, das man liest, in Spannung
1612 2919 2639 2980 ter. Dieses Dichters Männer haben Muße genug, ihrer
555 2906 1589 2975 gehalten von der ersten Zeile bis zu den Schlußworten
1607 2946 2644 3007 Liebe zu leben; seine Frauen aber, obgleich häufig berufs¬
555 2945 1590 3029 des von eigener Hand sterbenden Casanova. Der unvor¬
557 2987 1597 3047 bereitete Zuschauer im Theater aber — leider hatte man
1618 2981 2646 3058 tätig, und dann zumeist Künstlerinnen, leben eigentlich
1618 3022 2640 3092 nur ihrer Liebe. Liebe will ihre Rechte bis zur letzten Hin¬
564 3031 1605 3103 versäumt, durch entsprechende Vornotizen in der Tages¬
1620 3063 2653 3134 gabe. Ihr strebt alles und alle zu in immerwährendem
563 3067 1563 3126 presse Verständnis für das schwierige Werk zu erwecken —
1612 3100 2644 3180 „Reigen“. Kein Band hält gegen Liebe, und am wenigsten
559 3097 1607 3175 stand der Gestalt des gealterten, in den verschiedensten
1627 3139 2648 3210 Ehe. Anderseits wahren oft gerade solche Frauen Treue,
573 3136 1591 3209 Sprachen hastend sich aussprechenden Siebzigjährigen hilf¬
1622 3176 2654 3241 deren Wesen Wechsel zu bedeuten scheint, und selbst manche
570 3179 1595 3244 los gegenüber und sah nur Komödie, o Tragikomödie mit
1619 3221 2657 3288 „süße Mädel“ die Botinnen zwischen jenem engeren Wien
560 3220 1606 3287 innerlich starker Betonung der beiden ersten Silben des
1625 3265 2650 3337 und der Vorstadt. Doch selbst da verirren sich manchmal
567 3250 1612 3340 Wortes gespielt wurde. Der Einakter griff Verstehenden
1621 3309 2653 3373 Gedanken und Träume (wir sind Freud schon sehr nahe!),
573 3296 1606 3362 ans Herz, sie sahen Menschengröße und Menschenleid, ver¬
1631 3332 2654 3401 und am Ende ist nichts mehr sicher, alles, alles Spiel.
573 3342 1322 3410 körpert in einem „Marschall des Lebens“.
1633 3375 2663 3442 Zweifel und Spiel: es ist das wieder= und wiederkehrende
1243 3380 1569 3449 Hans Gäfgen
1624 3416 2649 3476 Komödienthema Schnitzlers, von seinem Zauberer, Hyp¬
1628 3451 2661 3521 notiseur, Psychoanalytiker und Arzt Paracelsus besonders
1620 3488 2662 3557 deutlich ausgesprochen („Wir spielen immer; wer es nicht
979 3487 1200 3574 Berlin
1634 3525 2663 3589 weiß, ist klug"). Und hier geht es nicht um einen shakespeari¬
641 3565 1532 3634 „Vatermord.“ Schauspiel von Arnolt Bronnen. (Ber¬
1639 3572 2657 3645 schen Maskenzug, sondern eben um „Komödie“. Keiner
630 3600 1568 3657 liner Erstaufführung durch die „Junge Bühne“ im Deutschen
1636 3604 2664 3668 weiß, wann er Ernst macht, wann es mit ihm Ernst wird,
897 3640 1328 3697 Theater am 14. Mai 1922.)
1633 3659 2662 3711 keinem ist schließlich ein Vorwurf selbst aus seinem Zwitter¬
578 3673 1609 3781 Schwebte Arnolt Bronnen, als er den Haß gegen den
1637 3678 2664 3763 wesen zu machen („Fink und Fliederbusch“), ja es zeigt sich
662 3713 1608 3785 Vater mit der inzestuosen Liebe zur Mutter verkoppelte,
1636 3725 2671 3794 ganz deutlich, daß der einzelne Akteur vielleicht gerade noch
580 3754 1612 3811 etwas wie eine Symbolisierung des Empfindungslebens
1649 3762 2661 3836 seine Rolle spielt, wahrscheinlich aber überhaupt an einem
575 3795 1616 3847 der Generationen oder des Geburtsmythos vor? Dann
1648 3796 2682 3877 Draht hängt: als Marionette. Die Komödien der Worte
575 3840 1626 3911 ist sein Fall hoffnungslos, sein Trachten so unfruchtbar wie
