3392 4320
1108 257 1581 369 box 39/3
241 244 964 375 6oth Birthday
1703 1134 3155 1211 durch mehrere Jahre, bis ihn der unerwartete Erfolg seiner dichteri¬
232 1140 1692 1223 Arthur Schnitzler, der Sechzigjährige.
1703 1202 3163 1260 schen Erstlinge, der oben erwähnten „Anatol“-Szenen, die er, in
310 1231 1642 1303 Von Heinrich Glücksmann, Dramaturg des Deutschen Volkstheaters.
1694 1251 3168 1307 seltener Bescheidenheit, ihres Wertes unbewußt, den Intimsten allein
348 1279 1706 1344 Eine Gunst des Schicksals schuf mir die Freude, die Bekannt¬
1698 1291 3168 1363 erschlossen und nur unter dem Zwange ihrer lortgesetzten Uberredung
227 1335 1698 1404 schaft des Dichters Arthur Schnitzler früher zu machen, als die andere
1704 1343 3171 1419 als Dreißigjähriger erst der Offentlichkeit übergeben hatte, überzeugte,
230 1383 1704 1459 Welt, gleichsam die ersten Schwingenregungen seines flugdurstigen
1703 1392 3151 1450 daß er ein Heimatrecht in der Schriftstellerei anstreben dürfe. So
232 1438 1699 1504 Talents beobachten zu dürfen.: Es war in der zweiten Hälfte der
1699 1432 3173 1501 wurde er in diese förmlich hineingestoßen. Freilich wohl gerüstet und
228 1493 1698 1544 Achtzigerjahre. Das zu jener Zeit sehr angeschene Leizpiger „Magazin
1706 1488 3165 1550 vorbereitet. Hatte er doch durch all die Zeit bis in die Mannesreife
231 1543 1694 1615 für die Literatur des In- und Auslandes“ war gerade von den Jüngst¬
1703 1526 3163 1603 hinein in die tiefsten Heimlichkeiten und verschleiertsten Unheimlich¬
1698 1590 3150 1656 keiten der Menschennatur Einblick gewonnen und durch jene Wissen¬
235 1591 1694 1660 deutschen, den neuen Stürmern und Drängern, den Kunstrevolutio¬
236 1633 1706 1695 nären Karl Bleibtreu Konrad Alberti, Hermann Friedrichs und
1698 1642 3165 1708 schaft, die ihre Erkenntnisse zumeist auf den vor aller Welt ängstlich
239 1699 1692 1753 Genossen erobert und in Besitz genommen worden, und über An¬
1704 1678 3170 1751 verborgen gehaltenen Dingen aufbaut, seine Sinne geschärft für die
232 1750 1688 1800 regung des mir befreundeten Alberti wurde mir die Provinz Öster¬
1695 1733 3162 1786 Probleme der Seele, für die Rätsel des Lebens, für das unlösbare
1708 1783 3167 1849 Sphynxgeheimnis des Sterbens. Und mit weit offenen Poetenaugen
226 1783 1700 1857 reich-Ungarn mit dem Hauptorte Wien zur kritischen Verwaltung
237 1840 1699 1888 zugeteilt. Damals begegnete ich gesellschaftlich dem angesehenen Arzte
1709 1833 3153 1902 hatte er das Wesen seiner Vaterstadt, mit sehnzüchtiger Zärtlichkeit
230 1881 1697 1936 Regierungsrat Dr. Schnitzler, dem Begründer und Leiter der eben ins
1701 1887 3157 1949 und liebevoller Innigkeit die eigentümlich schmeichlerischen Schön¬
239 1930 1706 1999 Leben gerufenen Poliklinik. Er zog mich in sein Haus und weihte
1702 1935 3169 2012 heiten Wiens eingesogen, bis zu den letzten Vorstadthäusern hinaus,
226 1988 1707 2048 mich in seine Vaterschmerzen ein. Seine beiden Söhne hatten seinen
1691 1986 3165 2048 den weiten Hlöfen und den vereinzelten Bäumen, die einen Garten
238 2036 1702 2101 Beruf erwählt, sich der Heilkunst zugewendet. Der eine, Julius, ging
1693 2033 3167 2108 heucheln. Da hat er den neuen Typus des „süßen Mädels“ gefunden,
232 2084 3169 2142 seinen normalen Weg und versprach, eiwas Tüchtiges zu werden. das Wiener Gretchen von heute oder eigentlich von gestern, und in
2294 2136 3173 2200 sich selbst und unter den Kameraden den
240 2131 1126 2192 (Der Blick des Vaters hatte sich hierin
2297 2185 3165 2252 „Anatol“, den Wiener Jungen mit dem
235 2178 1132 2258 nicht getäuscht: Wir schätzen heute in
2277 2217 3166 2296 französischen Namen, der in Paris die
240 2238 1133 2296 diesem Manne einen unserer besten
232 2278 1129 2350 Chirurgen, einen von den Erlesenen, die
2281 2278 3152 2351 Kunst des Flirts studiert hat, der
2282 2332 3161 2404 „Liebelei“, des Liebens ohne Liebe, das
226 2341 1119 2398 den Ruf und Ruhm der Wiener medi¬
2291 2380 3155 2445 von der Stunde für die Stunde lebt.
236 2374 1129 2452 zinischen Schule noch aufrecht erhalten,
2279 2426 3161 2498 Diesem Ringstraßenheiden, dem wenige
231 2433 1128 2498 ihr neuen Glanz verleihen.) Aber des
240 2486 1133 2545 wackeren Regierungsrates anderer Sohn
2275 2466 3172 2549 Frauen widerstehen und der keiner Frau
2282 2523 3172 2592 widersteht, vertreibt die Liebe die Zeit,
225 2532 1133 2590 machte dem Vater schwere Sorgen. Er
2285 2579 3171 2641 dann die Zeit die Liebe, wobei manch
235 2573 1128 2642 studierte, er tat seine Pflicht, er ging in
2292 2623 3163 2699 ein armes Ding in restloser Hingabe ihr
230 2628 1116 2697 die Vorlesungen und mied die Kliniken
2282 2658 3164 2734 Schicksal einsetzt und verspielt. Nicht am
233 2680 1130 2730 nicht, aber sein Herz war nicht dabei,
2292 2728 3163 2780 Leben vorbeigehen, das ist der unbewußte
233 2727 1134 2804 sein lebhafteres Interesse schien sich der
2291 2765 3169 2833 Drang dieser Leute vom Grund, die schon
237 2770 1123 2850 Literatur zuzuneigen, und seine Schreib¬
2287 2824 3162 2882 ein bißchen Sonne beseligt, während die
234 2832 1127 2909 tischladen schwollen gemach von be¬
2280 2867 3162 2936 Oberschichte der „Komtesse Mizzi“ im
238 2873 714 2956 schriebenen Blättern.
2289 2916 3160 2978 Glanz und Reichtum ihrer Sphäre be¬
371 2904 1126 2986 Vater Schnitzler beging einen Ein¬
2281 2964 3163 3041 drückt ist von heimlicher Schuld und
224 2960 1128 3047 bruch in das Geheimnis dieses jungen
2285 3019 3164 3088 heimlichen Schatten. Aber nicht nur
236 3033 1126 3098 Schaffens und zeigte mir ein paar von
2287 3067 3169 3136 durch diese seine Wiener Genrebilder,
229 3079 1129 3146 den noch ängstlich verborgen gehaltenen
2287 3121 3155 3185 die er auch als Novellist und Romancier
234 3121 1127 3198 Manuskripten seines Arthur. Ich blickte
2277 3165 3170 3242 gerne malt, pulst in kräftigsten Schlägen
240 3170 1118 3233 hinein und war gefesselt, las von der
2291 3210 3170 3278 die Wirklichkeit. Er geht auch in Tiefen
240 3225 1134 3302 ersten Zeile an mit fiebrischer Erregung,
2285 3276 3167 3335 und Weiten und paart, wie im „Ruf des
238 3274 1142 3346 die sich zur Andacht und Inbrunst
2288 3310 3177 3381 Lebens“, einem donnernden Aufruf
235 3326 1128 3388 steigerte, denn ich gewann sofort die
2281 3347 3178 3444 gegen den menschentresserischen Moloch
237 3369 1127 3436 Oberzeugung, hier einem Berufenen und
2291 3416 3166 3482 des Militarismus, in ergreifendstem Ge¬
243 3424 1118 3493 Auserwählten, einem wirklichen Dichter,
2288 3459 3160 3533 gensatz heiße Daseinsfreude und stren¬
235 3452 1132 3526 einem Sucher und Entdecker von lite¬
2285 3513 3167 3581 gen Sterbenszwang oder umfaßt im
234 3515 1127 3592 rarischem Neuland ins Gesicht zu
1751 3558 2202 3631 Photo: Franz Löwy, Wien.
2297 3556 3161 3628 „Grünen Kakadu“ vielleicht dem mäch¬
238 3562 1135 3641 schauen. Es waren einige von den
2295 3592 3155 3677 tigsten Kleinstücke der deutschen Lite¬
241 3613 1131 3686 „Anatol“-Szenen, die mir zu lesen ver¬
1354 3623 2041 3721 Arthur Schnitzler.
2291 3657 3177 3726 ratur, mit eindringlicher Wucht bei
229 3657 1119 3734 gönnt waren. „Ich beglückwünsche Sie“
2293 3708 3175 3788 wundersamer Knappheit die bewegteste,
238 3716 1128 3785 sagte ich zu Vater Schnitzler, „Ihr Arthur
1289 3696 2116 3802 Ein Menschenseelen-Ergründer
2294 3757 3161 3818 farbigste Epoche der Weltgeschichte. So
241 3765 1138 3838 ist ein Dichter, und es wäre unnütz und
1303 3776 1888 3852 Voll Unerbittlichkeit,
2292 3801 3160 3884 ist denn der oft nur als Causeur der
242 3817 1121 3880 vielleicht ein Verbrechen, ihn zu behin¬
1300 3831 2077 3907 Ein unerschrockener Künder
2296 3848 3168 3917 leichtfertigen Liebe a la minute Etiket¬
236 3851 1125 3938 dern, den Geboten seines Talents zu ge¬
1302 3898 1934 3978 Frei-starker Sittlichkeit,
2294 3895 3165 3972 tierte auch ein freier Frager und kühner
241 3899 1131 3979 horchen. Dieser junge Mann muß
2295 3962 3170 4016 Bekenner gegenüber den dunklen Mäch¬
1288 3946 1971 4026 Ein anmutvoller Fechter
246 3969 1125 4023 dichten. Der Arzte gibt es genug, mehr
2284 4004 3170 4066 ten des Seins, und die Quellen seines
243 4009 1136 4086 als genug. Der wahren Dichter vielleicht
1286 4015 1958 4085 In ernstem Waffengang,
2277 4055 3167 4113 Dichtens rauschen aus den Bornen des
1294 4065 2074 4149 Ein Ehrlicher, Edler, Echter —
2289 4101 3160 4171 großen Mitleids mit den Schwachen, des
243 4113 1133 4176 freudig stolz darauf sein, der Welt einen
1701 4130 1982 4203 —
