3392 4352
1096 354 1558 445 box 39/3
230 383 953 469 —1 Birthday
1174 1824 2126 1884 klugen Wiener Dichter des zwanzigsten. Goethes
223 1851 1171 1918 ständlich, daß dieser Poet gerade in der Dar¬
1178 1854 2133 1928 Oronaro kann das geliebte Weib in der Wirk¬
223 1906 1163 1960 stellung des Todes die feinste Hand zeigt.
1170 1904 2131 1968 lichkeit nicht ertragen, sondern nur die Vor¬
222 1927 1173 2000 Immer wird man sich an der Feinhelt seiner
1181 1941 2115 2019 stellung von ihr. Anaiol möchte wohl wissen,
226 1972 1175 2037 Gedanken, an der Stimmungsmal rei, an der
1182 1981 2123 2048 ob die kleine Cora ihm treu ist, aber die ent¬
226 2015 1171 2071 Seelenanalyse und an seiner virtuosen Fähig¬
1190 2018 2133 2087 scheidende „Frage an das Schielsal“ vermag er
224 2027 1193 2111 keit erfreuen, den Dialog zu führen, aus heite¬
1183 2058 2126 2133 doch nicht zu stellen, denn die Meinung, die er
227 2084 1168 2151 rer Nachdenklichkeit heraus die Tragik zu strei¬
1193 2096 2131 2160 sich von ihr geschaffen, ist ihm wesentlicher als
233 2117 1173 2192 fen, um dann mit einem wehmütig lächelnden
1192 2132 2139 2197 die Wahrheit — worin er übrigens, wenn man
232 2157 1173 2232 Fragezeichen zu schließen, hinter dem eine ganz
1187 2178 2140 2237 es nur ganz richtig versteht, recht hat. Es sind
227 2202 1177 2265 und gar nicht künstlerische Sentimentalität
1186 2218 2134 2273 nur wenige „Lebendige Stunden“ die der Dra¬
236 2239 1175 2303 lauert. Schnitzler macht Konversatlon — sogar
1182 2246 2135 2317 matiker Schnitzler uns geschenlt hat, und wenn
226 2273 1165 2340 in seinen historischen Dramen. Daher ist seine
1187 2271 2143 2353 sein unerträglicher „Reigen“ — auf der Bühne
227 2325 1088 2392 Sprache auch ohne Eigenwuchs und Glanz.
1186 2321 2142 2388 unerträglich — eine aus den Fugen gegangene
315 2346 1184 2422 „Ich fühle, wie viel mir verloren ginge,
1201 2368 2133 2434 Zeit ergötzt, so wird ein Chronist späterer Tage
244 2399 1186 2459 wenn ich mich eines Tages stark fände, sagt
1198 2401 2132 2480 gerade aus diesem Umstand ihre Barbarei fest¬
245 2449 1187 2499 Anatol, der Held seines ersten Buches, einer
1203 2450 2138 2515 zustellen haben. Seltsam überhaupt, daß dieser
1076 2474 1189 2522 wir
237 2488 1082 2535 Sammlung von amüsanten Dialogen, die
1195 2487 2140 2547 Schnitzler so häusig zum Drama getrieben wurde.
232 2508 1187 2583 vor einiger Zeit auch im „Schausplelhaus“ sahen.
1201 2516 2145 2589 Denn gerade die dargelegten Eigentümlichkeiten
237 2550 1183 2619 Das ist ein Selbstbekenntnis des Dichters, und
1195 2561 2143 2629 seiner dickterischen Struktur wiesen ihn auf die
237 2587 1183 2653 im Grunde sind alle seine männlichen Gesialten:
1198 2597 2149 2667 Novelle hin. In Wahrheit sind ja auch gerade
249 2627 1186 2693 Anatol. Im Zeitalter der Empfludsamkeit, aus
1204 2636 2138 2703 die bekanntesten seiner Bühnenarbeiten, wie
245 2657 1189 2736 dem der junge Gocthe hervorgewachsen ist, gab
1214 2660 2138 2743 „Anatol“, wie „Reigen“ wie der „Einsame
241 2696 1198 2765 es keinen größeren Vorwurf für den Schaffen¬
1211 2709 2143 2783 Weg“ wie „Zwischensriel“ und „Der Ruf des
243 2739 1182 2805 den, als wenn man ihn einen Virtuosen nannte.
1202 2740 2156 2815 Lebens“ nur dialogißerte Norellen. Gewiß hat
248 2772 1195 2857 Virtnosentum war gleichbedeutend mit Fran¬
1211 2789 2150 2863 er sich in seiner Jugend auch sozialen Problemen
243 2813 1187 2889 zosentum, und das wollte man abschütteln.
1210 2841 2154 2903 zugewankt, im „Freiwild“ und im „Ver¬
259 2858 1190 2927 Schultler ist solch ein Virtnose, dessen Können
1202 2864 2157 2947 mächtnis“. Aber was Schnitler zur Duell¬
249 2893 1205 2967 man nicht unterschätzen soll. im Gegenteill, et¬
1217 2906 2151 2974 frage und zur Frage der unehelichen Mütter zu
260 2932 1192 3003 was davon möchte man unsern stammelnden
1219 2939 2151 3021 sagen hat, das interessiert uns heute nicht mehr.
258 2973 1197 3038 Stirmern von Herzen gönnen, aber auch ihm,
1212 2971 2147 3054 und selbst ein in mancher Hinsicht interessantes
247 2995 1205 3083 dem heute Sechzigjährtgen etwas von ihrer Be¬
1212 3029 2140 3095 Werk wie „Professor Bernhard!“
259 3048 1204 3122 geisterungsfählgkeit, von ihrer Hingabe an die
1206 3051 2164 3137 das religiöse und Rassefragen behandelt, ist viel
256 3088 1200 3160 Idee des Menschen und des Menschentums, von
1219 3099 2163 3174 zu sehr Abhandlung und Feuilleton, um als
249 3126 1199 3195 ihrer Bereitwilliakeit, sich seelisch zu verschwen¬
1215 3144 1875 3225 Kunstwerk gewürdigt zu werden.
253 3164 1206 3230 den. und von ihrer Sehnsucht, diese angeblich
1304 3179 2160 3244 So kommt es denn das S#nitzler das viel¬
256 3208 1212 3269 beste aller Welten zu einem Garten des Frledens
1204 3199 2172 3278 I leicht Dauernde auf evischem Gebiet geleistet
251 3244 1212 3314 mzuschaffen. Dennoch: etwas von der Empfind¬
165 3237 2176 3379 kr. samkeit des 18. Jahrhunderts steckt auch in dem 1 hat. Die Novelle „Sterben“, in der physi¬
2143 1783 3107 1873 sches Siechtum und langsames Welkwerden einer
2146 1845 3095 1900 Liebe einander gegenübergestellt werden, ist in
2140 1883 3083 1945 seiner Art ein Meisterwerk nicht weniger als
2147 1919 3097 1983 „Leutnant Gustl“, in der eigentlich ohne
2137 1939 3103 2009 die geringste Handlung das Seelenleben eines
2152 1994 3111 2064 Menschen geschildert wird, der glaubt, sterben zu
2144 2053 2324 2115 müssen.
2225 2074 3091 2148 Dennoch: dieser Dichter der Novelle, der
2144 2132 3023 2199 müden, ironischen Stimmungskunst, hat ei
2143 2155 3094 2230 mal ein Bühnenwerk geschrieben, in dem er
2146 2201 3112 2272 wirklich die Kraft und den Mut fand zur Tragik.
2157 2241 3108 2316 Das Stück heißt „Liebelei“ aber es dürste
2153 2275 3103 2353 „Liebe“ heißen. Denn diese Christine, die einem
2152 2310 3115 2382 jungen Lebemann zum Zeitvertreib dient, ist nicht
2154 2355 3112 2422 das „süße Mädel“ nicht das typische Verhältnis,
2150 2393 3117 2463 das Schviller im Bunde mit Hartleben für die
2158 2421 3119 2496 deutsche Bühne entdeckt hat, sondern ein Weib,
2151 2466 3107 2543 das liebt, nicht liebelt. Eln Geschöpf, das zer¬
2158 2501 3114 2576 bricht, als sich ihr Freund um einer anderen
2153 2551 3107 2615 willen niederknallen läst, eine in ihrer Schlickt¬
2162 2594 3118 2655 heit erhabene Gestalt, an dem der alte Fontane.
2164 2625 3132 2712 der Dichter der Lene Nimptsch, seine Freude ge¬“
2171 2685 2408 2759 habt hätte.
2236 2703 3120 2782 Lene Nimptsch ist die Heldin von Fontanes
2157 2759 3108 2834 „Irrungen und Wirrungen“. Ihr Geltebter, der
2164 2798 3127 2872 ei#e andere heiretet, Baron Botho, bekennt zum
2157 2833 3121 2897 Schluß dieses Meisterwerks, als er in der Zei¬
2168 2873 3123 2948 tung liest, daß Lene sich mit einem andern ver¬
2168 2906 3117 2985 lobt hat. der Gideon heißt: „Gideon ## besser
2181 2949 3125 3034 als Botho“ Solche Besenninisse fehlen bei
2172 2992 3123 3057 Schnitzler. Das unterscheidet ihn nicht nur von
2176 3023 3132 3102 Fontane, dem nverreichten Meiber der epischer
2174 3069 3110 3140 Kunst sondern auch von denen, die mit Fontam
2176 3109 3117 3175 im die Palme der großen deutschen Novellen
2168 3165 2484 3232 dichter streiten.
2616 3162 3091 3263 Malte Wagner.
