3392 4352
260 329 961 443 6oth Birthday
1648 195 2339 322 —
1113 314 1586 401 box 39/3
917 1085 1012 1148 178
914 1182 2443 1279 lebens, des läßlichen Genusses; der Hunger ist die große Macht
916 1250 2450 1329 in dem Hauptwerk jenes; den Webern, die Liebe ist das Movens
918 1285 2450 1391 in den unvergeßlichsten Dichtungen Schnitzlers. Dort ist noch Volk,
916 1360 2445 1434 hier ist Gesellschaft, und zwar eine schon in Auflösung befindliche,
923 1406 2458 1503 die mondäne Gesellschaft einer großstädtischen Spätzeit; Wien gibt
935 1496 1619 1584 die besondere Färbung dazu.
1010 1521 2453 1614 Er packt aber doch selten eigentliche Gesellschaftsprobleme an,
934 1600 2458 1688 mag auch die Stellung der Frau, der Schauspielerin oder des Künstlers,
935 1637 2449 1744 der Gegensatz von Wissenschaft und Kirche, die Judenfrage, die
931 1694 2458 1793 Offiziersehre da oder dort in den Mittelpunkt gerückt sein. Es ist
946 1754 2453 1859 eine Gesellschaft, in der das Individuum seine Eigenart schon fast
948 1818 2461 1918 ins Abermaß entwickelt hat, und, sich selber am wichtigsten geworden,
948 1874 2466 1983 seinen egoistischen Lebenswillen anspruchsvoll verfolgt, wodurch es
956 1930 2467 2034 eine Unzahl mannigfaltiger Konflikte heraufbeschwört, Einzelfälle,
956 2001 2466 2099 denen dieser Meister der Individualpspchologie seine ganze Hin¬
945 2063 2478 2148 gabe wiömet. Er bringt damit eine ganz wesentliche Erscheinung
945 2122 2467 2195 der modernen Welt zum Ausdruck, denn an der Übersteigerung des
951 2181 2472 2270 Individualismus und ihren Folgen laboriert die Zeit besonders
961 2253 2465 2341 mühsam herum. Die großen nationalen oder sozialen Fragen aber,
957 2305 2471 2381 die Welt der Industrie, der Wirtschaft, der harten, eisernen, nüch¬
954 2343 2473 2449 ternen Tatsächlichkeiten und Machtkämpfe, die großartige, aber
963 2401 2477 2519 brutale Dynamik der Zivilisationszeit vergißt man über all diesen
961 2477 2483 2562 Einzelschicksalen, vor allem über dieser Begehrlichkeit, diesen Nöten
968 2549 2164 2627 des Liebeslebens, der Ehe, des flterns, Sterbens.
1038 2576 2481 2686 Der Lebenstrieb im engern und weitern Sinn des Wortes
974 2636 2480 2745 ist die Grundmacht in Schnitzlers Psychologie. Er wird nicht müde,
976 2711 2481 2792 diesen elementarsten Instinkt triumphieren zu lassen über alle Mächte,
979 2755 2491 2871 die sich ihm entgegenstellen können, über Treue und Liebe (etwa
981 2817 2482 2908 in der meisterlichen Novelle „Sterben“), über Pflichten und Ehr¬
969 2869 2494 2983 gefühl, über soziale Gebote und eigenen Stolz. Der hemmungs¬
974 2928 2498 3033 lose Jubelausbruch des treuherzigen Leutnant Gustl, der durch den
989 3014 2502 3104 Schlagfluß seines Widerparts zufällig gerettet wird: „Er ist tot,
976 3055 2494 3159 und ich darf leben!“ ist ein drastisches Symbol für den un¬
989 3113 2496 3224 widerstehlichen Lebenstrieb der Schnitzlerschen Menschlein. Das
986 3165 2503 3270 Vitale, Natürliche regiert sie, und ebensoweit wie von einer Welt
982 3230 2507 3325 kantischen Pflichtgefühls sind wir von corneilleschem oder schillerschem
995 3284 2520 3384 Heroismus. Selbst wo er wie im „Schleier der Beatrice“ oder
1001 3339 2522 3444 im „Jungen Medardus“ ausnahmsweise zum Stildrama, zur dra¬
