3344 4352
315 324 1566 453 oth Birthdav box 39//3
223 353 320 452 6
408 1434 546 1518 —
185 1445 381 1533 19. MaL.
405 1451 2745 1561 erneuernder Krifen. Lloyd=George, der Anreger, ist mit dem Hier ist vielleicht zu erkennen, wie Lloyd=George, wenn er
183 1513 403 1585 geblieben.
1564 1520 2758 1593 vom Genua nach London zurückkehrt, in der Heimat sprechen
409 1529 1577 1600 Erfolg der Konferenz beinahe in seinem Dasein selbst ver¬
1575 1574 2752 1649 und unter welchen Druck er Frankreich stellen wird um
405 1571 1578 1650 knüpft und man mußte sich sagen, daß er für sie kämpfen
148 1592 400 1679 uswärtigen
1570 1614 2756 1690 nach Genua doch noch durchzusetzen, was in Genua nicht ge¬
405 1624 1572 1697 würde wie ein Löwe, daß er alles daransetzen würde, sein
163 1657 401 1724 Kurse sind
1573 1667 2769 1730 lungen ist. Das sind die leisen Hoffnungen, die uns bleiben,
416 1670 1574 1751 Ziel zu erreichen, das, aller Phrasen entkleidet und in große
157 1706 405 1767 chsten, noch
1569 1710 2769 1768 aber sie werden überschattet durch die Enttäuschungen, die
416 1716 1583 1789 Linien zusammengefaßt, ursprünglich die vier Punkte ent¬
155 1750 408 1813 se in Wien
1579 1759 2443 1834 wir im Monat von Genua erleben mußten.
404 1762 1577 1844 hielt: Wiederaufnahme Rußlands ins Wirtschaftsleben, An¬
160 1800 401 1863 63, Lei 68,
410 1783 1598 1884 erkennung der Sowjetregierung, vernünftige Beschränkung
161 1844 416 1919 ronen 180,
411 1851 1575 1929 der Reparationsforderungen und Erörterung der Währungs¬
1584 1907 2764 2022 eines großen Dichters kennt, bewundert und liebt, je mehr
159 1922 424 2028 Steigerung
1589 1974 2765 2061 es in seinen Gestelten und Problemen persönliche Züge
159 1992 434 2074 te, da aus
777 1967 1236 2110 Feuilleton.
163 2041 415 2102 assende An¬
1590 2030 2777 2099 und Zusammenhänge vermutet und zu erkennen glaubt,
160 2089 415 2151 äufe kamen.
1592 2078 2763 2144 auch von der Person des Dichters mehr erfahren will, als
173 2125 428 2196 verzeichnete
1587 2123 2777 2189 im Konversationslexikon und in der Literaturgeschichte
649 2107 1373 2200 Artur Schnitzler, der Arzt.
1596 2161 2780 2237 steht. Denn gerade das Wiener Publikum steht ja unwill¬
174 2172 419 2232 n 12 Uhr
419 2168 1591 2288 Ein ungeschriebenes Kapitel seiner Biographie.
1591 2210 2781 2289 kürlich zu Schnitzler in einem vertraulicheren Verhältnis,
165 2215 426 2304 Mark 35.50,
739 2239 1259 2319 Von Ludwig Hirschfeld.
1590 2267 2780 2336 weil es in seinen Theaterstücken, seinen Novellen und
507 2277 1593 2367 Eine wirkliche Biographie Artur Schnitzlers liegt auch
1595 2301 2773 2382 Romanen so vielen guten Bekannten begegnet, weil der
169 2302 420 2384 1.81 (gegen
422 2341 1596 2418 an seinem sechzigsten Geburtstag nicht vor. In den letzten
1602 2346 2779 2431 Zuschauer, der Leser darin zu Hause ist, wie in oft durch¬
189 2360 427 2427 t 519.75,
166 2395 420 2465 17.32), Mai¬
419 2392 1596 2476 z.anzig Jahren ist eine Reihe von Büchern, Broschüren und
1603 2394 2767 2476 schrittenen Gassen, wie auf oft gewandelten Wienerwald¬
167 2445 422 2507 dapest 0.67
425 2428 1599 2515 Abhandlungen über ihn erschienen, Darstellungen seines
1601 2447 2780 2511 wegen und weil die acht Bände der gesammelten Schriften
168 2486 419 2546 ), Warschau
424 2484 1601 2564 literarischen Werdeganges, Analysen seiner Werke, aber
1595 2487 2775 2562 Artur Schnitzlers nicht bloß Dichtung, Literatur sind,
173 2533 425 2609 pelte Noten
431 2530 1596 2606 von seiner Person, seinem äußeren Lebensweg wird nirgends
1608 2530 2795 2605 sondern ein kleines Museum des Wien der letzten dreißig
429 2592 1606 2652 Ausführlicheres erzählt. Das liegt vielleicht an der Zurück¬
1598 2595 1915 2674 Friedensjahre.
437 2617 1606 2706 haltung, die der Dichter selbst in diesem Punkte immer ge¬
1675 2632 2786 2718 Wie das Wien des jungen Urtur Schnitzler war,
430 2666 1604 2742 wahrt hat, an einer mit den Jahren, mit dem Berühmt¬
1591 2694 2787 2774 namentlich das bürgerliche, das intel ktuelle und lebens¬
440 2718 1606 2789 werden immer mehr zunehmenden Scheu, die Aufmerksam¬
203 2719 440 2822 „Ein
1603 2728 2793 2822 lustige, daraus kann man sich aus dem „Anatol“, aus der
440 2759 1607 2841 keit der Oeffentlichkeit mit etwas anderem in Anspruch zu
1608 2786 2782 2873 „Liebelei“, dem „Märchen“ und den Novellen des Bandes
437 2805 1605 2886 nehmen, als mit seinen Arbeiten. So wie Schnitzler jede
169 2809 427 2908 Frauen
1609 2832 2783 2914 „Die Frau des Weisen“ ein ungefähres Bild machen. Aber
435 2853 1577 2926 öffentliche Polemik, jede Debatte ängstlich vermeidet, so
1599 2882 2779 2964 wie war er selbst damals zwischen Zwanzig und Dreißig?
433 2886 1617 2969 vermeidet er auch jedes Hervortre#en seiner Person. Auf
171 2887 433 2991 de hai¬
1607 2925 2787 2995 Ein leichtsinniger Melancholiker, wie der Anatol, oder ein
427 2945 1608 3024 die Frage nach biographischen Daten pflegt er prinzipiell
1613 2977 2789 3049 skeptisch=ironischer Liebesraisonneur wie Freund Max?
437 2990 1615 3070 nur zu antworten: „Ich bin am 15. Mai 1862 in Wien
162 2974 434 3095 hsen zu
1605 3022 2792 3091 Seine Bilder aus der Zeit sagen darüber einiges aus: der
434 3037 1614 3123 geboren und war Arzt.“ Das genügt seiner Ansicht nach
1611 3059 2791 3142 Jünglingskopf mit der Studentenmähne, der nach Pariser
190 3068 1618 3159 Kir9z. vollständig und mehr braucht man über ihn nicht zu wissen.
1618 3111 2796 3184 Mustern stilisierte junge Mann mit dem Spitzbart und der
516 3136 1611 3215 Diese Schweigsamkeit in rein persönlichen Dingen
1620 3151 2800 3231 beginnenden Schnitzler=Locke. Auch die unveröffentlichten
433 3201 1610 3273 entspricht durchaus der ganzen menschlichen und künstle¬
451 3252 2798 3312 rischen Art Artur Schnitzlers. Aber ebenso natürlich und Jugendgedichte und Skizzen Schnitzlers könnten einiges
189 3244 438 3347 Presse“.
175 3240 2815 3398 begreiflich ist es daß das Publikum, je mehr es die Werke erzählen, er selbst aber antwortet, offiziell befragt, immer
