3344 4352
1138 283 1613 373 box 39/3
165 294 1123 400 3. 60th Birthdar
1001 838 2230 1059 Aaites Alnder
2223 976 2475 1106 4
1482 981 1910 1110 O
909 1012 966 1104 1
675 951 902 1130 CN
2487 996 2634 1159 22
957 1095 2365 1214 Weltrundschau
777 1290 2506 1320 Der Nachdruck aus Reclams Universum ist verboten. Übersetzungsrecht vorbehalten. Für
785 1296 2518 1357 unverlangte Einsendungen übernimmt die Schriftleitung keine Verantwortung: sie werden
792 1321 2520 1404 nur dann zurückgesandt, wenn Rückporto beiliegt. Redaktionsschluß am 6. Mai 1922
1145 1395 1213 1460 1
1208 1551 2114 1682 Artur Schnitzler
875 1703 2455 1772 Zu seinem 60. Geburtstag am 15. Mai 1922. Von Robert Hohlbaum
849 1777 2680 1873 ir spielen immer, wer es weiß, ist klug.“ Diese aus der Provinz; Wien war immer etwas Losgelöstes, und
1686 1848 2677 1908 manche Mißverständnisse im Deutschen Reiche rührten davon
813 1867 1660 1928 I Worte, die Schnitzler dem Einakterzyklus „Para¬
1673 1893 2694 1950 her, daß man die beiden Richtungen auch politisch nicht zu
680 1899 1664 1972 #reisus — Die Gefährtin — Der grüne Kakadu“
1676 1947 1961 2005 trennen wußte.
671 1952 1667 2013 vorangestellt hat, und die der Schlußszene des ersten Stückes
1739 1967 2680 2036 Schnitzlers Welt ist nicht groß. Es ist im Grunde genom¬
669 1985 1669 2052 entstammen, könnten als Motto für sein ganzes Schaffen dienen.
1683 2024 2688 2088 men nur die mondaine des Wien der neunziger Jahre, die
674 2039 1666 2113 Allen Schnitzlerschen Menschen haftet etwas Leichtes, Spiele¬
1677 2058 2700 2133 sich bis 1914 nicht sehr geändert hat. Aber ist sein Glas,
673 2083 1673 2144 risches an, über die schwersten Situationen setzen sie sich oft mit
1690 2113 2690 2174 aus dem er trank, auch klein, es ist sein unbestritten eigenes.
664 2127 1667 2177 einer graziösen Bewegung hinweg, die all das Tun und Treiben
1689 2153 2700 2217 Er hat einen neuen Klang in die Literatur gebracht und manchen
666 2167 1674 2228 des Lebens nicht ernst nimmt. Aber auch der Autor selbst spielt
1682 2197 2692 2272 Nachahmer gesunden, der ihn bei weitem nicht erreichte. Der
675 2213 1676 2273 mit ihnen; immer sind sie seine Geschöpfe, er ist ihr Souverän.
1681 2237 2697 2303 „Anatol“ eröffnet den Reigen, die Szenenreihe aus dem Leben
675 2255 1673 2306 Nie geht er in einer seiner Gestalten völlig auf, macht er sie
1674 2278 2695 2353 eines Menschen, der nichts anderes zu tun hat, als verliebt
675 2305 1669 2364 zum Sprachrohr seiner Ideenwelt. Es ist dieselbe leichtherr¬
1684 2325 2691 2391 und geistreich zu sein. Setzen wir uns über diesen ideellen
670 2345 1673 2399 schende Autorgeste, wie wir sie etwa bei Wieland finden, mit
1692 2365 2688 2431 Mangel hinweg, so dürsen wir uns des glänzenden Dialogs,
674 2386 1671 2441 dem Schnitzler, meinem Gefühle nach, manche Ahnlichkeit auf¬
1686 2418 2698 2478 des seinen, ironischen Humors, des sprühenden Witzes, der
677 2422 1685 2483 weist. Beide wissen schließlich, daß alles Wahn ist, und beide
1695 2451 2700 2517 kultivierten Sprache ruhig erfreuen. Weit genialer erscheint
682 2470 1680 2542 sind nicht auf dem mühsamen Wege des deutschen Grüblers
1694 2498 2692 2559 mir indes der vielgeschmähte „Reigen“ zu sein. Wenn man
676 2512 1672 2580 zu dieser Erkenntnis gelangt, sondern sie ist ihnen a priori
2223 2541 2692 2605 sich an das Tatsächliche
670 2568 1151 2628 gegeben. Bei Schnitzler er¬
2210 2583 2695 2649 hält, streift diese Szenen¬
680 2611 1154 2668 klärt die Umwelttheorie hier
2221 2630 2706 2693 reihe hart ans Anstößige, ist
675 2658 1153 2717 manches. Er folgt unmittel¬
2229 2676 2707 2733 es vielleicht schon. Aber in
681 2697 1159 2761 bar auf den Naturalismus,
2225 2705 2703 2780 diesem Sinne müssen wir
681 2748 1154 2801 er und Hofmannsthal sind
2223 2760 2688 2819 Boccacio, Wieland, ja viel¬
684 2793 1160 2847 seine Gegner. Aber während
2233 2801 2702 2862 leicht Goethe mit den „Vene¬
678 2829 1153 2892 der Philologe reiner Roman¬
2228 2844 2695 2911 tianischen Epigrammen“ auch
685 2870 1160 2930 tiker werden konnte, hatte
2234 2890 2701 2954 zu dieser Kategorie rechnen,
680 2917 1163 2972 Schnitzler, der Arzt, doch so
2231 2931 2707 2994 und ich meine, in dieser er¬
689 2959 1156 3019 viel Reales aus der voran¬
2234 2974 2708 3038 lauchten Gesellschaft wird sich
678 3003 1163 3064 gegangenen Periode mitbe¬
2236 3027 2707 3088 Schnitzler ganz wohl befin¬
685 3044 1154 3109 kommen, daß er nicht ganz
2231 3062 2704 3125 den. Die Hauptsache ist ja
689 3087 1158 3152 davon loskam. Er hatte nicht
2235 3105 2708 3171 doch, daß die Absicht eine
675 3133 1151 3194 die brutale Unbekümmert¬
2234 3149 2701 3211 rein künstlerische war, daß
687 3171 1163 3228 heit Max Kretzers, sich in
2242 3195 2717 3253 ein Meisterpsychologe ein
695 3218 1157 3280 einer Welt gestürzter Altäre
2239 3238 2701 3306 psychologisches Problem ge¬
692 3269 1159 3325 wohlzufühlen; die Muskel¬
2240 3282 2711 3350 staltet hat. So betrachtet,
694 3311 1159 3368 kraft, eine eigene Welt auf
2243 3326 2711 3390 ist das angefeindete Werk
692 3357 1179 3411 die vergangene zu türmen,
2233 3363 2706 3430 moralischer als die senti¬
690 3390 1173 3451 besaß der Feinnervige nicht,
2233 3419 2717 3474 mentale „Liebelei“ mit dem
687 3441 1167 3499 was blieb ihm übrig als der
2236 3457 2698 3527 Pistolenduell und dem un¬
695 3481 1159 3538 Zweifel an allen Dingen?
2236 3500 2704 3563 wahrscheinlich heroinenhaften
694 3526 1175 3586 Dieser Skeptizismus wurde
2246 3540 2707 3606 Wiener Mädel. Was den
697 3566 1167 3633 noch durch sein Österreicher¬
2241 3576 2710 3647 „Reigen“ in den Augen
692 3618 1166 3673 tum, besser gesagt sein
2246 3632 2707 3684 der Allgemeinheit herabge¬
697 3656 1175 3715 Wienertum verstärkt. Blieb
2247 3674 2722 3734 setzt hat, war seine Auffüh¬
685 3699 1160 3759 doch selbst unser Größter,
2252 3729 2719 3771 rung, und eben die eifrigsten
692 3744 1172 3805 Grillparzer, nicht davon ver¬
2244 3761 2722 3822 Schnitzler=Verehrer hätten
695 3785 1173 3848 schont! Optimismus und
1566 3796 1834 3841 Artur Schnitzler.
2243 3802 2722 3874 im Interesse ihres Ideals##
1274 3816 2141 3878 Nach dem Gemälde von Professor Edmund Pick=Morino.
702 3834 1167 3900 Glaube erwuchs uns wieder
2565 3846 2732 3921 Heft 32
692 3883 1198 3953 Universum=Jahrbuch 1922, Nr. 17
