3344 4352
1097 276 1531 363 box 39/3
234 291 923 390 goth Birthday
407 1863 1377 1990 ADOLF SCHUSTERMANN
339 1958 1458 2077 ZEITUNGSNACHRICHTEN-BUREAU
538 2034 1255 2115 BERLIN SO 16, RUNGESTR. 22-24.
406 2113 1125 2244 Zeitung: Nationalzeitung
419 2250 952 2346 Adresse: Basel
417 2345 1012 2452 Datum: % „
374 2435 1400 2530 #sth. Hüldigung für Arthur Schnitzler. Zum
374 2501 1395 2565 65. Geburtstag von Arthur Schnifrer (15. Mäk) bringt die
357 2554 1394 2592 KNeue Rundschau“ eine Reihe von Aeußerungen füh¬
368 2588 1400 2639 render deutscher Dichter und Schrif, ler über den Jubilar.
361 2615 1390 2662 Alle Begrüßungen zeichnen sich durch, große Herzlichkeit und
362 2655 1400 2707 Wärme aus. Gerhart Hauptmann schreibt: „Den Sinn für
367 2698 1401 2757 Schnitzler besitzen, heißt Kultur besitzen, und sich von Schnitz¬
361 2742 1403 2788 ler angezogen fühlen heißt die Kultur suchen.“ Stefan
366 2771 1402 2848 Zweig weist auf die historische Bedeutung Schnitzlers für
357 2812 831 2872 Oesterreichs Dichtung hin.
1826 543 2794 647 ADOLF SCHUSTERMANN
1763 639 2865 720 ZEITUNGSNACHRICHTEN-BUREAU
1929 718 2714 799 BERLIN SO. 16, RUNGESTR 22-24.
1846 792 2743 896 Zeltang Die Reichspost
1862 906 2720 1027 Adresse. Wien! G MAREE
1862 1065 2070 1129 Datum:
1798 1202 2967 1304 Theater, Kunst und Masik.
1956 1257 2963 1355 Burgtheater. Als Feier des 60. Geburtstages
1795 1323 2966 1393 Artur Schnitzlers in neuer Einstudierung „Der
2106 1370 2967 1428 fardus“. Wir halten diese dramatische
1795 1375 2020 1448 junge
1795 1405 2979 1464 Historie für Schnitzlers reifstes, stärkstes Werk und daher
1801 1450 2979 1529 die Wahl rade dieses Stückes zum festlichen Zwecke für
1798 1504 2968 1562 durchaus glücklich. Niemals wieder, weder vorher noch
1792 1537 2982 1602 später, hat Schnitzlers suchendes Tasten sich zu solcher
1789 1580 2973 1637 wienerischen Wurzelhaftigkeit gefestigt (auch in der
1803 1626 2973 1699 „Liebelei“ nicht, dem scheinbar wienerischesten Stücke)
2427 1671 2967 1745 dem das Wien von
2287 1683 2375 1735 in
1806 1688 2287 1742 wie im „Medardus“,
2465 1705 2976 1780 einem auch historisch
1801 1717 2440 1788 1809 mit einer Ehrfurcht,
2594 1752 2969 1811 der sonst der
1797 1768 2596 1833 achtbaren Ernste gezeichnet ist,
1802 1794 2968 1876 spielerischen Art dieses Dichters wahrlich nicht eigentümlich
1797 1843 2977 1912 fist. Und kaum in einem zweiten seiner Stücke hat
1790 1882 2980 1960 Schnitzler, dessen 60. Geburtstag mitzufeiern (freilich in
1804 1927 2973 2005 unserer Art) wir nicht versäumen dürfen, ein so immer¬
1799 1966 2982 2044 hin erträgliches Verhältnis zu allen herandrängenden
1799 2014 2987 2093 geschlechtlichen Problemen gefunden, wenngleich auch der
1803 2057 2972 2137 „Medardus“ nicht ganz frei von schwüler Erotik ist.
1813 2099 2981 2187 Alles in allem: Es ist ein Stück, vor dem man Achtung
2433 2156 2745 2221 das man
2167 2165 2275 2215 die
1806 2170 2137 2226 haben muß,
1812 2188 2978 2255 wissem Sinne lieb gewinnen kann. Wie sehr
1810 2237 2989 2311 iim Gegensatze zu mancher anderen Schnitzlerischen Dich¬
1808 2280 2992 2348 tung, die jedem seelisch noch nicht verschmierten Menschen
1816 2324 2976 2405 kaum andere Gefühle als Ekel und Widerwillen ein¬
1818 2363 2987 2438 Fflößen muß! Leider wird der „Medardus“ auch diesmal
1816 2414 2974 2481 wieder nicht auf lange Dauer im Spielplan des Burg¬
1805 2452 2994 2538 theaters verbleiben. Eine Aufführung, die so ungeheuere
1801 2494 2998 2559 Anforderungen erhebt, kann neben dem anderen Repertoire
1808 2533 2997 2612 nicht lange mitgeschleppt werden, sie ist ein gar zu
1820 2574 2998 2677 schwerer Ballast. Wieder, wie einstens vor zwölf Jahren
1841 2625 2997 2703 (damals war der „Medardus“ neu), wird die rasche
1833 2658 3001 2755 Volge dieser fünfzehn Bilder erstaunlich glücklich be¬
1817 2711 3003 2793 wältigt. Darstellerisch hat die Aufführung in einigen
1819 2755 3010 2833 Rollen Veränderungen, Verjüngungen erfahren. Statt
1812 2784 3004 2872 des hitzigen Medardus des Herrn Ger##) sahen wir nuns
1820 2851 3001 2924 den kühleren, bedächtigeren des Herrn Schott (unde
1824 2880 2995 2948 Hoffen, bei gelegentlicher dritter Rollenbesetzung vielleicht
1827 2932 3008 3009 doch noch einmal einen wienerischen Medardus zu
1828 2971 3000 3050 erleben). Herr Treßler hat seinen Etzelt in würdige
1844 3014 2990 3097 Hände gelegt, nämlich in die des Herrn Romberg. Die
1855 3052 2998 3147 Prachtleistung des Herrn Paulsen als Eschenbacher soll
1818 3103 3011 3182 uns nicht hindern, uns in Treue und Wehmut des
1829 3144 2995 3235 seinstigen Trägers dieser Rolle, des Herrn Balajthy, zu
1828 3203 2996 3274 ferinnern. Herrn Hartmanns wunderbarer Herzog von
1822 3233 3005 3309 Walois hat in dem des Herrn Reimers einen wurdigen
1827 3280 3003 3357 Machfolger gefunden. Neben diesen und etlichen anderen,
1833 3319 2999 3412 durchaus glücklicheren Neubesetzungen stehen alte Be¬
1837 3363 2998 3449 ssetzungen von scheinbar unverwelklichem Reize und alters¬
1845 3408 3002 3492 loser Jugend: die erschütternde Wiener Niobe Klähr der
1841 3452 3004 3534 Frau Bleibtreu, die bis in die Fingerspitzen von
1840 3499 3011 3588 flüßester, wienerischer Wehmut erfüllte Agathe der Frau
1839 3536 3010 3621 Medelsky, die von aller Pracht edelster Jugend ge¬
1830 3578 3008 3668 stragene Helene der Frau Wohlgemuth. Im übrigen
1839 3632 3005 3704 äst der „Medardus“, eine ernste Belastungsprobe für die
1824 3669 3013 3767 darstellerische Leistungsfähigkeit eines Theaters. Von
1830 3710 3011 3785 unserem Burgtheater wird diese Probe gottlob heute nicht
1841 3751 3006 3840 minder spielerisch bestanden, wie vor zwölf Jahren. Das
1832 3789 3009 3885 Publikum dieser Festaufführung erwies bezeichnender¬
1840 3837 3009 3922 weise der Dichtung und Darstellung nicht sonderlich viel
1840 3882 3015 3956 Achtung, hingegen versteifte es sich mit zäher und seine
1835 3926 2998 4020 Massenstruktur ziemlich eindeutig kennzeichnender Zu¬
1840 3962 3006 4048 dringlichkeit darauf, den Dichter irgendwo in einer
1843 4014 3019 4112 Loge zu entdecken und zu beklatschen. Er war aber nicht,
1818 4091 2072 4159 —anmesend.
