3392 4352
273 278 1017 372 6oth Birthdar
1127 275 1589 360 box 39/3
2183 1017 2295 1137 2
1643 1131 2261 1197 Kombi“ Keschiuen 4 M 9•22
1672 1179 2146 1253 AO IAIRRS IAe
1073 1084 1215 1276 10
1418 1183 2216 1317 # Neue- Hrztt ihus Lsehich¬
1340 1296 1507 1382 4
1631 1291 2332 1432 ehl Semsisbsl. Sgel:
1437 1427 1561 1470 ——.—
1146 1461 1616 1541 Aes Aenperren
1626 1465 2331 1551 -MaI IkoumLeuo) 1
1465 1534 1522 1572 8
1171 1525 1625 1625 Wrang # andaue
1764 1531 2184 1622 Erorm prrise
1274 1648 2023 1727 # Hamburger Kammerspiele.
1240 1721 2162 1795 Zu Arthur Schnitzlers 60. Geburtstag: Liebelei.
1198 1778 2252 1834 Keinem Dichter wärc es weniger angemessen als diesem,
1061 1775 1141 1858 6
1143 1802 2252 1891 wollte man seinen Gedenktag mit Fanfaren feiern. Man
1148 1844 2244 1912 serinnert sich seiner nicht ruckartig, er hat nie etwas Plötz
1078 1906 2256 1961 Agliches, Entscheidendes gehabt; er war keine Wende in der
1157 1944 2241 2007 Zeit, sondern vielmehr eine beständige Begleitmelodie. Ja,
2244 1959 2347 2018 Bar
1151 1974 2247 2033 man fühlt in ihm den vollkommenen Ausdruck einer Epoche,
1160 2014 2234 2066 die nicht glaubte, daß sich je noch etwas Wesentliches in de¬
2243 2002 2347 2090 br
1148 2041 2248 2121 Welt ändern könne. Sie sah und kannte das Leben sehr
1151 2092 2251 2157 genau und nahm es als eine gegebene Tatsache hin. Nicht,
1148 2135 2247 2184 daß ihrem Blick der Konflikt, die Tragik, das unlösbare Pro¬
1149 2179 2249 2243 blem entging, sie fühlte diese Untiefen und Abgründe schwer
1141 2229 2245 2265 und schmerzlich; aber es war doch gleichzeitig immer das
1143 2264 2254 2307 Bewußtsein da, daß Sträuben nichts hilft, daß das Heil
1144 2298 2244 2356 nicht in der Tat liegt, sondern in der Betrachtung, die die
1137 2343 2257 2407 großen Zusammenhänge weise erfaßt und in einer Art von
1147 2379 2248 2427 abgeklärter Resignation endet. Im Hintergrunde des
1140 2422 2241 2465 Schnitzlerschen Lebenswerkes liegt Melancholie; sie sickert
1136 2464 2245 2526 dunkel und gefährlich aus der satten Melodik seiner gewoge¬
1144 2501 2242 2543 nen Sprache. Und wir wissen heute was wir früher ahnten:
1144 2529 2239 2599 daß hier Dichtung eines absterbenden Geschlechts ist, eines
1132 2569 2245 2648 Geschlechts, das seine erlöschenden Züge mit Gelassenheit im
1143 2613 1517 2674 Spiegel betrachtete.
1180 2674 2232 2738 In der Galerie der Gestalten, die sich aus dieser Stim¬
1146 2720 2235 2761 mung lösten, ist die Christine der „Liebelei“ vielleicht die
1933 2759 2000 2796 „1
1146 2756 2229 2815 rührendste. In der Aufführung der Kammerspiele gewann
1140 2789 2232 2859 sie durch Erika Meingast reinen und tiefen Klang; ja,
1132 2837 2240 2876 vielleicht ist sie nie in so herber Lieblichkeit leibhaft geworden.
1134 2877 2226 2932 Man hatte das Gefühl von der Einzigkeit dieses kleinen,
1129 2909 2234 2963 warmen Lebens, der in seiner engen Grenze ein Ewiges
1134 2954 2233 2997 einschließt, unbedingt in seiner jähen Hingabe an das große
1126 2983 2241 3057 Erlebnis und doch unbeugsam gegenüber der Gewalt des
1133 3037 2238 3086 Alltags. Es ist schön, daß die junge Künstlerin icker der
1123 3078 2231 3124 Regie der Kammerspiele — für sie zeichnete Paul Marx —
1126 3115 2242 3172 sichtlich zur Unauffälligkeit hinerzogen wird und dabei doch
1129 3158 2228 3196 an Intensität gewinnt. Dieses Hindrängen auf einen dis¬
1129 3195 2234 3253 kreten und doch erfüllten Kammerton zeichnete die ganze Dar¬
1127 3241 2240 3297 stellung aus. Auch die Mizzi Schlager Centa Brés,
1126 3273 2238 3323 dieser blutwärmsten Darstellerin unserer Bühnen, hatte die
1131 3307 2231 3375 völlige Natürlichkeit ohne jede Ueberbetonung; sie war ein
1128 3354 2228 3414 Geschöpf, das die volle Sicherheit des Echten in jedem Wort,
1128 3391 2231 3458 jedem Tonfall zeigte. Mit Freude verzeichnen, wir, daß
1125 3420 2220 3493 Fernau (Fritz) diesmal alles Krampfige abgelegt hatte
1125 3480 2232 3514 und eine feingedämpfte Leistung gab. Sondinger (Theo¬
1121 3521 2222 3575 dor) gab die wohlabgesetzte Partnerrolle. In der Episode
1125 3554 2234 3598 des „Herrn“ brachte Ziegel eine konzentrierte Figur.
1134 3592 2245 3656 Marx als Vater wirkte ein wenig blaß, aber voll Güte;
1127 3633 2232 3687 Else Kündingers Bürgerweib war eine satte Studie.
1120 3673 2203 3728 Die ausgezeichnete Vorstellung errang herzlichen Beifall.
1936 3723 2248 3810 H. W. r. 4
1516 3769 1855 3839 EE
1145 3864 1570 3922 TNTGT
