<?xml version="1.0" encoding="UTF-8" standalone="yes"?>
<PcGts xmlns="http://schema.primaresearch.org/PAGE/gts/pagecontent/2013-07-15" xmlns:xsi="http://www.w3.org/2001/XMLSchema-instance" xsi:schemaLocation="http://schema.primaresearch.org/PAGE/gts/pagecontent/2013-07-15 http://schema.primaresearch.org/PAGE/gts/pagecontent/2013-07-15/pagecontent.xsd">
    <Metadata>
        <Creator>prov=University of Rostock/Institute of Mathematics/CITlab/Gundram Leifert/gundram.leifert@uni-rostock.de:name=ONB_Newseye_GT_M1+(htr_id=10810)::::v=2.4.2
prov=University of Rostock/Institute of Mathematics/CITlab/Tobias Gruening/tobias.gruening@uni-rostock.de:name=de.uros.citlab.module.baseline2polygon.B2PSeamMultiOriented:v=2.4.2
prov=University of Rostock/Institute of Mathematics/CITlab/Tobias Gruening/tobias.gruening@uni-rostock.de:name=/mnt/transkribus/LA/DEA/URO/LA_news_onb_att.pb:de.uros.citlab.segmentation.CITlab_LA_ML:v=2.4.2
Transkribus</Creator>
        <Created>2019-10-07T20:31:57.080+02:00</Created>
        <LastChange>2019-10-09T08:45:58.017+02:00</LastChange>
        <TranskribusMetadata docId="224438" pageId="9576514" pageNr="181" tsid="16631638" status="IN_PROGRESS" userId="40391" imgUrl="https://files.transkribus.eu/Get?id=MFWFNUXRJTZKAIRQTYEBMNTH&amp;fileType=view" xmlUrl="https://files.transkribus.eu/Get?id=QOKEIYZFBEICLZCPCZQLCXNT" imageId="6207431"/>
    </Metadata>
    <Page imageFilename="224438_0181.jpeg" imageWidth="3392" imageHeight="4352">
        <ReadingOrder>
            <OrderedGroup id="ro_1711442716601" caption="Regions reading order">
                <RegionRefIndexed index="0" regionRef="r1"/>
            </OrderedGroup>
        </ReadingOrder>
        <TextRegion orientation="0.0" id="r1" custom="readingOrder {index:0;}">
            <Coords points="247,236 247,3553 3334,3553 3334,236"/>
            <TextLine id="r1l1" custom="readingOrder {index:0;}">
                <Coords points="2126,278 2144,280 2148,276 2151,280 2166,281 2177,271 2195,272 2199,222 2181,221 2173,224 2159,219 2156,215 2148,218 2130,217"/>
                <Baseline points="2145,256 2177,258"/>
                <TextEquiv>
                    <Unicode>—.</Unicode>
                </TextEquiv>
            </TextLine>
            <TextLine id="r1l2" custom="readingOrder {index:1;}">
                <Coords points="228,389 1507,378 1571,358 1570,293 1163,261 1006,334 881,287 225,284"/>
                <Baseline points="247,376 312,379 377,381 443,382 508,383 573,382 639,381 704,379 769,377 835,375 900,372 965,369 1031,366 1096,363 1161,361 1227,358 1292,356 1357,354 1423,353 1488,352 1554,353"/>
                <TextEquiv>
                    <Unicode>6oth Birthdag box 39/3</Unicode>
                </TextEquiv>
            </TextLine>
            <TextLine id="r1l3" custom="readingOrder {index:2;}">
                <Coords points="1353,1428 1490,1460 2384,1464 2385,1403 2244,1429 2020,1384 1640,1376 1556,1407 1354,1380"/>
                <Baseline points="1371,1423 1420,1430 1470,1437 1520,1442 1570,1446 1620,1450 1669,1452 1719,1454 1769,1455 1819,1456 1869,1457 1918,1457 1968,1456 2018,1456 2068,1456 2118,1455 2167,1455 2217,1455 2267,1455 2317,1455 2367,1456"/>
                <TextEquiv>
                    <Unicode>#arken Barock=Kontraste, die hier zu einer</Unicode>
                </TextEquiv>
            </TextLine>
            <TextLine id="r1l4" custom="readingOrder {index:3;}">
                <Coords points="2371,1458 3334,1477 3334,1419 2371,1414"/>
                <Baseline points="2388,1452 2434,1453 2480,1454 2527,1455 2573,1456 2620,1456 2666,1457 2713,1457 2759,1457 2806,1457 2852,1457 2898,1457 2945,1457 2991,1458 3038,1458 3084,1458 3131,1459 3177,1460 3224,1461 3270,1462 3317,1463"/>
                <TextEquiv>
                    <Unicode>Valeurs; eine silbergraue, von schweren Farben</Unicode>
                </TextEquiv>
            </TextLine>
            <TextLine id="r1l5" custom="readingOrder {index:4;}">
                <Coords points="773,1474 799,1474 813,1485 940,1486 1059,1473 1058,1418 989,1412 979,1424 971,1416 884,1414 870,1422 826,1415 801,1423 772,1416"/>
                <Baseline points="791,1473 816,1473 841,1474 866,1474 891,1474 916,1474 941,1473 966,1473 991,1471 1016,1470 1041,1467"/>
                <TextEquiv>
                    <Unicode>Schnitler.</Unicode>
                </TextEquiv>
            </TextLine>
            <TextLine id="r1l6" custom="readingOrder {index:5;}">
                <Coords points="1397,1492 2375,1499 2375,1459 1397,1438"/>
                <Baseline points="1416,1487 1463,1489 1510,1490 1557,1491 1604,1492 1651,1493 1698,1493 1745,1493 1792,1493 1839,1493 1886,1493 1933,1492 1980,1492 2027,1492 2074,1492 2121,1492 2168,1492 2215,1492 2262,1493 2309,1493 2357,1495"/>
                <TextEquiv>
                    <Unicode>schmerzlich stillen Harmonie verschmelzen. Aber</Unicode>
                </TextEquiv>
            </TextLine>
            <TextLine id="r1l7" custom="readingOrder {index:6;}">
                <Coords points="2378,1500 3308,1510 3338,1460 2378,1460"/>
                <Baseline points="2397,1495 2443,1495 2489,1496 2535,1496 2581,1497 2627,1497 2673,1497 2719,1497 2765,1497 2811,1497 2858,1497 2904,1497 2950,1497 2996,1497 3042,1497 3088,1497 3134,1497 3180,1498 3226,1499 3272,1499 3319,1501"/>
                <TextEquiv>
                    <Unicode>matt durchleuchtete Herbststimmung ist über das</Unicode>
                </TextEquiv>
            </TextLine>
            <TextLine id="r1l8" custom="readingOrder {index:7;}">
                <Coords points="1409,1532 2372,1543 2350,1499 1409,1499"/>
                <Baseline points="1426,1529 1472,1531 1518,1532 1565,1532 1611,1533 1658,1533 1704,1533 1751,1533 1797,1533 1844,1532 1890,1532 1936,1531 1983,1531 2029,1531 2076,1531 2122,1531 2169,1531 2215,1531 2262,1532 2308,1533 2355,1535"/>
                <TextEquiv>
                    <Unicode>nicht nur dies eine Motiv, sondern seine ganze</Unicode>
                </TextEquiv>
            </TextLine>
            <TextLine id="r1l9" custom="readingOrder {index:8;}">
                <Coords points="2370,1532 3340,1537 3340,1500 3297,1497 2370,1495"/>
                <Baseline points="2388,1532 2434,1534 2481,1535 2527,1535 2574,1536 2621,1536 2667,1536 2714,1536 2761,1535 2807,1535 2854,1535 2901,1534 2947,1534 2994,1534 3041,1534 3087,1534 3134,1535 3181,1535 3227,1536 3274,1538 3321,1539"/>
                <TextEquiv>
                    <Unicode>Ganze gebreitet, und die Tragik des Alters, die</Unicode>
                </TextEquiv>
            </TextLine>
            <TextLine id="r1l10" custom="readingOrder {index:9;}">
                <Coords points="561,1545 1321,1564 1322,1495 1137,1480 1029,1388 906,1359 862,1359 710,1488 561,1491"/>
                <Baseline points="578,1539 614,1539 650,1538 686,1538 723,1537 759,1537 795,1536 831,1536 868,1536 904,1536 940,1536 976,1536 1013,1537 1049,1537 1085,1538 1121,1538 1158,1539 1194,1540 1230,1541 1266,1542 1303,1544"/>
                <TextEquiv>
                    <Unicode>entein ir lerhertene</Unicode>
                </TextEquiv>
            </TextLine>
            <TextLine id="r1l11" custom="readingOrder {index:10;}">
                <Coords points="1410,1570 2124,1593 2192,1564 2229,1589 2366,1578 2366,1513 1787,1545 1410,1526"/>
                <Baseline points="1427,1568 1473,1570 1519,1571 1565,1572 1611,1573 1657,1573 1703,1574 1749,1574 1795,1573 1841,1573 1888,1573 1934,1572 1980,1572 2026,1571 2072,1571 2118,1571 2164,1571 2210,1572 2256,1573 2302,1574 2349,1575"/>
                <TextEquiv>
                    <Unicode>Lebenshaltung ist typisch österreichisch. Es ist</Unicode>
                </TextEquiv>
            </TextLine>
            <TextLine id="r1l12" custom="readingOrder {index:11;}">
                <Coords points="2377,1578 3344,1590 3344,1536 3257,1522 2377,1535"/>
                <Baseline points="2396,1573 2442,1574 2489,1575 2535,1576 2582,1576 2628,1576 2675,1577 2721,1577 2768,1577 2814,1576 2861,1576 2908,1576 2954,1576 3001,1576 3047,1576 3094,1575 3140,1576 3187,1576 3233,1576 3280,1577 3327,1577"/>
                <TextEquiv>
                    <Unicode>hier angeschlagen wird und bei Schnitzler immer</Unicode>
                </TextEquiv>
            </TextLine>
            <TextLine id="r1l13" custom="readingOrder {index:12;}">
                <Coords points="836,1601 865,1602 879,1617 886,1610 919,1614 959,1608 988,1613 989,1569 964,1569 949,1561 931,1564 917,1553 899,1556 892,1548 874,1555 859,1544 838,1543"/>
                <Baseline points="854,1597 883,1596 912,1597 941,1599 970,1599"/>
                <TextEquiv>
                    <Unicode>Von</Unicode>
                </TextEquiv>
            </TextLine>
            <TextLine id="r1l14" custom="readingOrder {index:13;}">
                <Coords points="353,1637 419,1640 445,1618 472,1626 510,1610 548,1623 585,1596 661,1590 682,1583 676,1540 616,1552 571,1543 543,1558 513,1547 459,1580 427,1558 405,1561 389,1578 346,1587"/>
                <Baseline points="369,1621 395,1619 422,1617 449,1614 475,1611 502,1607 529,1603 556,1599 582,1596 609,1592 636,1588 663,1584"/>
                <TextEquiv>
                    <Unicode> WLN</Unicode>
                </TextEquiv>
            </TextLine>
            <TextLine id="r1l15" custom="readingOrder {index:14;}">
                <Coords points="1412,1612 1542,1605 1604,1637 1676,1612 2364,1618 2364,1581 2295,1563 1412,1572"/>
                <Baseline points="1431,1608 1476,1610 1522,1610 1568,1611 1614,1612 1660,1613 1705,1613 1751,1613 1797,1613 1843,1613 1889,1613 1934,1613 1980,1613 2026,1612 2072,1612 2118,1611 2163,1611 2209,1610 2255,1609 2301,1608 2347,1607"/>
                <TextEquiv>
                    <Unicode>jenes Gehenlassen, das im Pestlied des „leben</Unicode>
                </TextEquiv>
            </TextLine>
            <TextLine id="r1l16" custom="readingOrder {index:15;}">
                <Coords points="2376,1617 2731,1615 2731,1583 2691,1575 2655,1589 2376,1573"/>
                <Baseline points="2392,1611 2418,1611 2445,1612 2472,1612 2499,1613 2526,1614 2553,1615 2579,1616 2606,1616 2633,1616 2660,1616 2687,1615 2714,1613"/>
                <TextEquiv>
                    <Unicode>wiederkehrt, ist</Unicode>
                </TextEquiv>
            </TextLine>
            <TextLine id="r1l17" custom="readingOrder {index:16;}">
                <Coords points="2711,1620 2816,1603 2960,1629 3069,1614 3102,1636 3120,1618 3344,1612 3344,1586 3236,1586 3203,1564 3116,1560 3066,1589 2711,1570"/>
                <Baseline points="2728,1612 2757,1613 2787,1614 2817,1614 2847,1615 2877,1615 2907,1615 2937,1616 2967,1616 2997,1616 3027,1616 3056,1616 3086,1616 3116,1615 3146,1615 3176,1615 3206,1615 3236,1615 3266,1616 3296,1616 3326,1616"/>
                <TextEquiv>
                    <Unicode>die eigentliche Tragik des</Unicode>
                </TextEquiv>
            </TextLine>
            <TextLine id="r1l18" custom="readingOrder {index:17;}">
                <Coords points="1411,1648 2378,1654 2378,1607 1411,1612"/>
                <Baseline points="1431,1647 1477,1648 1523,1648 1570,1649 1616,1649 1663,1649 1709,1650 1755,1650 1802,1650 1848,1650 1895,1651 1941,1651 1987,1651 2034,1651 2080,1651 2127,1651 2173,1651 2219,1650 2266,1650 2312,1650 2359,1650"/>
                <TextEquiv>
                    <Unicode>Augustin“ erklingt: „'s ist mir alles eins,“ es</Unicode>
                </TextEquiv>
            </TextLine>
            <TextLine id="r1l19" custom="readingOrder {index:18;}">
                <Coords points="2382,1653 3219,1645 3346,1674 3346,1612 3219,1601 3110,1626 2383,1617"/>
                <Baseline points="2400,1651 2446,1651 2492,1651 2538,1651 2585,1651 2631,1651 2677,1652 2724,1652 2770,1652 2816,1652 2863,1653 2909,1653 2955,1653 3001,1653 3048,1654 3094,1653 3140,1653 3187,1653 3233,1653 3279,1652 3326,1651"/>
                <TextEquiv>
                    <Unicode>impressionistischen Menschen, der stets die</Unicode>
                </TextEquiv>
            </TextLine>
            <TextLine id="r1l20" custom="readingOrder {index:19;}">
                <Coords points="654,1664 704,1645 744,1678 817,1659 871,1677 1132,1676 1132,1615 1084,1604 1052,1619 1016,1601 893,1619 838,1601 780,1623 748,1602 654,1606"/>
                <Baseline points="673,1658 698,1658 724,1659 750,1659 776,1659 802,1659 828,1660 854,1660 880,1660 906,1660 932,1660 958,1660 984,1660 1010,1659 1036,1658 1062,1657 1088,1657 1114,1655"/>
                <TextEquiv>
                    <Unicode>„Dr. Paul Landau.</Unicode>
                </TextEquiv>
            </TextLine>
            <TextLine id="r1l21" custom="readingOrder {index:20;}">
                <Coords points="497,1671 515,1672 522,1676 526,1673 558,1676 563,1625 541,1624 531,1615 523,1622 501,1620"/>
                <Baseline points="514,1670 540,1672"/>
                <TextEquiv>
                    <Unicode>1</Unicode>
                </TextEquiv>
            </TextLine>
            <TextLine id="r1l22" custom="readingOrder {index:21;}">
                <Coords points="1403,1688 2377,1700 2378,1664 1404,1641"/>
                <Baseline points="1421,1682 1470,1684 1519,1685 1569,1686 1618,1687 1668,1687 1717,1688 1766,1688 1816,1689 1865,1689 1915,1689 1964,1689 2014,1689 2063,1689 2112,1689 2162,1689 2211,1689 2261,1689 2310,1689 2360,1689"/>
                <TextEquiv>
                    <Unicode>ist das Genießen des Augenblicks, das nicht nach</Unicode>
                </TextEquiv>
            </TextLine>
            <TextLine id="r1l23" custom="readingOrder {index:22;}">
                <Coords points="2373,1697 3304,1706 3341,1666 2374,1654"/>
                <Baseline points="2393,1688 2439,1689 2486,1690 2532,1690 2579,1690 2625,1691 2672,1691 2718,1692 2765,1692 2811,1693 2858,1693 2904,1693 2951,1693 2997,1694 3044,1694 3090,1694 3137,1694 3183,1694 3230,1693 3276,1693 3323,1693"/>
                <TextEquiv>
                    <Unicode>Stunde genossen hat und sich nun einsam sieht</Unicode>
                </TextEquiv>
            </TextLine>
            <TextLine id="r1l24" custom="readingOrder {index:23;}">
                <Coords points="480,1716 1407,1725 1407,1678 1357,1664 480,1680"/>
                <Baseline points="499,1717 543,1717 587,1718 632,1718 676,1718 721,1718 765,1718 810,1718 854,1718 899,1718 943,1718 987,1718 1032,1718 1076,1718 1121,1718 1165,1717 1210,1717 1254,1717 1299,1717 1343,1716 1388,1716"/>
                <TextEquiv>
                    <Unicode>Arthus Schntzler wurde 60. Der Dichter der</Unicode>
                </TextEquiv>
            </TextLine>
            <TextLine id="r1l25" custom="readingOrder {index:24;}">
                <Coords points="1402,1725 2365,1741 2365,1698 1402,1681"/>
                <Baseline points="1422,1721 1468,1722 1514,1723 1561,1724 1607,1725 1653,1725 1700,1726 1746,1726 1792,1727 1839,1727 1885,1727 1931,1728 1978,1728 2024,1728 2070,1728 2117,1728 2163,1728 2209,1728 2256,1727 2302,1727 2349,1727"/>
                <TextEquiv>
                    <Unicode>dem Morgen fragt, wie es schon Abraham</Unicode>
                </TextEquiv>
            </TextLine>
            <TextLine id="r1l26" custom="readingOrder {index:25;}">
                <Coords points="2367,1728 3113,1753 3330,1736 3331,1693 2367,1699"/>
                <Baseline points="2385,1728 2431,1728 2477,1728 2524,1728 2570,1728 2617,1729 2663,1729 2710,1729 2756,1730 2803,1730 2849,1731 2895,1731 2942,1731 2988,1732 3035,1732 3081,1732 3128,1732 3174,1732 3221,1731 3267,1731 3314,1730"/>
                <TextEquiv>
                    <Unicode>mit den Schemen seiner Erinnerung. Die Wir¬</Unicode>
                </TextEquiv>
            </TextLine>
            <TextLine id="r1l27" custom="readingOrder {index:26;}">
                <Coords points="417,1761 1398,1763 1395,1715 649,1707 583,1732 417,1703"/>
                <Baseline points="436,1756 483,1757 530,1757 577,1757 624,1757 672,1758 719,1758 766,1758 813,1759 860,1759 908,1759 955,1759 1002,1759 1049,1759 1096,1759 1144,1759 1191,1759 1238,1759 1285,1758 1332,1758 1380,1757"/>
                <TextEquiv>
                    <Unicode>müden, übefreifen Jugend, der so früh die</Unicode>
                </TextEquiv>
            </TextLine>
            <TextLine id="r1l28" custom="readingOrder {index:27;}">
                <Coords points="1398,1770 2375,1770 2375,1727 1398,1722"/>
                <Baseline points="1417,1762 1466,1762 1515,1762 1565,1762 1614,1762 1664,1762 1713,1763 1762,1763 1812,1763 1861,1764 1911,1764 1960,1764 2010,1765 2059,1765 2108,1765 2158,1765 2207,1765 2257,1765 2306,1765 2356,1764"/>
                <TextEquiv>
                    <Unicode>a Santa Clara an seinen Wienern tadelte. Schnitz¬</Unicode>
                </TextEquiv>
            </TextLine>
            <TextLine id="r1l29" custom="readingOrder {index:28;}">
                <Coords points="2371,1774 3334,1787 3312,1736 2371,1730"/>
                <Baseline points="2389,1769 2435,1769 2481,1769 2527,1769 2574,1768 2620,1768 2666,1768 2713,1768 2759,1768 2805,1768 2852,1768 2898,1769 2944,1769 2990,1769 3037,1769 3083,1769 3129,1770 3176,1770 3222,1771 3268,1771 3315,1772"/>
                <TextEquiv>
                    <Unicode>rungen und Wandlungen der Seele, die „ein</Unicode>
                </TextEquiv>
            </TextLine>
            <TextLine id="r1l30" custom="readingOrder {index:29;}">
                <Coords points="422,1783 661,1813 1400,1804 1400,1760 1205,1749 422,1758"/>
                <Baseline points="440,1795 487,1796 534,1796 581,1797 628,1797 675,1798 722,1798 769,1798 816,1798 863,1798 910,1798 957,1798 1004,1798 1051,1798 1098,1798 1145,1798 1192,1798 1239,1798 1286,1799 1333,1799 1381,1800"/>
                <TextEquiv>
                    <Unicode>Tragik, des Alterns, den „einsamen Weg“ ins</Unicode>
                </TextEquiv>
            </TextLine>
            <TextLine id="r1l31" custom="readingOrder {index:30;}">
                <Coords points="1409,1809 2333,1816 2372,1809 2373,1776 1409,1769"/>
                <Baseline points="1426,1799 1472,1800 1518,1802 1565,1802 1611,1803 1658,1804 1704,1804 1751,1804 1797,1804 1844,1804 1890,1804 1936,1804 1983,1804 2029,1804 2076,1804 2122,1804 2169,1804 2215,1804 2262,1804 2308,1805 2355,1806"/>
                <TextEquiv>
                    <Unicode>ler ist ein geradezu fanatischer Verfechter des</Unicode>
                </TextEquiv>
            </TextLine>
            <TextLine id="r1l32" custom="readingOrder {index:31;}">
                <Coords points="2367,1804 3334,1809 3334,1783 3131,1764 2367,1771"/>
                <Baseline points="2385,1808 2431,1807 2478,1807 2524,1806 2571,1806 2617,1806 2664,1807 2710,1807 2757,1808 2803,1808 2850,1809 2897,1809 2943,1810 2990,1810 3036,1810 3083,1811 3129,1811 3176,1810 3222,1810 3269,1809 3316,1808"/>
                <TextEquiv>
                    <Unicode>weites Land“ ist, beschäftigen Schnitzler haupt¬</Unicode>
                </TextEquiv>
            </TextLine>
            <TextLine id="r1l33" custom="readingOrder {index:32;}">
                <Coords points="426,1836 1400,1837 1400,1801 1302,1786 426,1786"/>
                <Baseline points="444,1836 490,1836 537,1836 584,1836 631,1836 678,1836 725,1837 772,1837 819,1837 866,1837 913,1837 959,1837 1006,1837 1053,1837 1100,1837 1147,1837 1194,1837 1241,1837 1288,1837 1335,1836 1382,1836"/>
                <TextEquiv>
                    <Unicode>Leeregans Nichts geschildert, hat all die Emp¬</Unicode>
                </TextEquiv>
            </TextLine>
            <TextLine id="r1l34" custom="readingOrder {index:33;}">
                <Coords points="1407,1843 2367,1851 2367,1804 1407,1803"/>
                <Baseline points="1424,1839 1470,1839 1516,1840 1562,1841 1608,1842 1654,1842 1700,1843 1747,1843 1793,1843 1839,1844 1885,1844 1931,1844 1977,1844 2023,1844 2070,1844 2116,1844 2162,1844 2208,1844 2254,1844 2300,1844 2347,1843"/>
                <TextEquiv>
                    <Unicode>Glaubens, daß der Mensch nichts tun kann gegen</Unicode>
                </TextEquiv>
            </TextLine>
            <TextLine id="r1l35" custom="readingOrder {index:34;}">
                <Coords points="2367,1848 3298,1856 3327,1853 3327,1791 2881,1820 2367,1805"/>
                <Baseline points="2385,1847 2431,1847 2477,1846 2523,1846 2569,1846 2615,1846 2661,1846 2707,1846 2753,1846 2799,1846 2846,1846 2892,1846 2938,1846 2984,1847 3030,1847 3076,1847 3122,1847 3168,1847 3214,1847 3260,1846 3307,1846"/>
                <TextEquiv>
                    <Unicode>sächlich der als Arzt ein schakfer Beobachter ist</Unicode>
                </TextEquiv>
            </TextLine>
            <TextLine id="r1l36" custom="readingOrder {index:35;}">
                <Coords points="422,1880 1404,1884 1404,1830 422,1836"/>
                <Baseline points="439,1875 486,1875 533,1875 580,1875 628,1876 675,1876 722,1876 770,1876 817,1876 864,1876 912,1876 959,1876 1006,1876 1053,1876 1101,1876 1148,1876 1195,1876 1243,1876 1290,1876 1337,1876 1385,1875"/>
                <TextEquiv>
                    <Unicode>findungen und Erleonisse des absinkenden</Unicode>
                </TextEquiv>
            </TextLine>
            <TextLine id="r1l37" custom="readingOrder {index:36;}">
                <Coords points="1411,1882 2374,1892 2374,1848 2164,1832 1411,1845"/>
                <Baseline points="1430,1878 1476,1879 1522,1879 1568,1879 1615,1880 1661,1880 1707,1881 1753,1881 1800,1882 1846,1882 1892,1883 1938,1883 1985,1884 2031,1884 2077,1884 2123,1884 2170,1884 2216,1884 2262,1884 2308,1883 2355,1883"/>
                <TextEquiv>
                    <Unicode>sein Schicksal, daß er unfrei ist, eine Puppe in</Unicode>
                </TextEquiv>
            </TextLine>
            <TextLine id="r1l38" custom="readingOrder {index:37;}">
                <Coords points="2366,1888 3344,1909 3344,1844 3301,1833 3134,1859 2366,1845"/>
                <Baseline points="2383,1885 2430,1885 2477,1885 2524,1886 2571,1886 2618,1886 2665,1886 2713,1886 2760,1886 2807,1886 2854,1886 2901,1886 2948,1885 2995,1885 3043,1885 3090,1885 3137,1885 3184,1885 3231,1885 3278,1885 3326,1885"/>
                <TextEquiv>
                    <Unicode>und sich mit Psychologie nicht nur als Künstler</Unicode>
                </TextEquiv>
            </TextLine>
            <TextLine id="r1l39" custom="readingOrder {index:38;}">
                <Coords points="420,1920 1402,1925 1380,1878 420,1884"/>
                <Baseline points="440,1915 487,1915 534,1914 581,1914 628,1914 675,1913 722,1913 770,1913 817,1913 864,1913 911,1913 958,1914 1005,1914 1052,1914 1100,1914 1147,1915 1194,1915 1241,1915 1288,1915 1335,1916 1383,1916"/>
                <TextEquiv>
                    <Unicode>Lebens vorweg genommen, so daß er uns heut</Unicode>
                </TextEquiv>
            </TextLine>
            <TextLine id="r1l40" custom="readingOrder {index:39;}">
                <Coords points="1406,1921 2370,1926 2370,1889 2305,1882 1406,1881"/>
                <Baseline points="1424,1917 1470,1918 1516,1919 1563,1920 1609,1920 1655,1920 1702,1921 1748,1921 1794,1921 1841,1921 1887,1921 1933,1921 1980,1920 2026,1920 2072,1920 2119,1920 2165,1920 2211,1920 2258,1920 2304,1920 2351,1921"/>
                <TextEquiv>
                    <Unicode>der Hand eines unsichtbaren Drahtziehers. Es</Unicode>
                </TextEquiv>
            </TextLine>
            <TextLine id="r1l41" custom="readingOrder {index:40;}">
                <Coords points="2379,1931 3350,1918 3324,1882 2379,1888"/>
                <Baseline points="2398,1926 2444,1925 2491,1925 2538,1924 2584,1924 2631,1924 2678,1924 2724,1924 2771,1924 2818,1924 2865,1924 2911,1924 2958,1924 3005,1925 3051,1925 3098,1925 3145,1926 3191,1926 3238,1926 3285,1926 3332,1927"/>
                <TextEquiv>
                    <Unicode>sondern auch als Gelehrter beschäftigt hat. In</Unicode>
                </TextEquiv>
            </TextLine>
            <TextLine id="r1l42" custom="readingOrder {index:41;}">
                <Coords points="1405,1962 2379,1971 2379,1924 2321,1920 1405,1922"/>
                <Baseline points="1424,1957 1470,1957 1517,1958 1564,1958 1611,1958 1658,1959 1705,1959 1752,1959 1799,1959 1846,1960 1893,1960 1939,1960 1986,1960 2033,1960 2080,1960 2127,1959 2174,1959 2221,1959 2268,1959 2315,1959 2362,1959"/>
                <TextEquiv>
                    <Unicode>ist dies lustig=traurige Puppenspiel des Lebens,</Unicode>
                </TextEquiv>
            </TextLine>
            <TextLine id="r1l43" custom="readingOrder {index:42;}">
                <Coords points="2373,1964 3337,1972 3337,1925 3268,1914 2373,1928"/>
                <Baseline points="2393,1963 2439,1963 2485,1964 2531,1964 2578,1964 2624,1964 2670,1964 2716,1964 2763,1964 2809,1964 2855,1963 2901,1963 2948,1963 2994,1963 3040,1962 3086,1962 3133,1962 3179,1962 3225,1962 3271,1962 3318,1962"/>
                <TextEquiv>
                    <Unicode>einem eigenen Buch ist von Theodor Reik auf</Unicode>
                </TextEquiv>
            </TextLine>
            <TextLine id="r1l44" custom="readingOrder {index:43;}">
                <Coords points="429,1988 726,2013 1269,1980 1399,2009 1399,1878 429,1879"/>
                <Baseline points="445,1995 491,1994 538,1994 585,1993 632,1993 678,1993 725,1993 772,1993 819,1993 865,1993 912,1993 959,1993 1006,1993 1052,1993 1099,1993 1146,1993 1193,1994 1239,1993 1286,1993 1333,1993 1380,1993"/>
                <TextEquiv>
                    <Unicode>Sate ichter dercte Aelstlel l</Unicode>
                </TextEquiv>
            </TextLine>
            <TextLine id="r1l45" custom="readingOrder {index:44;}">
                <Coords points="1401,2001 1872,2013 1980,1988 2035,2018 2107,1989 2227,2018 2371,2004 2372,1972 1959,1945 1401,1965"/>
                <Baseline points="1418,1995 1464,1996 1511,1996 1558,1996 1605,1997 1652,1997 1699,1998 1745,1998 1792,1998 1839,1999 1886,1999 1933,1999 1980,1999 2027,2000 2073,2000 2120,2000 2167,1999 2214,1999 2261,1999 2308,1998 2355,1998"/>
                <TextEquiv>
                    <Unicode>das die Wiener Volksstücke mit unbewußter</Unicode>
                </TextEquiv>
            </TextLine>
            <TextLine id="r1l46" custom="readingOrder {index:45;}">
                <Coords points="2367,2009 3081,1993 3128,2026 3164,1997 3338,2002 3338,1966 3302,1958 2368,1958"/>
                <Baseline points="2387,1999 2433,2000 2480,2001 2526,2001 2573,2002 2620,2002 2666,2002 2713,2003 2759,2003 2806,2003 2853,2003 2899,2004 2946,2004 2992,2004 3039,2004 3086,2004 3132,2004 3179,2004 3225,2004 3272,2003 3319,2003"/>
                <TextEquiv>
                    <Unicode>die Beziehung unseres Dichters zu der Psycho¬</Unicode>
                </TextEquiv>
            </TextLine>
            <TextLine id="r1l47" custom="readingOrder {index:46;}">
                <Coords points="425,2041 1377,2039 1406,1978 425,1987"/>
                <Baseline points="442,2035 489,2034 536,2033 583,2033 631,2032 678,2032 725,2032 773,2032 820,2032 867,2032 915,2032 962,2032 1009,2032 1056,2032 1104,2032 1151,2032 1198,2032 1246,2032 1293,2031 1340,2031 1388,2030"/>
                <TextEquiv>
                    <Unicode>Werke hatten etwas Zeitloses, Unpersönliches.</Unicode>
                </TextEquiv>
            </TextLine>
            <TextLine id="r1l48" custom="readingOrder {index:47;}">
                <Coords points="1398,2041 2372,2046 2372,1981 2137,2013 1779,1984 1398,2005"/>
                <Baseline points="1416,2036 1462,2036 1509,2036 1556,2036 1603,2036 1650,2036 1697,2036 1744,2036 1791,2036 1838,2037 1885,2037 1931,2037 1978,2037 2025,2037 2072,2037 2119,2037 2166,2037 2213,2037 2260,2037 2307,2037 2354,2037"/>
                <TextEquiv>
                    <Unicode>Ironie darstellten, das bei ihm aber mit einem</Unicode>
                </TextEquiv>
            </TextLine>
            <TextLine id="r1l49" custom="readingOrder {index:48;}">
                <Coords points="2374,2048 3269,2056 3352,2041 3352,1998 2374,2008"/>
                <Baseline points="2394,2041 2441,2040 2488,2040 2535,2040 2582,2040 2629,2040 2676,2040 2723,2040 2770,2041 2817,2041 2864,2041 2911,2041 2958,2041 3005,2042 3052,2042 3099,2041 3146,2041 3193,2041 3240,2040 3287,2040 3334,2039"/>
                <TextEquiv>
                    <Unicode>analyse Freuds hingewiesen worden, der sein</Unicode>
                </TextEquiv>
            </TextLine>
            <TextLine id="r1l50" custom="readingOrder {index:49;}">
                <Coords points="422,2080 1382,2087 1407,2025 422,2030"/>
                <Baseline points="440,2071 487,2071 534,2072 582,2072 629,2072 677,2072 724,2072 771,2072 819,2072 866,2071 914,2071 961,2071 1008,2070 1056,2070 1103,2070 1151,2069 1198,2069 1245,2069 1293,2069 1340,2068 1388,2068"/>
                <TextEquiv>
                    <Unicode>Der unbestrittene Führer der „Wiener Schule",</Unicode>
                </TextEquiv>
            </TextLine>
            <TextLine id="r1l51" custom="readingOrder {index:50;}">
                <Coords points="1408,2083 2056,2094 2100,2065 2219,2098 2245,2073 2375,2085 2375,2030 1408,2036"/>
                <Baseline points="1426,2075 1472,2074 1519,2074 1565,2074 1612,2074 1658,2075 1705,2075 1751,2075 1798,2076 1844,2076 1891,2077 1937,2077 1984,2078 2030,2078 2077,2078 2123,2079 2170,2079 2216,2078 2263,2078 2309,2077 2356,2077"/>
                <TextEquiv>
                    <Unicode>skeptischen Künstlertum geschildert wird. Das</Unicode>
                </TextEquiv>
            </TextLine>
            <TextLine id="r1l52" custom="readingOrder {index:51;}">
                <Coords points="2380,2082 3133,2098 3166,2072 3310,2087 3350,2069 3350,2029 2380,2039"/>
                <Baseline points="2397,2079 2443,2079 2490,2079 2537,2079 2583,2079 2630,2079 2677,2079 2723,2079 2770,2079 2817,2079 2864,2079 2910,2080 2957,2080 3004,2080 3050,2080 3097,2080 3144,2080 3190,2080 3237,2080 3284,2080 3331,2079"/>
                <TextEquiv>
                    <Unicode>engster Wiener Landsmann ist und mit dem er</Unicode>
                </TextEquiv>
            </TextLine>
            <TextLine id="r1l53" custom="readingOrder {index:52;}">
                <Coords points="423,2113 1408,2110 1408,2081 1357,2071 423,2070"/>
                <Baseline points="441,2111 488,2111 536,2111 583,2111 631,2111 678,2111 726,2111 773,2111 821,2111 868,2111 916,2111 963,2111 1011,2110 1058,2110 1106,2110 1153,2110 1201,2109 1248,2109 1296,2109 1343,2108 1391,2107"/>
                <TextEquiv>
                    <Unicode>dieser Klassiker des Impressionismus steht heute,</Unicode>
                </TextEquiv>
            </TextLine>
            <TextLine id="r1l54" custom="readingOrder {index:53;}">
                <Coords points="1412,2117 2372,2119 2372,2079 2289,2061 1412,2074"/>
                <Baseline points="1429,2117 1475,2116 1521,2116 1567,2115 1614,2115 1660,2115 1706,2115 1752,2116 1799,2116 1845,2117 1891,2117 1937,2117 1984,2118 2030,2118 2076,2118 2122,2118 2169,2118 2215,2117 2261,2116 2307,2116 2354,2114"/>
                <TextEquiv>
                    <Unicode>Schicksal spielt mit uns, wir spielen unser</Unicode>
                </TextEquiv>
            </TextLine>
            <TextLine id="r1l55" custom="readingOrder {index:54;}">
                <Coords points="2373,2125 3310,2127 3343,2116 3343,2073 2373,2078"/>
                <Baseline points="2389,2118 2435,2118 2482,2118 2529,2118 2576,2118 2623,2118 2670,2118 2716,2119 2763,2119 2810,2119 2857,2119 2904,2119 2951,2120 2998,2120 3044,2120 3091,2120 3138,2120 3185,2119 3232,2119 3279,2118 3326,2117"/>
                <TextEquiv>
                    <Unicode>sich auch in seinen wissenschaftlichen Arbeiten</Unicode>
                </TextEquiv>
            </TextLine>
            <TextLine id="r1l56" custom="readingOrder {index:55;}">
                <Coords points="424,2157 1402,2148 1402,2119 1148,2098 424,2114"/>
                <Baseline points="441,2149 488,2149 535,2149 582,2149 629,2149 676,2149 723,2149 770,2149 817,2149 864,2149 912,2149 959,2149 1006,2149 1053,2148 1100,2148 1147,2148 1194,2148 1241,2148 1288,2148 1335,2147 1383,2147"/>
                <TextEquiv>
                    <Unicode>in den Tagen des „sterbenden Wien“, des sieg¬</Unicode>
                </TextEquiv>
            </TextLine>
            <TextLine id="r1l57" custom="readingOrder {index:56;}">
                <Coords points="1408,2157 2371,2159 2371,2119 2230,2112 1408,2118"/>
                <Baseline points="1425,2152 1471,2153 1517,2153 1564,2153 1610,2154 1657,2154 1703,2154 1749,2154 1796,2154 1842,2155 1889,2155 1935,2155 1981,2155 2028,2155 2074,2155 2121,2155 2167,2155 2213,2155 2260,2154 2306,2154 2353,2154"/>
                <TextEquiv>
                    <Unicode>Leben: „Es fließen ineinander Traum und</Unicode>
                </TextEquiv>
            </TextLine>
            <TextLine id="r1l58" custom="readingOrder {index:57;}">
                <Coords points="2375,2159 3284,2169 3338,2158 3338,2114 2375,2127"/>
                <Baseline points="2393,2157 2439,2157 2485,2157 2531,2157 2578,2157 2624,2157 2670,2158 2717,2158 2763,2158 2809,2158 2856,2159 2902,2159 2948,2159 2994,2159 3041,2159 3087,2159 3133,2159 3180,2159 3226,2158 3272,2158 3319,2157"/>
                <TextEquiv>
                    <Unicode>über Hypnose und Suggestion berührt. Schnitz¬</Unicode>
                </TextEquiv>
            </TextLine>
            <TextLine id="r1l59" custom="readingOrder {index:58;}">
                <Coords points="426,2183 1404,2193 1404,2146 1194,2135 977,2161 426,2150"/>
                <Baseline points="446,2190 493,2189 540,2189 587,2189 634,2189 681,2188 728,2188 775,2188 822,2188 869,2188 916,2188 963,2188 1010,2188 1057,2188 1104,2188 1151,2188 1198,2188 1245,2188 1292,2188 1339,2188 1386,2188"/>
                <TextEquiv>
                    <Unicode>haften Expressionismus, fremd in einer ihm</Unicode>
                </TextEquiv>
            </TextLine>
            <TextLine id="r1l60" custom="readingOrder {index:59;}">
                <Coords points="1398,2196 2325,2205 2380,2198 2380,2154 1398,2160"/>
                <Baseline points="1417,2190 1464,2191 1511,2192 1558,2193 1605,2193 1652,2194 1699,2194 1747,2195 1794,2195 1841,2195 1888,2195 1935,2195 1982,2195 2029,2195 2077,2195 2124,2195 2171,2194 2218,2194 2265,2193 2312,2192 2360,2191"/>
                <TextEquiv>
                    <Unicode>Wachen, Wahrheit und Lüge. Sicherheit ist</Unicode>
                </TextEquiv>
            </TextLine>
            <TextLine id="r1l61" custom="readingOrder {index:60;}">
                <Coords points="2367,2206 3345,2221 3345,2156 2368,2156"/>
                <Baseline points="2384,2195 2431,2195 2478,2195 2525,2195 2572,2195 2619,2196 2666,2196 2713,2196 2760,2197 2807,2197 2855,2197 2902,2197 2949,2197 2996,2197 3043,2197 3090,2197 3137,2197 3184,2196 3231,2195 3278,2194 3326,2193"/>
                <TextEquiv>
                    <Unicode>ler ist in seinen Dichtungen von verhältnis¬</Unicode>
                </TextEquiv>
            </TextLine>
            <TextLine id="r1l62" custom="readingOrder {index:61;}">
                <Coords points="424,2234 1406,2228 1405,2192 1290,2174 424,2183"/>
                <Baseline points="442,2228 489,2228 536,2227 583,2227 631,2227 678,2227 725,2226 773,2226 820,2226 867,2226 915,2226 962,2226 1009,2226 1056,2226 1104,2226 1151,2226 1198,2226 1246,2226 1293,2226 1340,2226 1388,2225"/>
                <TextEquiv>
                    <Unicode>fremden Welt. Er spielt noch die alten Melo¬</Unicode>
                </TextEquiv>
            </TextLine>
            <TextLine id="r1l63" custom="readingOrder {index:62;}">
                <Coords points="1409,2236 2365,2234 2365,2198 2289,2187 1409,2196"/>
                <Baseline points="1426,2230 1472,2231 1518,2231 1564,2232 1610,2232 1656,2233 1702,2233 1748,2233 1794,2233 1840,2233 1887,2233 1933,2232 1979,2232 2025,2232 2071,2232 2117,2231 2163,2231 2209,2231 2255,2230 2301,2230 2348,2230"/>
                <TextEquiv>
                    <Unicode>nirgends. Wir wissen nichts von andern, nichts</Unicode>
                </TextEquiv>
            </TextLine>
            <TextLine id="r1l64" custom="readingOrder {index:63;}">
                <Coords points="2376,2235 3336,2243 3310,2203 2376,2180"/>
                <Baseline points="2393,2233 2439,2233 2485,2233 2531,2233 2578,2233 2624,2234 2670,2234 2717,2234 2763,2235 2809,2235 2856,2235 2902,2236 2948,2236 2994,2236 3041,2236 3087,2236 3133,2237 3180,2237 3226,2236 3272,2236 3319,2236"/>
                <TextEquiv>
                    <Unicode>mäßig einfachen Gefühlen, auf denen sich sein</Unicode>
                </TextEquiv>
            </TextLine>
            <TextLine id="r1l65" custom="readingOrder {index:64;}">
                <Coords points="418,2266 1291,2282 1403,2267 1403,2227 418,2230"/>
                <Baseline points="435,2268 482,2268 530,2268 577,2268 625,2267 673,2267 720,2267 768,2267 815,2266 863,2266 911,2266 958,2265 1006,2265 1053,2265 1101,2265 1149,2265 1196,2265 1244,2266 1291,2266 1339,2267 1387,2268"/>
                <TextEquiv>
                    <Unicode>dien, die melancholischen Klänge eines raschen</Unicode>
                </TextEquiv>
            </TextLine>
            <TextLine id="r1l66" custom="readingOrder {index:65;}">
                <Coords points="1396,2272 2298,2283 2374,2265 2374,2228 1396,2240"/>
                <Baseline points="1416,2273 1463,2271 1510,2271 1557,2270 1604,2270 1651,2270 1698,2271 1745,2271 1792,2272 1839,2273 1886,2273 1933,2273 1980,2274 2027,2273 2074,2273 2121,2272 2168,2271 2215,2269 2262,2267 2309,2264 2356,2261"/>
                <TextEquiv>
                    <Unicode>von uns, wir spielen alle, wer es weiß, ist klug,“</Unicode>
                </TextEquiv>
            </TextLine>
            <TextLine id="r1l67" custom="readingOrder {index:66;}">
                <Coords points="2364,2271 3335,2278 3335,2231 2364,2232"/>
                <Baseline points="2383,2270 2429,2271 2476,2271 2523,2272 2570,2272 2616,2273 2663,2273 2710,2274 2757,2274 2803,2274 2850,2275 2897,2275 2944,2275 2990,2275 3037,2275 3084,2275 3131,2275 3177,2274 3224,2274 3271,2273 3318,2272"/>
                <TextEquiv>
                    <Unicode>bekanntes Drama „Liebelei“ aufbaute, zu immer</Unicode>
                </TextEquiv>
            </TextLine>
            <TextLine id="r1l68" custom="readingOrder {index:67;}">
                <Coords points="418,2309 1374,2312 1410,2305 1410,2258 418,2273"/>
                <Baseline points="436,2308 483,2307 531,2307 579,2307 627,2307 675,2306 722,2306 770,2306 818,2305 866,2305 914,2305 961,2304 1009,2304 1057,2304 1105,2304 1153,2304 1200,2304 1248,2304 1296,2304 1344,2305 1392,2305"/>
                <TextEquiv>
                    <Unicode>Lebensgenusses, einer bitteren Seligkeit, aber</Unicode>
                </TextEquiv>
            </TextLine>
            <TextLine id="r1l69" custom="readingOrder {index:68;}">
                <Coords points="1398,2320 2361,2321 2361,2263 1398,2269"/>
                <Baseline points="1417,2310 1463,2310 1509,2309 1556,2309 1602,2309 1649,2309 1695,2309 1741,2310 1788,2310 1834,2310 1881,2310 1927,2311 1973,2311 2020,2311 2066,2311 2113,2311 2159,2311 2205,2311 2252,2310 2298,2309 2345,2309"/>
                <TextEquiv>
                    <Unicode>heißt es in seinem tiessinnigen „Paracelsus“.</Unicode>
                </TextEquiv>
            </TextLine>
            <TextLine id="r1l70" custom="readingOrder {index:69;}">
                <Coords points="2364,2311 3335,2316 3335,2262 3291,2258 3132,2283 2364,2264"/>
                <Baseline points="2383,2310 2429,2310 2476,2311 2522,2311 2569,2312 2616,2312 2662,2313 2709,2313 2756,2314 2802,2314 2849,2315 2896,2315 2942,2315 2989,2315 3036,2315 3082,2314 3129,2314 3176,2313 3222,2312 3269,2310 3316,2309"/>
                <TextEquiv>
                    <Unicode>komplizierteren feelischen Beziehungen und</Unicode>
                </TextEquiv>
            </TextLine>
            <TextLine id="r1l71" custom="readingOrder {index:70;}">
                <Coords points="423,2342 1408,2357 1408,2299 1310,2292 423,2306"/>
                <Baseline points="441,2344 488,2344 535,2344 583,2344 630,2345 678,2345 725,2345 772,2345 820,2345 867,2345 915,2345 962,2344 1009,2344 1057,2344 1104,2344 1152,2343 1199,2343 1246,2343 1294,2342 1341,2342 1389,2341"/>
                <TextEquiv>
                    <Unicode>sie tönen etwas leer, leise, wie fernverweht.</Unicode>
                </TextEquiv>
            </TextLine>
            <TextLine id="r1l72" custom="readingOrder {index:71;}">
                <Coords points="1401,2356 2368,2361 2368,2314 2325,2310 1402,2323"/>
                <Baseline points="1420,2350 1466,2348 1513,2347 1559,2347 1606,2346 1652,2346 1699,2346 1745,2346 1792,2347 1838,2347 1885,2348 1932,2348 1978,2349 2025,2349 2071,2349 2118,2349 2164,2349 2211,2349 2257,2348 2304,2347 2351,2345"/>
                <TextEquiv>
                    <Unicode>„Das Leben — ein Traum,“ dies Grillparzer¬</Unicode>
                </TextEquiv>
            </TextLine>
            <TextLine id="r1l73" custom="readingOrder {index:72;}">
                <Coords points="2364,2354 3335,2367 3335,2313 3291,2298 2364,2311"/>
                <Baseline points="2384,2351 2430,2351 2477,2351 2523,2351 2570,2351 2617,2351 2663,2352 2710,2352 2756,2352 2803,2352 2850,2353 2896,2353 2943,2353 2989,2353 3036,2353 3083,2353 3129,2353 3176,2352 3222,2352 3269,2352 3316,2351"/>
                <TextEquiv>
                    <Unicode>Rätseln fortgeschritten, er dringt tief in die Welt</Unicode>
                </TextEquiv>
            </TextLine>
            <TextLine id="r1l74" custom="readingOrder {index:73;}">
                <Coords points="436,2383 1381,2388 1403,2330 436,2343"/>
                <Baseline points="453,2382 499,2382 546,2382 592,2382 639,2382 686,2382 732,2382 779,2383 825,2383 872,2383 919,2383 965,2383 1012,2383 1058,2383 1105,2383 1152,2383 1198,2383 1245,2383 1291,2383 1338,2382 1385,2382"/>
                <TextEquiv>
                    <Unicode>Schnitzler ist an seinem 60. Geburtstag schon</Unicode>
                </TextEquiv>
            </TextLine>
            <TextLine id="r1l75" custom="readingOrder {index:74;}">
                <Coords points="1399,2391 2304,2396 2373,2389 2373,2345 1399,2351"/>
                <Baseline points="1417,2387 1463,2387 1510,2387 1557,2387 1604,2387 1651,2387 1698,2387 1744,2387 1791,2387 1838,2387 1885,2387 1932,2387 1979,2387 2026,2387 2072,2387 2119,2387 2166,2386 2213,2386 2260,2385 2307,2385 2354,2384"/>
                <TextEquiv>
                    <Unicode>Motiv wird von Schnitzler in vielsachen Wand¬</Unicode>
                </TextEquiv>
            </TextLine>
            <TextLine id="r1l76" custom="readingOrder {index:75;}">
                <Coords points="2369,2393 3336,2403 3336,2338 3064,2366 2818,2337 2369,2350"/>
                <Baseline points="2385,2388 2431,2388 2478,2388 2524,2389 2571,2389 2618,2390 2664,2390 2711,2391 2757,2391 2804,2391 2851,2392 2897,2392 2944,2392 2990,2392 3037,2392 3084,2392 3130,2392 3177,2391 3223,2390 3270,2390 3317,2388"/>
                <TextEquiv>
                    <Unicode>des Unbewußten, der verdrängten Gefühle und</Unicode>
                </TextEquiv>
            </TextLine>
            <TextLine id="r1l77" custom="readingOrder {index:76;}">
                <Coords points="420,2435 1412,2436 1412,2382 1249,2368 912,2396 420,2373"/>
                <Baseline points="437,2422 484,2423 532,2423 580,2423 628,2423 676,2422 723,2422 771,2422 819,2421 867,2421 915,2420 962,2420 1010,2420 1058,2419 1106,2419 1154,2419 1201,2419 1249,2418 1297,2418 1345,2419 1393,2419"/>
                <TextEquiv>
                    <Unicode>historisch geworden und als den Vertreter einer</Unicode>
                </TextEquiv>
            </TextLine>
            <TextLine id="r1l78" custom="readingOrder {index:77;}">
                <Coords points="1396,2427 2261,2440 2373,2421 2373,2385 1396,2391"/>
                <Baseline points="1415,2424 1464,2425 1513,2425 1563,2426 1612,2426 1662,2426 1711,2426 1760,2426 1810,2426 1859,2426 1909,2425 1958,2425 2008,2425 2057,2424 2106,2424 2156,2424 2205,2424 2255,2424 2304,2424 2354,2424"/>
                <TextEquiv>
                    <Unicode>lungen und Spiegelungen aufgenommen, ebenso</Unicode>
                </TextEquiv>
            </TextLine>
            <TextLine id="r1l79" custom="readingOrder {index:78;}">
                <Coords points="2370,2432 2978,2446 3065,2417 3127,2449 3167,2424 3261,2446 3340,2413 3340,2373 2370,2399"/>
                <Baseline points="2388,2432 2434,2431 2481,2430 2528,2430 2575,2430 2622,2430 2668,2430 2715,2430 2762,2430 2809,2430 2856,2430 2902,2431 2949,2431 2996,2431 3043,2431 3090,2431 3136,2431 3183,2430 3230,2430 3277,2429 3324,2427"/>
                <TextEquiv>
                    <Unicode>gestaltet echt Freudsche Probleme wie in der</Unicode>
                </TextEquiv>
            </TextLine>
            <TextLine id="r1l80" custom="readingOrder {index:79;}">
                <Coords points="419,2471 1266,2454 1378,2486 1400,2421 418,2434"/>
                <Baseline points="438,2465 485,2465 532,2464 579,2464 626,2464 673,2463 720,2463 768,2463 815,2462 862,2462 909,2462 956,2461 1003,2461 1050,2461 1098,2460 1145,2460 1192,2460 1239,2460 1286,2459 1333,2459 1381,2459"/>
                <TextEquiv>
                    <Unicode>abgeschlossenen Epoche, als den Meister eines</Unicode>
                </TextEquiv>
            </TextLine>
            <TextLine id="r1l81" custom="readingOrder {index:80;}">
                <Coords points="1403,2471 2200,2486 2366,2468 2367,2428 1403,2431"/>
                <Baseline points="1422,2462 1468,2463 1514,2464 1561,2464 1607,2464 1653,2464 1700,2464 1746,2464 1792,2464 1839,2464 1885,2464 1931,2463 1978,2463 2024,2463 2070,2463 2117,2463 2163,2464 2209,2464 2256,2464 2302,2465 2349,2466"/>
                <TextEquiv>
                    <Unicode>wie die Verschmelzung von Liebe und Tod aus</Unicode>
                </TextEquiv>
            </TextLine>
            <TextLine id="r1l82" custom="readingOrder {index:81;}">
                <Coords points="2374,2475 3305,2475 3341,2414 2374,2435"/>
                <Baseline points="2394,2468 2440,2468 2487,2468 2533,2468 2580,2468 2626,2468 2673,2468 2719,2469 2766,2469 2812,2469 2859,2470 2905,2470 2952,2470 2998,2470 3045,2470 3091,2470 3138,2469 3184,2469 3231,2468 3277,2467 3324,2466"/>
                <TextEquiv>
                    <Unicode>Novelle „Frau Beate und ihr Sohn“. Aber so</Unicode>
                </TextEquiv>
            </TextLine>
            <TextLine id="r1l83" custom="readingOrder {index:82;}">
                <Coords points="427,2508 1325,2515 1325,2475 1267,2454 427,2468"/>
                <Baseline points="445,2501 488,2502 531,2502 574,2503 617,2503 660,2503 703,2503 746,2502 789,2502 832,2501 876,2501 919,2500 962,2500 1005,2499 1048,2499 1091,2499 1134,2499 1177,2499 1220,2500 1263,2501 1307,2502"/>
                <TextEquiv>
                    <Unicode>vollendeten Stils dürfen wir ihn würdigen.</Unicode>
                </TextEquiv>
            </TextLine>
            <TextLine id="r1l84" custom="readingOrder {index:83;}">
                <Coords points="1401,2511 2270,2521 2368,2510 2368,2467 1401,2472"/>
                <Baseline points="1420,2506 1466,2505 1512,2505 1559,2505 1605,2504 1652,2504 1698,2504 1745,2504 1791,2504 1838,2504 1884,2504 1930,2504 1977,2504 2023,2504 2070,2504 2116,2504 2163,2504 2209,2504 2256,2504 2302,2504 2349,2503"/>
                <TextEquiv>
                    <Unicode>„Des Meeres und der Liebe Wellen“. Kunst</Unicode>
                </TextEquiv>
            </TextLine>
            <TextLine id="r1l85" custom="readingOrder {index:84;}">
                <Coords points="2380,2509 3224,2525 3340,2507 3340,2457 2380,2472"/>
                <Baseline points="2398,2508 2444,2507 2490,2506 2536,2506 2582,2506 2629,2506 2675,2506 2721,2507 2767,2507 2813,2508 2860,2508 2906,2509 2952,2509 2998,2510 3044,2510 3091,2510 3137,2509 3183,2509 3229,2508 3275,2506 3322,2505"/>
                <TextEquiv>
                    <Unicode>wichtig diese tief bohrende und zergliedeende</Unicode>
                </TextEquiv>
            </TextLine>
            <TextLine id="r1l86" custom="readingOrder {index:85;}">
                <Coords points="1400,2547 2302,2553 2371,2543 2371,2506 1400,2511"/>
                <Baseline points="1419,2544 1465,2543 1512,2543 1558,2543 1605,2542 1652,2542 1698,2542 1745,2542 1791,2543 1838,2543 1885,2543 1931,2543 1978,2544 2024,2544 2071,2544 2118,2545 2164,2545 2211,2545 2257,2545 2304,2545 2351,2545"/>
                <TextEquiv>
                    <Unicode>und Natur gehen ineinander über, und das</Unicode>
                </TextEquiv>
            </TextLine>
            <TextLine id="r1l87" custom="readingOrder {index:86;}">
                <Coords points="2369,2547 3333,2556 3333,2505 2370,2500"/>
                <Baseline points="2386,2545 2432,2544 2478,2544 2525,2544 2571,2545 2618,2545 2664,2546 2711,2546 2757,2547 2804,2547 2850,2548 2896,2549 2943,2549 2989,2549 3036,2549 3082,2549 3129,2549 3175,2549 3222,2548 3268,2547 3315,2545"/>
                <TextEquiv>
                    <Unicode>Analyse für seine Kunst ist, so derf man sein</Unicode>
                </TextEquiv>
            </TextLine>
            <TextLine id="r1l88" custom="readingOrder {index:87;}">
                <Coords points="477,2556 832,2577 1299,2541 1400,2566 1400,2508 1321,2501 1089,2527 477,2513"/>
                <Baseline points="495,2552 539,2553 583,2554 628,2554 672,2555 716,2555 761,2556 805,2556 849,2556 894,2556 938,2556 982,2556 1027,2556 1071,2555 1115,2555 1160,2555 1204,2554 1248,2554 1293,2553 1337,2552 1382,2552"/>
                <TextEquiv>
                    <Unicode>Die Wiener Dichtung wird stets in der</Unicode>
                </TextEquiv>
            </TextLine>
            <TextLine id="r1l89" custom="readingOrder {index:88;}">
                <Coords points="1406,2585 2275,2580 2376,2606 2377,2544 1406,2542"/>
                <Baseline points="1425,2581 1471,2581 1518,2581 1565,2581 1612,2582 1658,2582 1705,2582 1752,2582 1799,2583 1845,2583 1892,2583 1939,2583 1986,2583 2032,2583 2079,2583 2126,2583 2173,2583 2219,2583 2266,2583 2313,2583 2360,2583"/>
                <TextEquiv>
                    <Unicode>Leben in der Phantasie ist oft wirklicher als das</Unicode>
                </TextEquiv>
            </TextLine>
            <TextLine id="r1l90" custom="readingOrder {index:89;}">
                <Coords points="2373,2590 3343,2607 3344,2531 3141,2558 2373,2532"/>
                <Baseline points="2390,2581 2436,2581 2483,2581 2530,2582 2577,2582 2624,2584 2670,2584 2717,2585 2764,2586 2811,2587 2858,2588 2904,2589 2951,2589 2998,2590 3045,2590 3092,2590 3138,2589 3185,2589 3232,2588 3279,2587 3326,2585"/>
                <TextEquiv>
                    <Unicode>Werk doch nicht, wie es Reik getan hat, einseitig</Unicode>
                </TextEquiv>
            </TextLine>
            <TextLine id="r1l91" custom="readingOrder {index:90;}">
                <Coords points="419,2604 1400,2597 1375,2543 795,2571 419,2542"/>
                <Baseline points="436,2591 483,2592 530,2592 577,2593 625,2594 672,2594 719,2594 767,2595 814,2595 861,2595 909,2595 956,2594 1003,2594 1050,2594 1098,2594 1145,2594 1192,2593 1240,2593 1287,2593 1334,2593 1382,2593"/>
                <TextEquiv>
                    <Unicode>Literaturgeschichte des letzten Vierreljahr¬</Unicode>
                </TextEquiv>
            </TextLine>
            <TextLine id="r1l92" custom="readingOrder {index:91;}">
                <Coords points="1405,2621 2368,2628 2368,2581 1405,2584"/>
                <Baseline points="1423,2619 1469,2619 1515,2619 1561,2619 1608,2619 1654,2619 1700,2620 1747,2620 1793,2621 1839,2621 1886,2622 1932,2622 1978,2623 2024,2623 2071,2623 2117,2623 2163,2623 2210,2622 2256,2622 2302,2621 2349,2619"/>
                <TextEquiv>
                    <Unicode>reale Leben. Daher seine Verehrung, ja über¬</Unicode>
                </TextEquiv>
            </TextLine>
            <TextLine id="r1l93" custom="readingOrder {index:92;}">
                <Coords points="2370,2630 3333,2643 3333,2585 3297,2574 2370,2586"/>
                <Baseline points="2389,2622 2435,2621 2481,2621 2527,2622 2574,2622 2620,2623 2666,2623 2712,2624 2759,2624 2805,2625 2851,2626 2897,2626 2944,2627 2990,2627 3036,2627 3082,2627 3129,2627 3175,2627 3221,2626 3267,2625 3314,2623"/>
                <TextEquiv>
                    <Unicode>an der Freudschen Methode messen, sondern</Unicode>
                </TextEquiv>
            </TextLine>
            <TextLine id="r1l94" custom="readingOrder {index:93;}">
                <Coords points="417,2630 1398,2642 1398,2598 1170,2583 417,2597"/>
                <Baseline points="436,2634 483,2633 530,2633 577,2632 624,2632 672,2632 719,2632 766,2632 813,2632 860,2632 908,2632 955,2632 1002,2632 1049,2632 1096,2633 1144,2633 1191,2633 1238,2633 1285,2634 1332,2634 1380,2634"/>
                <TextEquiv>
                    <Unicode>hunderts eine bebeutende Stelle einehmen, sie</Unicode>
                </TextEquiv>
            </TextLine>
            <TextLine id="r1l95" custom="readingOrder {index:94;}">
                <Coords points="1413,2662 2369,2675 2369,2620 1413,2622"/>
                <Baseline points="1432,2660 1480,2659 1528,2659 1577,2658 1625,2658 1673,2658 1722,2658 1770,2659 1818,2659 1867,2660 1915,2660 1964,2661 2012,2661 2060,2662 2109,2662 2157,2661 2205,2661 2254,2660 2302,2659 2351,2657"/>
                <TextEquiv>
                    <Unicode>schätzung des Künstlers, sein Asthetentum, da¬</Unicode>
                </TextEquiv>
            </TextLine>
            <TextLine id="r1l96" custom="readingOrder {index:95;}">
                <Coords points="2370,2667 3333,2664 3333,2625 2370,2624"/>
                <Baseline points="2387,2662 2433,2663 2479,2663 2526,2664 2572,2664 2619,2664 2665,2665 2711,2665 2758,2665 2804,2665 2851,2666 2897,2666 2943,2666 2990,2665 3036,2665 3083,2665 3129,2665 3175,2664 3222,2664 3268,2663 3315,2663"/>
                <TextEquiv>
                    <Unicode>muß betrachten, was er aus diesem reichen</Unicode>
                </TextEquiv>
            </TextLine>
            <TextLine id="r1l97" custom="readingOrder {index:96;}">
                <Coords points="486,2661 1413,2679 1413,2614 794,2647 486,2622"/>
                <Baseline points="505,2673 549,2672 594,2672 638,2671 683,2671 727,2671 772,2672 816,2672 861,2672 905,2672 950,2673 995,2673 1039,2673 1084,2673 1128,2673 1173,2673 1217,2673 1262,2672 1306,2671 1351,2670 1396,2669"/>
                <TextEquiv>
                    <Unicode>ja nicht nur mit den Schlagworten vom</Unicode>
                </TextEquiv>
            </TextLine>
            <TextLine id="r1l98" custom="readingOrder {index:97;}">
                <Coords points="1403,2705 2373,2700 2373,2667 2275,2656 1403,2658"/>
                <Baseline points="1420,2698 1466,2697 1513,2697 1560,2696 1606,2696 1653,2697 1700,2697 1746,2697 1793,2698 1840,2698 1887,2699 1933,2699 1980,2699 2027,2700 2073,2700 2120,2700 2167,2699 2213,2699 2260,2698 2307,2697 2354,2695"/>
                <TextEquiv>
                    <Unicode>her aber auch die Inbrunst, mit der das For¬</Unicode>
                </TextEquiv>
            </TextLine>
            <TextLine id="r1l99" custom="readingOrder {index:98;}">
                <Coords points="2364,2718 3222,2703 3334,2733 3335,2679 2364,2656"/>
                <Baseline points="2381,2700 2427,2700 2474,2700 2521,2701 2567,2701 2614,2701 2661,2702 2707,2702 2754,2703 2801,2703 2848,2703 2894,2704 2941,2704 2988,2705 3034,2705 3081,2706 3128,2706 3174,2706 3221,2706 3268,2707 3315,2707"/>
                <TextEquiv>
                    <Unicode>psychologischen Material lebendig gestaltet hat.</Unicode>
                </TextEquiv>
            </TextLine>
            <TextLine id="r1l100" custom="readingOrder {index:99;}">
                <Coords points="419,2713 1401,2718 1401,2664 1332,2656 1042,2685 420,2655"/>
                <Baseline points="437,2711 484,2710 531,2709 578,2709 625,2709 673,2709 720,2709 767,2710 814,2710 861,2711 909,2711 956,2712 1003,2713 1050,2713 1097,2713 1145,2713 1192,2712 1239,2711 1286,2710 1333,2708 1381,2706"/>
                <TextEquiv>
                    <Unicode>„Wiener Walzer“ und „süßen Mädels“ zu er¬</Unicode>
                </TextEquiv>
            </TextLine>
            <TextLine id="r1l101" custom="readingOrder {index:100;}">
                <Coords points="1414,2737 2370,2750 2370,2692 1765,2713 1414,2686"/>
                <Baseline points="1430,2735 1476,2735 1522,2736 1568,2736 1614,2736 1660,2737 1706,2737 1752,2738 1798,2738 1844,2738 1891,2739 1937,2739 1983,2739 2029,2739 2075,2739 2121,2739 2167,2738 2213,2738 2259,2737 2305,2736 2352,2735"/>
                <TextEquiv>
                    <Unicode>male gegeben ist. In der Feinheit und Grazie</Unicode>
                </TextEquiv>
            </TextLine>
            <TextLine id="r1l102" custom="readingOrder {index:101;}">
                <Coords points="419,2766 1361,2758 1404,2747 1404,2711 419,2716"/>
                <Baseline points="437,2754 484,2753 531,2751 579,2750 626,2749 674,2749 721,2749 769,2749 816,2750 864,2750 911,2750 958,2751 1006,2751 1053,2752 1101,2752 1148,2752 1196,2751 1243,2751 1291,2750 1338,2748 1386,2747"/>
                <TextEquiv>
                    <Unicode>schöpfen, sondern sie hat dem trüben und sach¬</Unicode>
                </TextEquiv>
            </TextLine>
            <TextLine id="r1l103" custom="readingOrder {index:102;}">
                <Coords points="2431,2762 3137,2777 3329,2764 3330,2728 3225,2705 2432,2712"/>
                <Baseline points="2449,2754 2492,2754 2535,2754 2578,2754 2621,2754 2664,2755 2707,2755 2750,2755 2793,2756 2836,2756 2880,2757 2923,2757 2966,2758 3009,2759 3052,2759 3095,2760 3138,2760 3181,2760 3224,2761 3267,2761 3311,2761"/>
                <TextEquiv>
                    <Unicode>Man hat Schnitzler oft vorgeworfen, daß</Unicode>
                </TextEquiv>
            </TextLine>
            <TextLine id="r1l104" custom="readingOrder {index:103;}">
                <Coords points="1407,2777 2370,2785 2370,2741 2305,2737 1407,2737"/>
                <Baseline points="1426,2776 1472,2775 1518,2775 1564,2775 1611,2775 1657,2775 1703,2775 1750,2776 1796,2776 1842,2777 1889,2777 1935,2777 1981,2778 2027,2778 2074,2778 2120,2779 2166,2779 2213,2778 2259,2778 2305,2778 2352,2777"/>
                <TextEquiv>
                    <Unicode>seines Stils folgt Schnitzler ebenfalls den besten</Unicode>
                </TextEquiv>
            </TextLine>
            <TextLine id="r1l105" custom="readingOrder {index:104;}">
                <Coords points="424,2799 1301,2803 1409,2788 1409,2759 642,2738 424,2763"/>
                <Baseline points="442,2792 489,2791 536,2790 584,2789 631,2788 679,2788 726,2788 773,2788 821,2788 868,2788 916,2788 963,2789 1010,2789 1058,2789 1105,2789 1153,2790 1200,2790 1247,2790 1295,2789 1342,2789 1390,2788"/>
                <TextEquiv>
                    <Unicode>lichen norddeutschen Naturalismus erst Anmut</Unicode>
                </TextEquiv>
            </TextLine>
            <TextLine id="r1l106" custom="readingOrder {index:105;}">
                <Coords points="2366,2798 3311,2811 3337,2760 2366,2740"/>
                <Baseline points="2384,2791 2430,2792 2477,2793 2524,2795 2571,2796 2618,2797 2664,2798 2711,2798 2758,2799 2805,2800 2852,2800 2898,2801 2945,2801 2992,2801 3039,2801 3086,2801 3132,2801 3179,2801 3226,2801 3273,2801 3320,2801"/>
                <TextEquiv>
                    <Unicode>seine Welt und seine Stoffe zu eng begrenzt</Unicode>
                </TextEquiv>
            </TextLine>
            <TextLine id="r1l107" custom="readingOrder {index:106;}">
                <Coords points="1398,2817 2369,2822 2369,2775 2337,2767 1399,2777"/>
                <Baseline points="1416,2816 1462,2815 1509,2814 1556,2814 1603,2814 1650,2814 1696,2814 1743,2814 1790,2815 1837,2816 1884,2816 1930,2817 1977,2817 2024,2818 2071,2818 2118,2818 2164,2818 2211,2818 2258,2818 2305,2817 2352,2816"/>
                <TextEquiv>
                    <Unicode>heimischen Mustern, und manches aus seiner</Unicode>
                </TextEquiv>
            </TextLine>
            <TextLine id="r1l108" custom="readingOrder {index:107;}">
                <Coords points="428,2834 1221,2841 1398,2826 1398,2797 428,2798"/>
                <Baseline points="446,2832 492,2830 539,2829 586,2829 633,2828 680,2828 726,2827 773,2827 820,2827 867,2827 914,2827 960,2827 1007,2827 1054,2828 1101,2828 1148,2827 1194,2827 1241,2827 1288,2826 1335,2825 1382,2824"/>
                <TextEquiv>
                    <Unicode>verliehen, Weichheit, Feinheit, Musik. Und der</Unicode>
                </TextEquiv>
            </TextLine>
            <TextLine id="r1l109" custom="readingOrder {index:108;}">
                <Coords points="2376,2837 2720,2849 2760,2831 2825,2853 2868,2828 2959,2836 2959,2800 2897,2785 2521,2808 2376,2797"/>
                <Baseline points="2394,2832 2421,2834 2448,2835 2475,2835 2503,2836 2530,2837 2557,2837 2585,2837 2612,2837 2639,2837 2667,2837 2694,2837 2721,2837 2748,2837 2776,2837 2803,2837 2830,2837 2858,2837 2885,2837 2912,2837 2940,2838"/>
                <TextEquiv>
                    <Unicode>seien. Tatsächlich sind es</Unicode>
                </TextEquiv>
            </TextLine>
            <TextLine id="r1l110" custom="readingOrder {index:109;}">
                <Coords points="2941,2835 3049,2838 3075,2860 3104,2838 3151,2848 3162,2837 3299,2841 3336,2858 3335,2801 3314,2797 3288,2808 2941,2802"/>
                <Baseline points="2959,2840 2984,2841 3010,2841 3036,2842 3061,2842 3087,2842 3113,2843 3139,2843 3164,2842 3190,2842 3216,2842 3241,2841 3267,2840 3293,2840 3319,2838"/>
                <TextEquiv>
                    <Unicode>nur ganz wenige</Unicode>
                </TextEquiv>
            </TextLine>
            <TextLine id="r1l111" custom="readingOrder {index:110;}">
                <Coords points="1398,2853 2369,2870 2369,2816 2318,2805 1398,2813"/>
                <Baseline points="1416,2854 1462,2854 1509,2853 1556,2853 1603,2853 1650,2853 1696,2853 1743,2853 1790,2854 1837,2854 1884,2854 1930,2854 1977,2854 2024,2854 2071,2854 2118,2855 2164,2855 2211,2855 2258,2855 2305,2855 2352,2855"/>
                <TextEquiv>
                    <Unicode>letzten Prosa gemahnt an Stisters Erzähler¬</Unicode>
                </TextEquiv>
            </TextLine>
            <TextLine id="r1l112" custom="readingOrder {index:111;}">
                <Coords points="426,2870 1396,2876 1374,2822 426,2830"/>
                <Baseline points="445,2869 491,2869 538,2868 585,2868 632,2868 678,2867 725,2867 772,2867 819,2866 865,2866 912,2866 959,2866 1006,2866 1052,2865 1099,2865 1146,2865 1193,2865 1239,2865 1286,2865 1333,2865 1380,2865"/>
                <TextEquiv>
                    <Unicode>bezeichnende Künstler dieser „Wiener Schule“</Unicode>
                </TextEquiv>
            </TextLine>
            <TextLine id="r1l113" custom="readingOrder {index:112;}">
                <Coords points="2376,2877 3339,2887 3339,2836 2376,2838"/>
                <Baseline points="2394,2875 2440,2875 2486,2875 2532,2875 2579,2875 2625,2875 2671,2876 2718,2876 2764,2876 2810,2876 2857,2877 2903,2877 2949,2877 2995,2877 3042,2877 3088,2877 3134,2877 3181,2877 3227,2877 3273,2876 3320,2876"/>
                <TextEquiv>
                    <Unicode>Motive, Figuren und Situationen, die sich bei</Unicode>
                </TextEquiv>
            </TextLine>
            <TextLine id="r1l114" custom="readingOrder {index:113;}">
                <Coords points="1394,2913 1455,2915 1510,2903 1524,2914 1550,2915 1552,2854 1504,2859 1476,2855 1465,2843 1432,2853 1396,2852"/>
                <Baseline points="1414,2889 1444,2889 1474,2890 1504,2891 1534,2893"/>
                <TextEquiv>
                    <Unicode>kunst.</Unicode>
                </TextEquiv>
            </TextLine>
            <TextLine id="r1l115" custom="readingOrder {index:114;}">
                <Coords points="420,2912 1405,2916 1405,2861 1332,2851 420,2865"/>
                <Baseline points="438,2909 485,2908 532,2908 580,2907 627,2907 675,2906 722,2906 769,2906 817,2906 864,2905 912,2905 959,2905 1006,2905 1054,2905 1101,2904 1149,2904 1196,2903 1243,2902 1291,2902 1338,2901 1386,2900"/>
                <TextEquiv>
                    <Unicode>schlechthin ist Schnitzler, nicht etwa Hofmanns¬</Unicode>
                </TextEquiv>
            </TextLine>
            <TextLine id="r1l116" custom="readingOrder {index:115;}">
                <Coords points="2378,2912 3334,2918 3334,2867 2378,2869"/>
                <Baseline points="2395,2913 2441,2913 2487,2913 2533,2914 2579,2914 2625,2915 2671,2915 2717,2915 2763,2916 2809,2916 2855,2916 2901,2916 2947,2916 2993,2916 3039,2916 3085,2916 3131,2916 3177,2915 3223,2915 3269,2914 3316,2913"/>
                <TextEquiv>
                    <Unicode>ihm in feinen Variationen stets wiederholen.</Unicode>
                </TextEquiv>
            </TextLine>
            <TextLine id="r1l117" custom="readingOrder {index:116;}">
                <Coords points="427,2952 1376,2954 1405,2946 1405,2885 427,2913"/>
                <Baseline points="444,2950 491,2948 538,2946 585,2945 632,2945 680,2944 727,2944 774,2944 821,2943 868,2943 916,2944 963,2944 1010,2944 1057,2944 1104,2944 1152,2943 1199,2943 1246,2942 1293,2942 1340,2940 1388,2939"/>
                <TextEquiv>
                    <Unicode>thal, der viel internationaler ist und mit seinem</Unicode>
                </TextEquiv>
            </TextLine>
            <TextLine id="r1l118" custom="readingOrder {index:117;}">
                <Coords points="1454,2950 2374,2950 2374,2914 2331,2895 1454,2911"/>
                <Baseline points="1473,2947 1517,2946 1561,2946 1605,2946 1649,2946 1693,2947 1737,2948 1781,2948 1825,2949 1869,2950 1913,2950 1957,2951 2001,2952 2045,2952 2089,2953 2133,2954 2177,2954 2221,2954 2265,2954 2309,2954 2354,2953"/>
                <TextEquiv>
                    <Unicode>Aus seinem Wienertum heraus wurde der</Unicode>
                </TextEquiv>
            </TextLine>
            <TextLine id="r1l119" custom="readingOrder {index:118;}">
                <Coords points="2376,2953 3093,2970 3205,2945 3339,2974 3339,2913 3303,2898 2376,2913"/>
                <Baseline points="2394,2951 2440,2951 2486,2951 2532,2951 2579,2951 2625,2951 2671,2951 2718,2951 2764,2951 2810,2951 2857,2951 2903,2951 2949,2952 2995,2952 3042,2952 3088,2952 3134,2953 3181,2953 3227,2954 3273,2954 3320,2955"/>
                <TextEquiv>
                    <Unicode>Da ist die Stellung des Mannes zwischen zwei</Unicode>
                </TextEquiv>
            </TextLine>
            <TextLine id="r1l120" custom="readingOrder {index:119;}">
                <Coords points="425,2995 1301,2996 1402,2988 1402,2930 424,2952"/>
                <Baseline points="441,2989 488,2988 535,2987 582,2986 629,2985 676,2984 723,2984 770,2983 817,2983 864,2983 912,2982 959,2982 1006,2982 1053,2982 1100,2982 1147,2981 1194,2981 1241,2981 1288,2981 1335,2981 1383,2981"/>
                <TextEquiv>
                    <Unicode>fabelhaften Formtalent die verschiedenartigsten</Unicode>
                </TextEquiv>
            </TextLine>
            <TextLine id="r1l121" custom="readingOrder {index:120;}">
                <Coords points="2365,2992 3336,3003 3336,2948 2365,2952"/>
                <Baseline points="2385,2991 2431,2990 2478,2989 2525,2989 2571,2989 2618,2989 2665,2989 2711,2989 2758,2990 2805,2990 2852,2991 2898,2991 2945,2992 2992,2992 3038,2993 3085,2993 3132,2993 3178,2992 3225,2992 3272,2990 3319,2989"/>
                <TextEquiv>
                    <Unicode>Frauen, dem „süßen Madel“ und der verheirate¬</Unicode>
                </TextEquiv>
            </TextLine>
            <TextLine id="r1l122" custom="readingOrder {index:121;}">
                <Coords points="1407,2990 2370,2994 2370,2950 1407,2935"/>
                <Baseline points="1426,2985 1472,2986 1518,2987 1564,2988 1611,2988 1657,2989 1703,2990 1750,2991 1796,2992 1842,2993 1889,2994 1935,2994 1981,2995 2027,2996 2074,2996 2120,2996 2166,2996 2213,2996 2259,2995 2305,2994 2352,2993"/>
                <TextEquiv>
                    <Unicode>Dichter zu dem bezeichnendsten Vertreter des</Unicode>
                </TextEquiv>
            </TextLine>
            <TextLine id="r1l123" custom="readingOrder {index:122;}">
                <Coords points="425,3025 1185,3039 1399,3027 1399,2984 425,3000"/>
                <Baseline points="442,3028 489,3027 536,3026 583,3025 630,3024 677,3023 724,3023 771,3022 818,3022 865,3022 912,3022 959,3022 1006,3022 1053,3022 1100,3022 1147,3022 1194,3022 1241,3022 1288,3022 1335,3021 1382,3021"/>
                <TextEquiv>
                    <Unicode>Stile neu zu beleben weiß. In Schnitzler findet</Unicode>
                </TextEquiv>
            </TextLine>
            <TextLine id="r1l124" custom="readingOrder {index:123;}">
                <Coords points="2364,3035 3327,3043 3327,2989 2364,2992"/>
                <Baseline points="2383,3028 2429,3029 2475,3030 2522,3030 2568,3030 2614,3031 2661,3031 2707,3031 2753,3031 2800,3031 2846,3031 2892,3031 2939,3031 2985,3031 3031,3030 3078,3030 3124,3030 3170,3030 3217,3030 3263,3030 3310,3030"/>
                <TextEquiv>
                    <Unicode>ten Dame da ist das „dreieckige“ Verhältnis in</Unicode>
                </TextEquiv>
            </TextLine>
            <TextLine id="r1l125" custom="readingOrder {index:124;}">
                <Coords points="1403,3029 2355,3045 2378,2984 1403,2990"/>
                <Baseline points="1422,3026 1468,3027 1515,3027 1562,3027 1609,3028 1656,3029 1702,3029 1749,3030 1796,3031 1843,3031 1890,3032 1936,3032 1983,3033 2030,3033 2077,3034 2124,3034 2170,3034 2217,3034 2264,3034 2311,3033 2358,3032"/>
                <TextEquiv>
                    <Unicode>Impressionismus. Da er nur die Empfindung</Unicode>
                </TextEquiv>
            </TextLine>
            <TextLine id="r1l126" custom="readingOrder {index:125;}">
                <Coords points="425,3069 1406,3075 1406,3017 424,3025"/>
                <Baseline points="444,3066 491,3065 538,3063 585,3063 632,3062 680,3061 727,3061 774,3061 821,3061 868,3061 916,3061 963,3061 1010,3061 1057,3061 1104,3061 1152,3061 1199,3061 1246,3060 1293,3059 1340,3059 1388,3057"/>
                <TextEquiv>
                    <Unicode>uralte Wiener Tradition ihre letzte Verfeine¬</Unicode>
                </TextEquiv>
            </TextLine>
            <TextLine id="r1l127" custom="readingOrder {index:126;}">
                <Coords points="2363,3069 3225,3084 3341,3058 3341,3011 2363,3036"/>
                <Baseline points="2382,3067 2429,3068 2476,3068 2523,3069 2570,3069 2617,3069 2664,3069 2711,3069 2758,3069 2805,3069 2852,3068 2899,3068 2946,3068 2993,3068 3040,3068 3087,3068 3134,3068 3181,3068 3228,3069 3275,3070 3323,3071"/>
                <TextEquiv>
                    <Unicode>der Ehe, da sind die beiden Freunde, die beiden</Unicode>
                </TextEquiv>
            </TextLine>
            <TextLine id="r1l128" custom="readingOrder {index:127;}">
                <Coords points="1408,3067 2255,3087 2378,3070 2379,3038 1408,3031"/>
                <Baseline points="1425,3066 1471,3066 1518,3067 1565,3067 1612,3068 1658,3069 1705,3070 1752,3070 1799,3071 1845,3072 1892,3073 1939,3073 1986,3073 2032,3074 2079,3074 2126,3074 2173,3073 2219,3073 2266,3072 2313,3071 2360,3069"/>
                <TextEquiv>
                    <Unicode>des Augenblicks anerkennt, sich allein an den</Unicode>
                </TextEquiv>
            </TextLine>
            <TextLine id="r1l129" custom="readingOrder {index:128;}">
                <Coords points="426,3106 1292,3114 1404,3099 1404,3059 426,3069"/>
                <Baseline points="443,3104 490,3104 537,3103 584,3103 631,3102 679,3102 726,3102 773,3101 820,3101 867,3100 915,3100 962,3100 1009,3100 1056,3099 1103,3099 1151,3100 1198,3100 1245,3100 1292,3101 1339,3102 1387,3103"/>
                <TextEquiv>
                    <Unicode>rung, ihren vollen Ausklang. Viel mehr als</Unicode>
                </TextEquiv>
            </TextLine>
            <TextLine id="r1l130" custom="readingOrder {index:129;}">
                <Coords points="2372,3108 3118,3125 3339,3104 3339,3057 2372,3072"/>
                <Baseline points="2389,3108 2435,3107 2482,3107 2528,3107 2575,3107 2622,3108 2668,3108 2715,3108 2762,3109 2808,3109 2855,3110 2902,3110 2948,3110 2995,3110 3042,3110 3088,3110 3135,3110 3182,3110 3228,3110 3275,3109 3322,3108"/>
                <TextEquiv>
                    <Unicode>Gegner, da ist der Liebe kurze Seligkeit und</Unicode>
                </TextEquiv>
            </TextLine>
            <TextLine id="r1l131" custom="readingOrder {index:130;}">
                <Coords points="1409,3110 2369,3114 2369,3067 1410,3066"/>
                <Baseline points="1426,3105 1472,3106 1518,3107 1564,3107 1611,3108 1657,3108 1703,3109 1749,3109 1796,3109 1842,3109 1888,3109 1934,3110 1981,3110 2027,3110 2073,3110 2119,3110 2166,3110 2212,3110 2258,3110 2304,3110 2351,3110"/>
                <TextEquiv>
                    <Unicode>flüchtigen Abglanz des Lebens, an den</Unicode>
                </TextEquiv>
            </TextLine>
            <TextLine id="r1l132" custom="readingOrder {index:131;}">
                <Coords points="427,3147 1405,3151 1405,3100 427,3107"/>
                <Baseline points="446,3141 493,3141 540,3140 587,3140 634,3139 681,3139 728,3139 775,3139 822,3139 869,3139 916,3139 963,3139 1010,3139 1057,3139 1104,3140 1151,3140 1198,3140 1245,3140 1292,3140 1339,3140 1386,3140"/>
                <TextEquiv>
                    <Unicode>das Vorbild der Franzosen, wie Donnay und</Unicode>
                </TextEquiv>
            </TextLine>
            <TextLine id="r1l133" custom="readingOrder {index:132;}">
                <Coords points="1403,3150 2366,3161 2366,3114 2261,3095 2210,3120 1403,3111"/>
                <Baseline points="1422,3140 1468,3141 1514,3142 1560,3143 1607,3144 1653,3144 1699,3145 1745,3146 1792,3146 1838,3147 1884,3147 1930,3147 1977,3148 2023,3148 2069,3148 2115,3148 2162,3148 2208,3148 2254,3148 2300,3147 2347,3147"/>
                <TextEquiv>
                    <Unicode>Mummenschanz perhuschender Schatten klam¬</Unicode>
                </TextEquiv>
            </TextLine>
            <TextLine id="r1l134" custom="readingOrder {index:133;}">
                <Coords points="2360,3148 3298,3156 3334,3146 3334,3102 2360,3112"/>
                <Baseline points="2379,3147 2425,3145 2472,3145 2519,3144 2566,3144 2613,3144 2660,3145 2707,3145 2754,3146 2801,3147 2848,3148 2894,3148 2941,3149 2988,3149 3035,3150 3082,3150 3129,3150 3176,3149 3223,3148 3270,3146 3317,3144"/>
                <TextEquiv>
                    <Unicode>lange Qual, ist die Hoffnung auf das Kind und</Unicode>
                </TextEquiv>
            </TextLine>
            <TextLine id="r1l135" custom="readingOrder {index:134;}">
                <Coords points="416,3182 1300,3198 1401,3191 1401,3136 416,3150"/>
                <Baseline points="436,3180 483,3180 530,3180 578,3180 625,3180 673,3180 720,3180 767,3180 815,3180 862,3179 910,3179 957,3179 1004,3179 1052,3179 1099,3179 1147,3179 1194,3179 1241,3179 1289,3178 1336,3178 1384,3178"/>
                <TextEquiv>
                    <Unicode>Lavedan, oder Ibsens, sollte man diese heimischen</Unicode>
                </TextEquiv>
            </TextLine>
            <TextLine id="r1l136" custom="readingOrder {index:135;}">
                <Coords points="1402,3185 2344,3193 2366,3143 1403,3138"/>
                <Baseline points="1421,3179 1467,3179 1513,3179 1559,3180 1606,3181 1652,3181 1698,3182 1745,3183 1791,3184 1837,3184 1884,3186 1930,3186 1976,3187 2022,3187 2069,3187 2115,3187 2161,3187 2208,3187 2254,3186 2300,3184 2347,3183"/>
                <TextEquiv>
                    <Unicode>mert, so wußte er in das Momentane den stärk¬</Unicode>
                </TextEquiv>
            </TextLine>
            <TextLine id="r1l137" custom="readingOrder {index:136;}">
                <Coords points="2365,3189 3339,3195 3339,3134 2365,3145"/>
                <Baseline points="2384,3183 2430,3182 2477,3182 2524,3182 2571,3182 2618,3182 2665,3183 2712,3183 2759,3184 2806,3185 2853,3186 2899,3187 2946,3188 2993,3188 3040,3189 3087,3189 3134,3188 3181,3188 3228,3186 3275,3185 3322,3182"/>
                <TextEquiv>
                    <Unicode>das Grauen vor dem Alter, ist Duell und Tod.</Unicode>
                </TextEquiv>
            </TextLine>
            <TextLine id="r1l138" custom="readingOrder {index:137;}">
                <Coords points="427,3222 1024,3209 1209,3241 1300,3204 1398,3233 1397,3179 1321,3175 427,3185"/>
                <Baseline points="444,3223 490,3220 537,3219 584,3218 631,3216 678,3216 724,3215 771,3215 818,3215 865,3215 912,3216 958,3216 1005,3216 1052,3216 1099,3217 1146,3217 1192,3217 1239,3216 1286,3216 1333,3215 1380,3214"/>
                <TextEquiv>
                    <Unicode>Einflüsse betonen. Sein Hauptmotiv, die</Unicode>
                </TextEquiv>
            </TextLine>
            <TextLine id="r1l139" custom="readingOrder {index:138;}">
                <Coords points="1406,3219 2377,3235 2377,3170 1407,3180"/>
                <Baseline points="1425,3218 1471,3219 1518,3219 1564,3220 1611,3221 1658,3222 1704,3222 1751,3223 1797,3223 1844,3223 1891,3224 1937,3224 1984,3224 2030,3224 2077,3224 2124,3224 2170,3224 2217,3224 2263,3223 2310,3223 2357,3223"/>
                <TextEquiv>
                    <Unicode>sten Inhalt zu legen. Seine beiden ersten be¬</Unicode>
                </TextEquiv>
            </TextLine>
            <TextLine id="r1l140" custom="readingOrder {index:139;}">
                <Coords points="2357,3230 3313,3238 3339,3235 3339,3169 2357,3187"/>
                <Baseline points="2377,3224 2424,3223 2471,3222 2518,3222 2566,3221 2613,3221 2660,3222 2707,3222 2755,3223 2802,3223 2849,3224 2896,3224 2944,3225 2991,3226 3038,3226 3085,3226 3133,3226 3180,3226 3227,3225 3274,3224 3322,3223"/>
                <TextEquiv>
                    <Unicode>Schnitzler schlägt diese Leitmotive schon in seinen</Unicode>
                </TextEquiv>
            </TextLine>
            <TextLine id="r1l141" custom="readingOrder {index:140;}">
                <Coords points="422,3272 1204,3246 1255,3271 1403,3256 1403,3227 421,3214"/>
                <Baseline points="438,3261 485,3259 532,3258 580,3257 627,3256 674,3256 722,3256 769,3256 816,3256 864,3256 911,3256 958,3256 1006,3256 1053,3256 1100,3256 1148,3256 1195,3255 1242,3255 1290,3254 1337,3253 1385,3251"/>
                <TextEquiv>
                    <Unicode>schaurig=schöne Verschwisterung von Liebes¬</Unicode>
                </TextEquiv>
            </TextLine>
            <TextLine id="r1l142" custom="readingOrder {index:141;}">
                <Coords points="1396,3277 1458,3259 1904,3266 1904,3230 1875,3222 1538,3221 1510,3206 1484,3227 1397,3226"/>
                <Baseline points="1415,3256 1441,3256 1467,3256 1493,3257 1519,3257 1545,3258 1572,3258 1598,3259 1624,3259 1650,3260 1676,3261 1702,3261 1729,3261 1755,3262 1781,3262 1807,3262 1833,3262 1859,3261 1886,3261"/>
                <TextEquiv>
                    <Unicode>deutenderen Arbeiten,</Unicode>
                </TextEquiv>
            </TextLine>
            <TextLine id="r1l143" custom="readingOrder {index:142;}">
                <Coords points="1904,3265 1969,3279 2002,3258 2052,3258 2183,3277 2367,3260 2367,3223 2295,3230 2212,3212 2183,3230 2020,3233 1991,3214 1904,3210"/>
                <Baseline points="1921,3260 1946,3260 1971,3260 1996,3261 2021,3261 2046,3262 2072,3262 2097,3263 2122,3263 2147,3264 2172,3264 2197,3264 2223,3264 2248,3263 2273,3263 2298,3262 2323,3261 2349,3259"/>
                <TextEquiv>
                    <Unicode>der Einakterzyklus</Unicode>
                </TextEquiv>
            </TextLine>
            <TextLine id="r1l144" custom="readingOrder {index:143;}">
                <Coords points="2365,3279 3339,3281 3339,3209 2365,3228"/>
                <Baseline points="2383,3262 2429,3261 2476,3262 2523,3262 2570,3262 2617,3262 2664,3263 2711,3263 2758,3264 2805,3264 2852,3265 2898,3265 2945,3265 2992,3265 3039,3265 3086,3265 3133,3265 3180,3264 3227,3263 3274,3262 3321,3260"/>
                <TextEquiv>
                    <Unicode>ersten Dichtungen an, hat sie in „Anatol“ und</Unicode>
                </TextEquiv>
            </TextLine>
            <TextLine id="r1l145" custom="readingOrder {index:144;}">
                <Coords points="430,3307 1302,3311 1396,3296 1396,3231 429,3267"/>
                <Baseline points="446,3301 492,3300 539,3298 585,3298 632,3297 679,3297 725,3296 772,3296 819,3296 865,3296 912,3296 959,3296 1005,3295 1052,3295 1099,3295 1145,3295 1192,3294 1239,3294 1285,3293 1332,3292 1379,3291"/>
                <TextEquiv>
                    <Unicode>genuß und Todesnähe, ist der eigentliche Stim¬</Unicode>
                </TextEquiv>
            </TextLine>
            <TextLine id="r1l146" custom="readingOrder {index:145;}">
                <Coords points="1399,3305 2344,3311 2365,3264 1399,3269"/>
                <Baseline points="1416,3298 1462,3299 1509,3299 1555,3300 1602,3300 1649,3301 1695,3301 1742,3301 1788,3301 1835,3301 1882,3301 1928,3301 1975,3301 2021,3301 2068,3301 2115,3301 2161,3301 2208,3301 2254,3301 2301,3301 2348,3301"/>
                <TextEquiv>
                    <Unicode>„Anatol“ und die Novelle „Sterben“, drängen</Unicode>
                </TextEquiv>
            </TextLine>
            <TextLine id="r1l147" custom="readingOrder {index:146;}">
                <Coords points="2366,3317 2794,3294 2819,3320 3228,3300 3330,3326 3330,3258 3294,3250 2367,3263"/>
                <Baseline points="2386,3301 2432,3301 2478,3300 2524,3300 2571,3300 2617,3300 2663,3301 2710,3302 2756,3302 2802,3303 2849,3304 2895,3304 2941,3305 2987,3305 3034,3306 3080,3306 3126,3306 3173,3305 3219,3304 3265,3303 3312,3301"/>
                <TextEquiv>
                    <Unicode>„Liebelei“ reich und dichterisch entwickelt. In</Unicode>
                </TextEquiv>
            </TextLine>
            <TextLine id="r1l148" custom="readingOrder {index:147;}">
                <Coords points="425,3335 1403,3348 1403,3297 425,3302"/>
                <Baseline points="444,3340 491,3338 538,3337 585,3336 632,3336 679,3336 726,3336 773,3336 820,3336 867,3336 914,3336 961,3336 1008,3337 1055,3337 1102,3337 1149,3337 1196,3337 1243,3336 1290,3336 1337,3335 1384,3334"/>
                <TextEquiv>
                    <Unicode>mungsfaktor des Barock, das nicht nur in der</Unicode>
                </TextEquiv>
            </TextLine>
            <TextLine id="r1l149" custom="readingOrder {index:148;}">
                <Coords points="1397,3343 2364,3354 2364,3311 2169,3295 1398,3296"/>
                <Baseline points="1417,3336 1463,3337 1509,3338 1556,3339 1602,3340 1649,3341 1695,3341 1742,3342 1788,3342 1835,3342 1881,3342 1927,3342 1974,3342 2020,3342 2067,3341 2113,3341 2160,3341 2206,3341 2253,3341 2299,3341 2346,3341"/>
                <TextEquiv>
                    <Unicode>bereits in einzelne Augenblicke ganze Welten</Unicode>
                </TextEquiv>
            </TextLine>
            <TextLine id="r1l150" custom="readingOrder {index:149;}">
                <Coords points="2364,3342 3338,3336 3338,3300 2364,3284"/>
                <Baseline points="2381,3344 2430,3342 2479,3341 2529,3340 2578,3339 2628,3339 2677,3340 2726,3340 2776,3341 2825,3342 2875,3343 2924,3344 2974,3344 3023,3345 3072,3345 3122,3345 3171,3345 3221,3344 3270,3342 3320,3340"/>
                <TextEquiv>
                    <Unicode>„Reigen“ dieser heut so berüchtigten Szenen¬</Unicode>
                </TextEquiv>
            </TextLine>
            <TextLine id="r1l151" custom="readingOrder {index:150;}">
                <Coords points="426,3379 1397,3383 1397,3343 1353,3339 426,3335"/>
                <Baseline points="444,3378 490,3377 537,3376 584,3376 631,3375 678,3375 724,3375 771,3375 818,3375 865,3375 912,3375 958,3376 1005,3376 1052,3376 1099,3376 1146,3377 1192,3377 1239,3376 1286,3376 1333,3376 1380,3375"/>
                <TextEquiv>
                    <Unicode>Kunst Fischer von Erlachs, sondern auch im</Unicode>
                </TextEquiv>
            </TextLine>
            <TextLine id="r1l152" custom="readingOrder {index:151;}">
                <Coords points="1401,3379 2368,3379 2336,3346 2061,3332 1401,3339"/>
                <Baseline points="1421,3376 1467,3377 1513,3378 1560,3378 1606,3379 1653,3379 1699,3380 1746,3380 1792,3380 1839,3380 1885,3380 1931,3380 1978,3380 2024,3380 2071,3380 2117,3379 2164,3379 2210,3378 2257,3378 2303,3377 2350,3376"/>
                <TextEquiv>
                    <Unicode>des Erlebens. Das impressionistische Drama</Unicode>
                </TextEquiv>
            </TextLine>
            <TextLine id="r1l153" custom="readingOrder {index:152;}">
                <Coords points="2361,3386 3248,3396 3335,3379 3335,3335 2361,3339"/>
                <Baseline points="2379,3381 2425,3379 2472,3378 2519,3378 2566,3377 2613,3377 2660,3377 2706,3378 2753,3378 2800,3379 2847,3380 2894,3380 2941,3381 2988,3382 3034,3383 3081,3383 3128,3384 3175,3384 3222,3383 3269,3383 3316,3382"/>
                <TextEquiv>
                    <Unicode>folge, hat der erotische Pessimismus des jungen</Unicode>
                </TextEquiv>
            </TextLine>
            <TextLine id="r1l154" custom="readingOrder {index:153;}">
                <Coords points="427,3415 1347,3422 1401,3419 1401,3372 427,3379"/>
                <Baseline points="446,3415 492,3415 539,3414 586,3413 633,3413 680,3413 726,3412 773,3412 820,3412 867,3412 914,3413 960,3413 1007,3413 1054,3413 1101,3413 1148,3413 1194,3414 1241,3414 1288,3414 1335,3414 1382,3413"/>
                <TextEquiv>
                    <Unicode>österreichtschen Jesuitendrama seine Höhe er¬</Unicode>
                </TextEquiv>
            </TextLine>
            <TextLine id="r1l155" custom="readingOrder {index:154;}">
                <Coords points="1398,3419 2361,3422 2361,3386 2144,3367 1398,3379"/>
                <Baseline points="1417,3414 1463,3414 1509,3414 1556,3414 1602,3414 1649,3414 1695,3414 1741,3414 1788,3414 1834,3415 1881,3415 1927,3415 1973,3415 2020,3416 2066,3416 2113,3416 2159,3416 2205,3416 2252,3416 2298,3416 2345,3416"/>
                <TextEquiv>
                    <Unicode>hat kein höheres Kunstwerk aufzuweisen als</Unicode>
                </TextEquiv>
            </TextLine>
            <TextLine id="r1l156" custom="readingOrder {index:155;}">
                <Coords points="2368,3420 3321,3433 3321,3385 2368,3380"/>
                <Baseline points="2385,3415 2433,3415 2481,3416 2530,3416 2578,3417 2626,3418 2675,3418 2723,3418 2771,3419 2820,3419 2868,3419 2917,3420 2965,3420 3013,3420 3062,3420 3110,3420 3158,3420 3207,3420 3255,3419 3304,3419"/>
                <TextEquiv>
                    <Unicode>Dichters seinen stärksten Ausdruck gefunden, es</Unicode>
                </TextEquiv>
            </TextLine>
            <TextLine id="r1l157" custom="readingOrder {index:156;}">
                <Coords points="420,3450 1405,3469 1404,3418 1307,3407 419,3417"/>
                <Baseline points="437,3452 484,3453 531,3453 579,3453 626,3452 674,3452 721,3452 769,3451 816,3451 864,3450 911,3450 958,3450 1006,3449 1053,3449 1101,3449 1148,3449 1196,3449 1243,3450 1291,3451 1338,3452 1386,3453"/>
                <TextEquiv>
                    <Unicode>reichte und die stets wiederkehrende Situation</Unicode>
                </TextEquiv>
            </TextLine>
            <TextLine id="r1l158" custom="readingOrder {index:157;}">
                <Coords points="1390,3459 2342,3468 2368,3413 1390,3408"/>
                <Baseline points="1407,3450 1454,3450 1501,3451 1548,3451 1595,3451 1642,3451 1689,3452 1736,3452 1783,3452 1830,3453 1877,3453 1924,3454 1971,3454 2018,3454 2065,3454 2112,3454 2159,3455 2206,3455 2253,3455 2300,3454 2348,3454"/>
                <TextEquiv>
                    <Unicode>Schnitzlers „Einsamen Weg“, in dem man auch</Unicode>
                </TextEquiv>
            </TextLine>
            <TextLine id="r1l159" custom="readingOrder {index:158;}">
                <Coords points="2357,3468 3335,3469 3335,3400 2937,3429 2357,3414"/>
                <Baseline points="2376,3457 2423,3457 2470,3456 2517,3456 2564,3456 2611,3456 2658,3456 2705,3456 2752,3457 2799,3457 2847,3457 2894,3458 2941,3458 2988,3458 3035,3458 3082,3458 3129,3458 3176,3457 3223,3457 3270,3456 3318,3455"/>
                <TextEquiv>
                    <Unicode>ist ein melancholischer „Totentanz der Liebe“,</Unicode>
                </TextEquiv>
            </TextLine>
            <TextLine id="r1l160" custom="readingOrder {index:159;}">
                <Coords points="411,3504 2214,3509 2367,3459 411,3449"/>
                <Baseline points="429,3491 524,3492 620,3492 716,3493 812,3494 908,3494 1004,3495 1100,3495 1196,3496 1292,3496 1388,3497 1483,3497 1579,3497 1675,3498 1771,3498 1867,3499 1963,3499 2059,3499 2155,3500 2251,3500 2347,3500"/>
                <TextEquiv>
                    <Unicode>bei Schnitzler, der Rausch der Liebe im Angesicht wohl sein bestes. Werk sehen darf. Hier ent¬</Unicode>
                </TextEquiv>
            </TextLine>
            <TextLine id="r1l161" custom="readingOrder {index:160;}">
                <Coords points="2363,3499 3135,3519 3287,3513 3331,3469 2364,3459"/>
                <Baseline points="2381,3498 2427,3498 2474,3498 2520,3498 2567,3498 2613,3499 2660,3500 2706,3500 2753,3501 2799,3501 2846,3502 2893,3503 2939,3503 2986,3503 3032,3504 3079,3504 3125,3504 3172,3503 3218,3502 3265,3502 3312,3500"/>
                <TextEquiv>
                    <Unicode>dessen Motto das Wort Meister Eckhards sein:</Unicode>
                </TextEquiv>
            </TextLine>
            <TextLine id="r1l162" custom="readingOrder {index:161;}">
                <Coords points="412,3542 3254,3564 3345,3495 412,3510"/>
                <Baseline points="429,3539 573,3538 718,3538 863,3537 1008,3537 1153,3537 1297,3536 1442,3536 1587,3536 1732,3536 1877,3536 2021,3537 2166,3537 2311,3537 2456,3538 2601,3538 2745,3539 2890,3540 3035,3541 3180,3542 3325,3543"/>
                <TextEquiv>
                    <Unicode>des Todes ist nur ein müder Nachball jener faltet sich eine Kunst der Halbtöne, der feinen! könnte: „Die Wollust der Kreaturen ist ver¬</Unicode>
                </TextEquiv>
            </TextLine>
            <TextEquiv>
                <Unicode>—.
6oth Birthdag box 39/3
#arken Barock=Kontraste, die hier zu einer
Valeurs; eine silbergraue, von schweren Farben
Schnitler.
schmerzlich stillen Harmonie verschmelzen. Aber
matt durchleuchtete Herbststimmung ist über das
nicht nur dies eine Motiv, sondern seine ganze
Ganze gebreitet, und die Tragik des Alters, die
entein ir lerhertene
Lebenshaltung ist typisch österreichisch. Es ist
hier angeschlagen wird und bei Schnitzler immer
Von
 WLN
jenes Gehenlassen, das im Pestlied des „leben
wiederkehrt, ist
die eigentliche Tragik des
Augustin“ erklingt: „'s ist mir alles eins,“ es
impressionistischen Menschen, der stets die
„Dr. Paul Landau.
1
ist das Genießen des Augenblicks, das nicht nach
Stunde genossen hat und sich nun einsam sieht
Arthus Schntzler wurde 60. Der Dichter der
dem Morgen fragt, wie es schon Abraham
mit den Schemen seiner Erinnerung. Die Wir¬
müden, übefreifen Jugend, der so früh die
a Santa Clara an seinen Wienern tadelte. Schnitz¬
rungen und Wandlungen der Seele, die „ein
Tragik, des Alterns, den „einsamen Weg“ ins
ler ist ein geradezu fanatischer Verfechter des
weites Land“ ist, beschäftigen Schnitzler haupt¬
Leeregans Nichts geschildert, hat all die Emp¬
Glaubens, daß der Mensch nichts tun kann gegen
sächlich der als Arzt ein schakfer Beobachter ist
findungen und Erleonisse des absinkenden
sein Schicksal, daß er unfrei ist, eine Puppe in
und sich mit Psychologie nicht nur als Künstler
Lebens vorweg genommen, so daß er uns heut
der Hand eines unsichtbaren Drahtziehers. Es
sondern auch als Gelehrter beschäftigt hat. In
ist dies lustig=traurige Puppenspiel des Lebens,
einem eigenen Buch ist von Theodor Reik auf
Sate ichter dercte Aelstlel l
das die Wiener Volksstücke mit unbewußter
die Beziehung unseres Dichters zu der Psycho¬
Werke hatten etwas Zeitloses, Unpersönliches.
Ironie darstellten, das bei ihm aber mit einem
analyse Freuds hingewiesen worden, der sein
Der unbestrittene Führer der „Wiener Schule",
skeptischen Künstlertum geschildert wird. Das
engster Wiener Landsmann ist und mit dem er
dieser Klassiker des Impressionismus steht heute,
Schicksal spielt mit uns, wir spielen unser
sich auch in seinen wissenschaftlichen Arbeiten
in den Tagen des „sterbenden Wien“, des sieg¬
Leben: „Es fließen ineinander Traum und
über Hypnose und Suggestion berührt. Schnitz¬
haften Expressionismus, fremd in einer ihm
Wachen, Wahrheit und Lüge. Sicherheit ist
ler ist in seinen Dichtungen von verhältnis¬
fremden Welt. Er spielt noch die alten Melo¬
nirgends. Wir wissen nichts von andern, nichts
mäßig einfachen Gefühlen, auf denen sich sein
dien, die melancholischen Klänge eines raschen
von uns, wir spielen alle, wer es weiß, ist klug,“
bekanntes Drama „Liebelei“ aufbaute, zu immer
Lebensgenusses, einer bitteren Seligkeit, aber
heißt es in seinem tiessinnigen „Paracelsus“.
komplizierteren feelischen Beziehungen und
sie tönen etwas leer, leise, wie fernverweht.
„Das Leben — ein Traum,“ dies Grillparzer¬
Rätseln fortgeschritten, er dringt tief in die Welt
Schnitzler ist an seinem 60. Geburtstag schon
Motiv wird von Schnitzler in vielsachen Wand¬
des Unbewußten, der verdrängten Gefühle und
historisch geworden und als den Vertreter einer
lungen und Spiegelungen aufgenommen, ebenso
gestaltet echt Freudsche Probleme wie in der
abgeschlossenen Epoche, als den Meister eines
wie die Verschmelzung von Liebe und Tod aus
Novelle „Frau Beate und ihr Sohn“. Aber so
vollendeten Stils dürfen wir ihn würdigen.
„Des Meeres und der Liebe Wellen“. Kunst
wichtig diese tief bohrende und zergliedeende
und Natur gehen ineinander über, und das
Analyse für seine Kunst ist, so derf man sein
Die Wiener Dichtung wird stets in der
Leben in der Phantasie ist oft wirklicher als das
Werk doch nicht, wie es Reik getan hat, einseitig
Literaturgeschichte des letzten Vierreljahr¬
reale Leben. Daher seine Verehrung, ja über¬
an der Freudschen Methode messen, sondern
hunderts eine bebeutende Stelle einehmen, sie
schätzung des Künstlers, sein Asthetentum, da¬
muß betrachten, was er aus diesem reichen
ja nicht nur mit den Schlagworten vom
her aber auch die Inbrunst, mit der das For¬
psychologischen Material lebendig gestaltet hat.
„Wiener Walzer“ und „süßen Mädels“ zu er¬
male gegeben ist. In der Feinheit und Grazie
schöpfen, sondern sie hat dem trüben und sach¬
Man hat Schnitzler oft vorgeworfen, daß
seines Stils folgt Schnitzler ebenfalls den besten
lichen norddeutschen Naturalismus erst Anmut
seine Welt und seine Stoffe zu eng begrenzt
heimischen Mustern, und manches aus seiner
verliehen, Weichheit, Feinheit, Musik. Und der
seien. Tatsächlich sind es
nur ganz wenige
letzten Prosa gemahnt an Stisters Erzähler¬
bezeichnende Künstler dieser „Wiener Schule“
Motive, Figuren und Situationen, die sich bei
kunst.
schlechthin ist Schnitzler, nicht etwa Hofmanns¬
ihm in feinen Variationen stets wiederholen.
thal, der viel internationaler ist und mit seinem
Aus seinem Wienertum heraus wurde der
Da ist die Stellung des Mannes zwischen zwei
fabelhaften Formtalent die verschiedenartigsten
Frauen, dem „süßen Madel“ und der verheirate¬
Dichter zu dem bezeichnendsten Vertreter des
Stile neu zu beleben weiß. In Schnitzler findet
ten Dame da ist das „dreieckige“ Verhältnis in
Impressionismus. Da er nur die Empfindung
uralte Wiener Tradition ihre letzte Verfeine¬
der Ehe, da sind die beiden Freunde, die beiden
des Augenblicks anerkennt, sich allein an den
rung, ihren vollen Ausklang. Viel mehr als
Gegner, da ist der Liebe kurze Seligkeit und
flüchtigen Abglanz des Lebens, an den
das Vorbild der Franzosen, wie Donnay und
Mummenschanz perhuschender Schatten klam¬
lange Qual, ist die Hoffnung auf das Kind und
Lavedan, oder Ibsens, sollte man diese heimischen
mert, so wußte er in das Momentane den stärk¬
das Grauen vor dem Alter, ist Duell und Tod.
Einflüsse betonen. Sein Hauptmotiv, die
sten Inhalt zu legen. Seine beiden ersten be¬
Schnitzler schlägt diese Leitmotive schon in seinen
schaurig=schöne Verschwisterung von Liebes¬
deutenderen Arbeiten,
der Einakterzyklus
ersten Dichtungen an, hat sie in „Anatol“ und
genuß und Todesnähe, ist der eigentliche Stim¬
„Anatol“ und die Novelle „Sterben“, drängen
„Liebelei“ reich und dichterisch entwickelt. In
mungsfaktor des Barock, das nicht nur in der
bereits in einzelne Augenblicke ganze Welten
„Reigen“ dieser heut so berüchtigten Szenen¬
Kunst Fischer von Erlachs, sondern auch im
des Erlebens. Das impressionistische Drama
folge, hat der erotische Pessimismus des jungen
österreichtschen Jesuitendrama seine Höhe er¬
hat kein höheres Kunstwerk aufzuweisen als
Dichters seinen stärksten Ausdruck gefunden, es
reichte und die stets wiederkehrende Situation
Schnitzlers „Einsamen Weg“, in dem man auch
ist ein melancholischer „Totentanz der Liebe“,
bei Schnitzler, der Rausch der Liebe im Angesicht wohl sein bestes. Werk sehen darf. Hier ent¬
dessen Motto das Wort Meister Eckhards sein:
des Todes ist nur ein müder Nachball jener faltet sich eine Kunst der Halbtöne, der feinen! könnte: „Die Wollust der Kreaturen ist ver¬</Unicode>
            </TextEquiv>
        </TextRegion>
    </Page>
</PcGts>
