3392 4320
1978 218 2217 275 —.—
209 289 1514 401 6oth Birthday box 39/3
1505 1141 2157 1230 In der letzten Nummer des T-B.
694 1162 1408 1246 In Preußen aber wird viel zu we¬
1436 1205 2152 1276 ward ein wenig spöttisch jener
703 1232 1410 1304 nig praktische Seelenforschung ge¬
1434 1253 2156 1333 Wiener gedacht, die nur nach Go¬
700 1281 1420 1359 trieben, junger Mann und junge
1441 1303 2169 1379 belins hungern. Ich hoffte nun, daß
709 1325 1424 1410 Frau grübeln zu wenig übereinander.
1444 1355 2159 1432 im Gegensatz dazu die deutsche Re¬
697 1379 1422 1454 Unter uns gesagt: Selbst Tristan
1443 1409 2161 1487 publik den 1. Mai zu einer Kultur¬
701 1419 1418 1505 kennt lsolde nur sehr ungenau, und
1443 1454 2174 1527 propaganda benutzen würde. Vor
715 1478 1429 1554 wie wenig der Student das Opfer
1447 1504 2161 1587 allem bei den Zehntausenden der
721 1529 1425 1601 seiner jähen Kräfte kennt, braucht
1445 1567 2165 1633 lauteschlagenden, begeisterungs¬
721 1577 1428 1653 nicht gesagt zu werden. Sie lehrten
1454 1610 2183 1675 sehnsüchtigen Jugend, die von allen
720 1626 1428 1692 die Preußen, ein wenig Psychologie
1456 1654 2184 1729 Enden der Stadt, zwei, drei Stunden
720 1676 1426 1751 in der kleinen, großen Liebe treiben,
1459 1704 2176 1783 weit, in den Lustgarten marschiert
726 1724 1432 1798 sie lehrten den jungen preußischen
1451 1758 2177 1828 waren. Ein tiefer national denken¬
720 1775 1437 1840 Triebmenschen nach dem seelischen
1444 1807 2184 1885 den Minister hätte vor den jungen
725 1824 1437 1900 Gesicht seiner Partnerin zu forschen.
1445 1857 2177 1924 Leuten alle Schätze ausgebreitet,
726 1869 1434 1940 In Preußen ist die Psychologie noch
1453 1905 2169 1978 über die er verfügt. Hätte Herr
727 1918 1434 1993 lange kein Laster, hier ist sie noch
1459 1963 2184 2036 Dr. Justi die jungen Leute durch
729 1975 1239 2044 immer ein Ausnahmsfall.
1622 2009 2187 2078 Thoma-Ausstellung
1463 2020 1555 2085 die
763 2026 1437 2101 Deshalb brauchen wir Sie, un¬
1456 2049 2194 2131 nicht zum Verständnis deutschen.
731 2071 1440 2147 schätzbarer Arthur Schnitzler, in
1474 2104 2198 2185 Wesens verführen können? Statt
736 2119 1443 2190 Berlin nötiger als in Wien, deshalb
1459 2143 2194 2225 dessen war am 1. Mai der Eintritt
735 2166 1453 2247 hatte es Sinn und tiefere Bedeutung,
1461 2218 2191 2274 zu Hans Thoma auf 20 M. festge¬
738 2223 1444 2281 daß Sie Ihren sechzigsten Geburts¬
1476 2249 2200 2328 setzt. Frei hingegen war am 1. Mai
744 2273 1218 2354 tag in Berlin feierten.
1478 2298 2202 2375 der Eintritt ins — Zeughaus. Es
1460 2363 2199 2432 regnete. Die jungen Internationa¬
734 2364 1455 2448 BRIEFE AN DAS TAGR-BUCH
1467 2394 2190 2475 listen stürzten ins Zeughaus, aber.
770 2424 1408 2514 1. An Herrn Joseph Plaut.
1475 2446 2202 2521 die alten Kanonen haben sie nicht:
766 2468 1459 2554 Da ich Ihren Wohnsitz nicht
1485 2519 1683 2579 bekehrt.
740 2521 1461 2589 kenne, bitte ich Sie auf diesem Wege
1506 2517 2195 2627 Unsere Minister und Direktoren
735 2577 1459 2642 und in aller Güte, mir (an die
1483 2602 2204 2676 sind brave Leute. Leider fällt ihnen
743 2619 1468 2691 Adresse des Tage-Buches) für
1941 2644 2221 2720 Frau E. H.
1491 2660 1761 2740 nie was ein.
740 2663 1473 2750 meine Skizze „Ehe“, die von Ihnen
750 2715 1454 2798 unter dem Titel „Flieche u. Klogge“
1476 2733 1913 2813 KARL ETTLINGER
743 2777 1467 2851 ohne mein Wissen monatelang vor¬
1514 2770 2207 2850 Nach Reinhardt, Pallenberg, Mas¬
749 2824 1468 2896 getragen worden ist und auf Ihrem
1488 2836 2209 2913 sary kam als der letzte zugereiste
752 2872 1464 2949 werten Programm als Arbeit Joseph
1486 2882 2217 2957 Wiener Karl Ettlinger. Viele Mo¬
748 2921 1472 2992 Plauts verzeichnet steht, ein ange¬
1490 2929 2224 3007 nate schlich er kopfhängerisch¬
755 2977 1452 3056 messenes Honorar zu überweisen.
1494 2993 2217 3065 durch die schnurgeraden Straßen.
1147 3022 1475 3084 Hans Reimann.
1488 3032 2215 3099 Zwar hat Wien den Karl Ettlinger
795 3054 1471 3147 2. An den Kultusminister Dr.
1493 3083 2224 3158 auch erst entdeckt, als sein Stern
768 3132 1009 3188 Boelitz!
899 3185 2085 3304 BAD NAUHEIM
807 3242 2181 3343 Hervorragende Heilerfolge per llerzkrarkheiten, beginneader Arterienverkalkung.
809 3292 2194 3379 Muskel- und Gelenkrheumatismas, Gicht, Rückenmark-, Fraues- und Nervenleiden.
816 3325 2186 3414 Sämtliche neuzeitliche Kurmittel. — Vielseitige Unterhaltungen: Tennis, Golf,
818 3371 2192 3451 Krocket, Wurftaubenschiebstand. — Schöner angenehmer Erholungsaufenthalt.
809 3390 2205 3489 Man fordere die Auskunftsschrift D 19 von der Bad- u. Kurverwaltung Bad Nauheim
2118 3480 2229 3572 767
