3344 4480
189 69 1066 152 „ee eneere enn
623 147 1076 198 der alles versteht und
172 139 561 199 ärztlicher Tätigkeit
583 151 628 193 —
183 183 1068 235 sich eben darum niemals hinzugeben vermag.
190 222 1071 287 Einen Mann, der sich immer festhält gegen¬
185 262 1077 324 über dem Leben, weil er immer sein eigenes
184 316 1081 358 Bild im Spiegel sieht; weil er auf der schau¬
175 356 1067 427 spielerischen Seite des Daseins zu Hause ist,
183 406 1072 453 sern dem Bereich der Menschen, die rein aus
175 446 1070 500 ihrem Sein heraus die Wege ihres Lebens
181 485 1070 540 und Schaffens gehen, ohne an die Zuschauer
190 539 1064 586 zu denken, weil sie nur unter einem inneren,
190 574 1072 634 nicht unter einem äußeren vorgestellten Gesetz
186 621 338 679 stehen.
237 637 1069 719 Das meist zitierte Wort des Dichters
181 701 1070 760 Arthur Schnitzler ist der Vers seines Para¬
180 748 1079 805 celsus: „Wir spielen immer; wer es weiß, ist
187 788 1078 854 klug.“ Schnitzler ist klug; er weiß um das
187 843 1075 892 Spiel seines Lebens — und um das des
177 882 1076 935 andern. Er weiß auch von jenen, die auf der
175 919 1002 981 Gegenseite stehen, aber nur von außen:
184 967 1070 1018 kann nicht in sie hinein. Psychologie enthüllt
175 1005 1083 1058 immer die eigene Seele: so auch bei ihm. Wo
183 1045 1081 1101 er nach den Menschen des Seins, des Wesens
187 1098 1072 1151 greift, wird er unsicher, weil sie außerhalb
180 1144 1082 1193 seiner Welt stehen: was er fassen kann, sind
190 1190 1081 1235 die Menschen, deren Leben zuletzt Aufbau einer
182 1235 1071 1278 Rolle ist, bis das Schicksal irgendwo ihnen die
176 1269 1087 1329 Gewalt über das Spiel aus den Händen
189 1314 1084 1363 nimmt und etwas in ihr Leben stellt, das
194 1346 1079 1409 eigentlich aus dem fremden Bereich des fühlen¬
190 1397 1055 1448 en Daseins kommt: Verantwortung, Tat, zu¬
197 1443 1074 1490 etzt den Tod. In der Welt Schnitzlers haben
198 1484 1079 1554 iese Dinge, als Erlebnisse, eigentlich nichts zu
204 1539 1080 1591 uchen, weil ihr spezifisches Gewicht mit dem
195 1584 1081 1625 einigen nicht zusammenstimmt: er nimmt sie
210 1614 1082 1668 in, als die Requisiten des Schicksals, ohne die
204 1669 1087 1711 as Leben nun einmal nicht auszukommen
197 1702 1087 1751 heint. Aber er behält immer eine Distanz,
216 1735 1083 1802 é selbst bewußter Ernst nicht überbrückt: weil
241 1787 1083 1841 schicksalsmäßig zu den Klugen gehört, die
214 1841 1088 1892 h, ohne es zu wollen, in jedem Augenblick in
206 1882 1082 1928 e Sicherung des Zuschauers vor eigenem und
217 1912 1093 1978 emdem Spiel hineinretten. Diese Haltung
208 1951 1087 2024 ir Welt steht außerhalb der Wahl, ist vorher¬
214 2009 1092 2066 estimmt — und bestimm den ganzen inneren
216 2051 1083 2125 inn aller Aeußerungen, im Leben wie in der
206 2099 332 2158 unst.
249 2136 1097 2198 Bei Schnitzler ist diese Stellung zur Welt
203 2189 1092 2255 ugleich persönliches und Zeitschicksal. Aus¬
208 2237 1099 2288 ruck einer inneren Anlage und einer ganzen
195 2282 1088 2333 zeit. Die Jahre zwischen 1890 und 1910 sind
201 2317 1099 2362 o recht die Zeit des Relativismus in allen
204 2367 1094 2413 Dingen des Lebens — die Zeit, da Persön¬
204 2402 1096 2459 iches nur als Isoliertes empfunden werden
200 2446 1091 2496 konnte und der Wille zur Freiheit sich in die
196 2482 1089 2541 bequeme Form der Ironie zurückzog. Und
189 2528 1095 2578 überdies lebte Schnitzler diese Jahre in Wien,
189 2569 1093 2622 einer Stadt, die von jeher auf jene Leichtigkeit
187 2619 1090 2680 gestimmt war, die als Lebensideal durchaus in
185 2667 1098 2711 der Richtung seiner Anlage wirken mußte.
185 2706 1091 2758 Es war kein Wunder, daß sein Werk reinster
199 2753 1095 2805 Typus der Literatur des Wien der Vorkriegs¬
191 2795 442 2857 zeit wurde.
261 2816 1103 2893 Ein witziger Wiener Kopf hat ihn einmal
190 2874 1096 2937 die mittlere Proportionale zwischen Raoul
199 2923 1109 2974 Auernheimer und Henrik Ibsen genannt. Das
197 2970 1102 3016 Wort bezeichnet nicht übel die beiden Pole,
196 2998 1100 3055 zwischen denen das Schaffen Schnitzlers sich
202 3041 1096 3100 bewegt: das Feuilleton und das reine Theater
203 3085 1099 3138 auf der einen, psychologische Problemliteratur
193 3134 1107 3176 auf der anderen Seite, die sich in guten
200 3166 1104 3232 Stunden bis an die Grenzen der wirklichen
200 3213 1108 3268 Dichtung vorschieht. Es gibt vieles von
206 3261 1107 3316 Schnitzler, was nur die Unsterblichkeit des
200 3298 1102 3348 Tages hat; witzig, ironisch, pointiert, mit ein
200 3338 1102 3389 wenig Nachdenklichkeit und ein wenig Senti¬
204 3382 1115 3438 mentalität gewürzt, Variationen zumeist des
201 3424 1114 3482 Themas, das geduldig jede Art der Behand¬
209 3477 1107 3521 lung von der Tragödie bis zur Posse verträgt:
199 3508 1105 3559 der Liebe. Die Anatolszenen sind solche dialogi¬
206 3555 1101 3616 sierten Feuilletons — und viele der anderen
202 3595 1119 3654 Dialoge Schnitzlers ebenfalls: manches davon
201 3643 1111 3694 gehört zum Aufrichtigsten und Hübschesten,
207 3681 1111 3730 was er geschrieben. Vor allem wenn er auf
211 3721 1111 3783 Perspektiven verzichtet und lediglich im leich¬
208 3764 1114 3821 ten Spiel der Worte bleibt, das dann zu¬
207 3813 1108 3865 weilen wirklich etwas von Grazie bekommt.
208 3848 1110 3905 Tritt die Perspektive hinzu, so verschiebt sich
208 3891 1110 3951 das Gewicht: die literarische Verpflichtung
221 3935 618 3998 verdirbt das Spiel.
265 3966 1111 4031 Auf der Gegenseite steht der Ernst, das
199 4023 1115 4086 Drama, der Roman, die Reihe der Werke von
214 4066 1123 4141 der „Liebelei“ bis zum „Einsamen Weg“, von
1099 117 1929 159 lers jenseits der nur schriftstellerischen Qua
1096 143 1997 195 täten einen lebendigeren Wert verleiht. Da
1097 190 1998 255 und dort findet er hier ein Wort, in dem eiwas
1096 227 1999 272 Wirkliches unserer Seele ersaßt, ein Stückchen
1102 275 1998 318 Welt erkannt und formuliert ist. Und da und
1101 312 2004 377 dort wird etwas von den wunderlichen Kon¬
1111 357 2006 411 stellationen, in die das Leben die Menschen
1106 407 1994 457 hineinstellt, für Augenblicke transparent: die
1106 444 2001 494 Konvention, die tragische Erledigung fordert,
1101 493 1993 537 wird leise skeptisch zersetzt — und ferne tauchen
1100 521 1993 585 neue Möglichkeiten menschlich seelischer Aus¬
1107 570 1999 624 einandersetzungen auf. Sie bleiben in An¬
1103 606 1999 659 deutungen, werden kaum gestaktet: daß sie be¬
1110 648 1993 702 rührt werden, bedeutet ein Lebendiges. Das
1106 691 2007 746 Gefühl wird oft mit einer Haltung berührt,
1107 733 2002 794 die von wissenschaftlicher, nicht dichterischer
1110 777 2005 835 Einsicht bestimmt: die Tatsache, daß in Mo¬
1099 812 2000 888 menten Wesentliches berührt wird, bleibt be¬
1114 862 2008 921 stehen. Sie ist es, die dem Werk Arthur
1108 891 1999 957 Schnitzlers neben seiner geschichtlichen Be¬
1106 937 2007 1008 deutung als Abbild des versunkenen Wien
1099 976 2001 1045 eine menschlichere Bedeutung gibt. Sie ergibt
1102 1013 2006 1092 sich nicht aus seinem Sein, sondern aus seiner
1101 1075 1999 1137 Einstellung; „wir spielen immer schwebt auch
1111 1128 2004 1173 über diesen Dingen: sie ergibt sich aber zu¬
1109 1141 2001 1218 weilen — und das ist das Entscheidende. Sie
1109 1205 2008 1265 verbleibt im Bereich der Literatur, kommt aus
1111 1226 2000 1301 dem Wissen: indem sie etwas zu unserem
1111 1267 2002 1342 Leben hinzutut, legitimiert sie sich und ihren
1107 1325 2005 1385 Dichter von dem einzigen Punkte aus, der für
1097 1386 1999 1435 die Wertung dieser wunderlichen Betätigung,
1102 1412 2000 1471 die man Schreiben oder Dichten nennt, zu¬
1105 1465 1919 1530 letzt überhaupt nur noch in Frage kommt.
1687 1492 1957 1557 Fechter.“
1612 1909 2573 2009 ADOLF SCHUSTERMANN
1548 1978 2643 2095 ZEITUNGSNACHRICHTEN-BUREAU
1696 2063 2484 2152 BERLIN SO. 16, RUNGESTR 22-24
1620 2140 2656 2258 Zeitung. Neue Preuß. (Kreuz-)Zeitung
2075 2227 2545 2294 Morgen- Ausgabereür
1621 2254 2051 2358 Adresse Berlin
2101 2352 2541 2452 14 MA1I2
1618 2396 1848 2467 Datum:
1602 2529 2685 2587 Arthur Schnitzler, der Wiener jüdische Dichter, feiert ar
1526 2581 2702 2640 15. Mai seinen sechzigsten Geburtstag es ist ganz natürlich
1542 2616 1743 2670 daß ihn i
1774 2628 2697 2673 „Neue Rundschau“ in ihrem Maiheft nicht blos
1537 2663 2706 2721 einen Aufsäsz von Richard Specht (aus einem demnächst, bei Eh
1547 2694 2702 2767 Fescher' erscheinenden Buche) widmet, sondern auch eine größer
1535 2724 2704 2804 Zusammenstellung von Aeußerungen seiner Dichter= und Schrift
1542 2776 2700 2831 stellerkollegen an ihn und über ihn bringt. Es sind da Oskat
1537 2811 2685 2874 Bie, Raoul Auernheimer, Hermann. Bahr
1536 2845 2693 2913 Franz Blei; S. Fischer, der Verleger (welche Ehrel¬
1529 2893 2686 2951 Egon Friedell, Hugo v. Hofmannsthal, Felil
1529 2923 2260 2986 Hollaender, Alfred Kerr,
2260 2932 2701 2988 Heinrich Wanm¬
1533 2976 2691 3036 Jakob Wassermann, Franz Werfel, Stefat
1534 3004 2691 3069 Zweig vertreten, und darüber, daß diese Juden und Juden¬
1535 3049 2693 3098 genossen das Bedürfnis fühlen, ihr Herz gegen oder über Schnitzle
1538 3091 2689 3141 zu entlasten, wundern wir uns selbstverständilch gar nicht, freue
1532 3127 2706 3196 uns im Gegenteil, wrun wir Hermann Bahr Schnitzler „liebe
1533 3158 2691 3206 Arthur“ anreden sehen und Franz Werfel die Weisheit „Eit¬
1530 3195 2703 3256 Meister wie Arthur Schnipler ist unter den Deutschen ein höchs
1534 3237 2694 3299 seltener Fall“ von sich gibt. Aber es sind auch Gerhart Heupt
1527 3276 2697 3319 mann, unser derzeitiger größter deutscher Dichter, wie uns imme
1526 3313 2693 3373 wieder gepredigt wird, und Thomas Mann, der Verfasser de
1516 3341 2702 3406 Betrachtungen eines Unpolitischen“ da, und man stutzt doch ein
1508 3378 2700 3454 wenig, wenn Hauptmann behauptet, daß Schnitzlers Grazi¬
1510 3416 2700 3493 „deutsche Grazie, keine französische sei“ und wenn Thomas Mani
1523 3460 2697 3517 Schnitzler nicht bloß seiner alten und immer neuen Bewunderung
1522 3507 2709 3569 versichert, sondern auch erklärt, daß Schnitzler für Oesterreich eine
1519 3553 2699 3603 ähnliche repräsentative Stellung einnehme, wie etwa Hauptmann
1528 3585 2698 3627 für das Reich. Ja, wenn das boßhaft gemeint wäre, dann könnten
1522 3622 2709 3679 wir Deutschvölkischen ubs schon damit abfinden. Ich denke
1520 3661 2712 3712 natürlich nicht daran, mich in eine Auseinandersetzung über
1528 3700 2716 3781 Arthur Schnitzler einzulassen, ich will hier nur noch kurz meiner,
1522 3734 2713 3786 Ueberzeugung Ausdruck verleihen, daß er für alle anständigen
1527 3776 2703 3827 Deutschen erledigt ist. Wer die Aufführung eines so bedenklichen
1519 3811 2699 3868 Produkts wie die Dialoge „Reigen trotz einer früheren entschie¬
1518 3849 2714 3891 denen Ablehnung des Gedankens gestatten konnte, noch dazu in
1516 3889 2695 3944 einer ko schweren Zeit wie der heutigen, der hat sich selber für
1511 3931 2700 3993 uns abgetan, wir überlassen ihn ganz und gar denen, zu denen
1518 3972 2703 4040 er von Natur gehört, und bereuen, daß wir ihn früher wenigstens
1515 4004 2116 4073 beinabe ernst genommen haben.
2267 4010 2680 4089 Adolf Bartels
