3344 4320
1010 267 1466 376 box 39/3
153 266 904 391 goth Birthdar
336 738 512 824 Seite 2
1191 753 1904 833 Breslauer Theater=Woche
2492 749 2786 834 Nummer 18
325 865 1577 972 nis dieses Dichters: die innere Einstellung auf Schnitz¬
1559 870 2777 966 der Wiener Dichter ist. Und daß seinen Dichtungen, bei¬
320 938 752 1012 lers Wienertum.
1564 945 2776 1022 spielsweise seiner „Liebelei“, durchaus die Wertung einer
431 984 1563 1058 Und ich fürchte, daß es einer großen literarhistorischen
1563 998 2784 1066 klassischen Schöpfung gebührt. Als Schlüssel zu Schnitz¬
334 1022 1549 1105 Distanz bedürfen wird, um Schnitzler, jenseits der häß¬
1564 1041 2785 1094 lers Schaffen sollten die gleichen Worte gelten, mit denen
334 1086 1549 1156 lich aktuellen Aeußerlichkeiten, an denen er, der Vornehm¬
1566 1093 2475 1149 Grillparzer sich selbst gekennzeichnet hat:
334 1131 1555 1207 esten und Stillsten einer, keine Schuld trägt! in seiner
1665 1124 2781 1212 Hast du vom Kahlenberg dir rings das Land besehn,
325 1192 1546 1250 ganzen dichterischen Größe zu erkennen. Aber gerechter¬
1666 1191 2771 1261 So wirst du, was ich schrieb und was ich bin, ver¬
322 1236 1561 1322 maßen sollte auch unsere Generation bereits wissen, daß er
2524 1242 2694 1320 stehn.“
607 1340 2519 1481 Wie Strindbergs „Totentanz“ entstand.
1009 1485 2117 1585 Zur Strindberg=Gedächtnisfeier im Lobe-Theater.
1322 1549 1787 1628 Von Emil Schering.
345 1593 1557 1731 Während seines Aufenthaltes in der füdschwedischen
1549 1611 2775 1697 den Worten: „Die schreibe ich, wenn ich recht alt werde“:
504 1676 1557 1717 Universitätsstadt Lund (189699) machte Strind¬
1558 1674 2778 1723 und ein andermal sagte er: „Es ist eine schwere Arbeit,
331 1715 1564 1765 berg die Bekanntschaft des jungen schwedischen Lyrikers
1549 1720 2769 1769 historische Dramen zu schreiben“. Er fühlte das Bedürf¬
329 1765 1549 1827 Emil Kléen, der zweimal in der Woche von Malmö, wo er
1561 1768 2779 1842 nis, sich bei modernen Stoffen zu erholen. Zunächst ging
1635 1821 1685 1871 80
328 1822 1539 1882 wohnte, herüberkam, um mit Strindberg zusammen zu sein
1663 1821 2786 1885 an ein Volksstück, das das restaurierte Sti, kholmer
333 1868 1551 1932 Schließlich, im Herbst 1898, kam Kléen ganz nach Lund,
1560 1867 2783 1938 Volkstheater, das Theater des Südens, einweihen sollte.
318 1919 1554 1975 leider nicht freiwillig, sondern weil er sich wegen fort¬
1567 1919 2775 1965 Der Stoff verstand sich für Strindberg, das Stockholmer
315 1956 1557 2022 geschrittener Schnindsucht ins Krankenhaus aufnehmen
1557 1964 2777 2031 Kind, von selbst: Mittsommer, das charakteristischste Stock¬
319 2010 1554 2074 lassen mußte. Hier besuchte ihn Strindbere täglich und
1548 2011 2787 2081 holmer Fest; zumal er längst einen Zyklus Spiele für die
318 2054 1542 2126 wurde Zeuze seines langen, langsamen Todeskampfes.
1555 2061 2782 2123 Feste des Jahres geplant, den er 1898 mit dem Weih¬
331 2114 1551 2181 Von Tag zu Tag sah er den Körper des Kranken immer
1568 2110 2777 2183 nachtsspiel „Advent“ begonnen hatte und mit einem Passi¬
327 2164 1557 2224 mehr zusammenschrumpfen, die Knochen immer mehr
1557 2166 2774 2224 onsspiel „Ostern“ fortzuführen gedachte. Die Arbeit an
317 2194 1547 2275 hervortreten. An einem der ersten Dezembertage kam
1569 2209 2777 2269 „Mittsommer“ während des Sommers 1900 ging langsam
333 2263 1560 2342 er gerade ins Zimmer, als der Kranke, ihm ein letztes
1554 2263 2787 2315 von statten; ####ußte die Poesie kommandieren. „Ich habe
314 2295 978 2371 Lebewohl zunickend, verschied.
1561 2313 2778 2383 keine Freude mayr an der Arbeit“, klagte er in dieser Zeit:
421 2341 1556 2426 Dieses Erlebnis ist der Keim zum „Totentanz“; der
1558 2352 2779 2413 und ein andermal sogar: „In zwei Jahren bin ich fertig,
1560 2403 2212 2477 habe ich mich ausgeschrieben!“
325 2397 1549 2452 Dichter trug ihn jahrelang mit sich herum, bis er sich zu
330 2450 1270 2524 dem Werke auswuchs, das wir jetzt besitzen.
1656 2452 2788 2516 Auf einmal ein Umschwung, Herbst 1900; strömende
417 2486 1558 2555 Inzwischen ging Strindberg in seinen historischen
1547 2503 2786 2562 Produktivität, aus dem Innersten heraus: Im Laufe
328 2547 1558 2612 Dramen auf, deren erste beiden, „Die Folkunger“ und
1551 2551 2787 2618 weniger Wochen „Ostern“ fertig, und unmittelbar darauf,
320 2586 1556 2669 „Gustav Wasa“, er noch in Lund vollendete. Den Sommer
1556 2594 2789 2660 in noch kürzerer Zeit, „Totentanz“ (Teil I). Das Ge¬
326 2619 1553 2700 1899 verbrachte er in den Stockholm vorgelagerten Schä¬
1552 2648 2791 2709 heimnis dieses Umschwungs war Harriet Bosse, Strind¬
326 2694 1546 2749 reninseln mit der Arbeit an „Erich XIV.“, um im Herbst
1547 2693 2786 2781 bergs dritte Frau. „Ich habe wieder Freude an der Ar¬
323 2744 1559 2829 dauernd nach Stockholm überzusiedeln. Hier erwertete
1562 2745 2119 2815 beit“, erzählte er glücklich.
321 2793 1545 2854 ihn eine Theatersaison, wie sie selten einem lebenden Dra¬
1650 2779 2778 2856 „Ostern“ und „Totentanz“ gehören nicht nur zeitlich
329 2844 1546 2917 matiker zuteil wird. Das „Schwedische Theater“ spielte
1557 2840 2775 2910 eng zusammen. „Ostern“ war innerhalb des Festspiel¬
323 2895 1538 2959 seine ganze Wasatrilogie „Meister Olof“, „Gustav Wasa“,
1546 2893 2778 2947 zyklus eher geplant, als ein Kern vorhanden war; den
1556 2940 2773 3004 brachten die Östertage 1900, an denen Strindberg die zehn
321 2950 1545 3008 „Erich XIV.“ mit einem Erfolg, dessen Größe man aus
329 2965 1555 3040 der Zahl der Aufführungen in dieser einen Saison ermessen
1549 2992 2776 3046 Jahre alten Akten des Scheidungsprozesses seiner ersten
318 3039 1526 3100 kann: „Meister Olof“ 60, „Gustav Wasa“ 50, „Erich XIV.“
1553 3034 2776 3098 Ehe durcharbeiten mußte. Gestalt nahm die Osteridee dann
326 3088 1546 3137 40; berücksichtigen muß man dabei, daß Stockholm nur
1558 3083 2785 3147 an, als er in Harriet Bosse die das Österevangelium
1547 3139 2780 3185 der Erlösung bringende Mädchengestalt der Eleonore sah.
316 3135 1558 3196 300000 Einwohner hat. Durch diesen Erfolg sah sich das
329 3184 1541 3241 Dramatische Theater veranlaßt, eins von den neuen mo¬
1557 3184 2780 3233 So bedeutet „Ostern“ für den Dichter den Beginn einer
330 3235 1544 3289 dernen Dramen Strindbergs, nämlich „Rausch“, aufzu¬
1548 3229 2781 3294 neuen Zeit, einer neuen Jugend; und als Gegenstück dazu
1554 3281 2780 3343 wurde „Totentanz“ die Abrechnung mit der alten Zeit, mit
322 3285 1542 3346 führen, das es trotz der vorgerückten Saison noch auf
1553 3330 2755 3391 der Vergangenheit. Stand für die Hauptfigur in „Ostern“
323 3335 1546 3393 30 Aufführungen brachte, um dann in den Ferien mit
326 3378 1552 3434 40 weiteren Aufführungen einen Siegeszug durch die Pro¬
1555 3373 2779 3434 Harriet Bosse Modell, so Strindberg selbst für Kurt im
316 3427 1552 3492 vinz zu machen. „Diese Saison wird ein Markstein in der
1561 3428 2775 3495 „Totentanz“. Den Horizont beider Dichtungen aber gab
326 3480 1543 3535 Geschichte des schwedischen Theaters bilden“, schrieb da¬
1562 3477 2777 3546 die transzendentale Weltanschauung ihres Schöpfers: er
1567 3514 2790 3606 sah die beiden Hauptgestalten an der Grenzscheide der realen
327 3520 1548 3589 mals der Literaturhistoriker Prof. Warburg. Mit einem
1560 3577 2182 3648 und der irrealen Welt stehen.
324 3576 1547 3621 Schlag war Strindberg aus dem bestgehaßten der popu¬
326 3627 1550 3688 lärste Mann Schwedens geworden. Er ruhte sich in diesem
1651 3606 2773 3683 Damit war „Totentanz" für Strindberg „fertig“; das
1553 3669 2771 3726 Niederschreiben war das wenigste. Er knüpfte an die Ver¬
329 3676 1543 3734 Glück aus und schrieb gemächlicher als sonst, im Laufe von
318 3725 1536 3787 sechs Monaten, Winter 18991900, seinen „Gustav Adolf“.
1546 3722 2769 3771 gangenheit an und ließ die Gestalt seines „Vaters“ aufer¬
1546 3773 2779 3840 stehen: er knüpfte an die Vergangenheit an und nahm die
327 3776 1544 3844 Er glaubte am Ziel zu sein und eine gewisse Ruhe trat ein
1558 3821 2770 3888 Technik der „Gläubiger“ auf; „aber ohne deren Intrige“,
312 3818 1536 3877 nach den ungeheuren Aufregungen („Inferno“!) und An¬
326 3872 1553 3938 streugungen der letzten Jahre. Die historischen Dramen
1545 3859 2772 3933 wie er sagte. Als er die letzte Zeile geschrieben hatte (es
314 3916 2792 3997 ließ er vorläufig liegen; deren Entwürfe zeigte er mir mit handelt sich vorläufig nur um den ersten Teil), ging er aus
