3344 4384
206 339 1542 466 6oth Birthdag box 39//3
2707 975 2943 1090 39.600.—
2064 981 2431 1071 aufwatis von
998 1006 2032 1127 250.— Wirtschaftsschürzen (weiß).. . 1,810.—
2017 1009 2740 1131 Damenmäntel, modernste Aus¬
245 1044 798 1131 Wasserflaschen ½ Liter
2074 1072 2959 1148 führung, aufwärts von .  30,000.—
2986 971 3228 1160 330.
1336 1087 1874 1170 Teppichabteilung:
994 1094 1171 1166 320.—
247 1113 754 1181 Wusserflaschen, 1 Liter
2743 1121 2968 1175 26,000.—
1862 1113 2059 1196 Krenen
2052 1123 2371 1191 Gummimäntel
2982 1134 3312 1208 Gemälde Aquarelie,
1004 1148 1148 1204 290.—
242 1132 564 1213 Seidelgläser
2980 1174 3291 1220 Zatlquitäten.
1154 1143 2059 1230 Reiche Auswahl in Velour 70/90, Tapis¬
2046 1139 2954 1243 Seidenkleider aufwärts von . 33,750.—
1010 1187 1161 1240 390.—
238 1183 549 1252 Krügelgläser
2983 1197 3312 1250 (u. a. aus vom Nac
1147 1208 2074 1299 Serie 70, Holländer 65/90 und Kokos 67/90 zu
1000 1218 1163 1279 390.—
2093 1212 2926 1304 Herrenkonfektionsabteilung:
251 1207 1008 1298 Vorzellankaffeeschalen mit Untertasse
2989 1229 3319 1300 Schaustellu
1384 1249 1835 1308 unerreichten Preisen.
2771 1243 2947 1309 Krouen
1000 1252 1148 1319 140.—
255 1264 770 1333 Vorzellankaffeetöpfe
2984 1269 3317 1341 von 10—1 Uhr, Mont
1008 1256 2063 1349 330.— 4/4 Läufer pro Meter aufwärts von 3,250.—
2743 1300 2983 1357 26,300.—
3219 1308 3310 1355 18. 1
253 1306 742 1378 Steingutteller, flach,
990 1290 2379 1397 280.—8/4 Läufer pro Meter aufwärts von 4,550.— Gummimäntel
242 1346 768 1415 Steingutteller, Dessert,
1666 1324 3010 1418 . . .. 60,000.— Cheviotanzüge aufwärts von  60000.—
251 1359 1631 1458 Messinggewichte in Holzetui . . . . 1800.—Karamenie=Ueberwürfe
1126 1435 3313 1555 Bangigkeit sich mengt. Sechzig Jahre. offenbar glänzende Karriere dadurch ver¬ geringsten Tatsc
1156 1479 3324 1585 Das ist: sehr viel Vergangenheit, ist darb, daß er die Laune hatte, auf dem flüchtigsten Wor
428 1448 1000 1589 Artar Sönitler.
1161 1526 3328 1630 Abenddämmerung und sanftes Dunkel= Gebiete der Dichtkunst zu dilettieren. Nur ihn ein geistige
410 1567 1012 1651 (Zum 60. Geburtstag.)
2053 1579 3328 1648 seine Freunde erkannten ihn gleich damals bis zu einer Hö
1164 1588 2080 1677 werden. Aber es ist auch immer noch eine
635 1623 794 1698 Von
2062 1622 3322 1702 als einen Dichter, der bloß durch den sphärische Druch
1162 1656 2067 1734 starke Gegenwart, und es gibt immer noch
448 1658 971 1761 Felix Salten.
2060 1674 3320 1750 Zwang, Medizin zu treiben, in seiner weicht, in der d
1167 1711 1614 1790 ein neues Morgen.
2062 1703 3325 1792 Kunst gehindert und beengt werde. Aus schwerlos und sc
153 1681 392 1837 #
1556 1742 1702 1828 II.
2061 1761 3332 1836 diesen Anfängen jedoch empfing sein alle Wichtigkeite
341 1751 1186 1854 Wenn die Nachmittagsschatten über
1228 1815 3328 1888 Er war ein verwöhnter junger Mann, Wesen die entscheidenden Farben. Die Melancholie u
241 1794 1187 1894 den Wipfeln liegen, fängt dieser alte
1159 1843 3323 1930 damals, in seinen Anfängen, elegant, Menschen, die er darstellt, sind bürger= Traurigkeiten
253 1859 1169 1954 Garten zu atmen an. Beinahe hörbar ist
1173 1888 3326 1980 vornehm, von Luxus umgeben, in Sorg=liche Menschen, voll Kultur, voll geistiger Liebelei. In seit
248 1915 1171 1993 es, wie er atmet. wie vom Rasen der
2067 1952 3331 2025 Feinheit, seelisch differenziert und pro= bessere Jenseit
1166 1953 2079 2036 losigkeit aufgewachsen. Der Sohn eines
256 1961 1187 2039 bittersüße, kraftvolle Geruch der vielen
2059 2004 3326 2072 blematisch. Gestalten aus der Tiefe des Lächeln des Ueb
1160 1999 2080 2080 großen, vielgerühmten Arztes und Pro¬
253 2009 1173 2080 kleinen wilden Blumen, der Gräser und
2066 2035 3330 2118 Volkes hat er nur wenige geschaffen. Sie und Leisenbohg##
1162 2055 2078 2125 fessors, stand Artur Schnitzler mitten im
253 2060 1176 2137 der lebendigen Erde emporsteigt, wie der
2963 2085 3334 2172 der Wichtigkeite
2068 2092 2976 2166 tauchen da und dort an der Peripherie
249 2093 2084 2164 Duft von den Zweigen und aus den Ge¬ Treiben der glänzenden Wiener Gesell¬
2079 2146 2980 2216 seiner Werke auf und wirken immer wie
249 2139 2077 2217 büschen weht. Ganz oben in den höchsten schaft, war er in den Spuren seines
2066 2190 2982 2256 aus der Ferne gesehen. In allen seinen
1174 2189 2078 2262 Vaters ohne besondere Frende einen vor¬
3017 2182 3335 2287 Eine Quelle
253 2206 1177 2288 Aesten schlagen und pfeifen die Amsein.
2064 2226 2987 2312 Werken ist der Schimmer eines festlich
1170 2239 2075 2316 bestimmten Studienweg gegangen und
251 2250 1175 2317 Manchmal saust in wunderbaren
2953 2248 3320 2323 das Staunen.
1170 2281 2979 2371 nach dem strengen väterlichen Willen Arzt erleuchteten, eines inbrünstig genossenen
260 2298 1176 2370 Schwunglinien der Flug einer Schwalbe
2955 2293 3333 2369 und meisterliche
2071 2334 2987 2393 Lebens, und in allen seinen Werken ist
1171 2336 2084 2413 geworden. Sein Leben ging damals hin
2958 2347 3330 2424 Verstehen und
255 2345 1178 2423 durch den Raum; in überraschenden, bei¬
2088 2369 2986 2449 die dunkel schattende niemals vergessene
1170 2380 2090 2456 zwischen dem trübseligen Ernst des
2960 2397 3301 2470 hänge. Ein
262 2390 1175 2464 nahe beglückenden Linien, die sich wie ein
2078 2411 2983 2490 Nähe des Todes. Denn seine Jugend,
1181 2419 2078 2504 Spitals und der Heiterkeit des Salons,
2958 2443 3341 2512 wordenes Stau
262 2445 1182 2510 lautloser Jubel in die Luft schreiben.
2074 2475 2997 2539 hingebracht in den glänzenden Salons
1178 2471 2079 2552 zwischen den Krankenbetten der Klinik,
255 2487 1183 2567 Irgendwo in der Ferne spielt ein Leier¬
2070 2490 3335 2582 der Reichen und in den düsteren Spi= Liebe; über die
1170 2519 2079 2589 wo die Menschen leiden und sterben und
2973 2543 3330 2602 gabe und be
254 2533 1190 2618 kasten, irgendwo weit weg läuten die
1180 2563 2992 2645 den hübschen kleinen, verborgenen Zim= tälern der Armen, hat immer Beides vor
2977 2576 3330 2652 Weibes; über
263 2573 1187 2654 Glocken, irgendwo klingt der gleich¬
1188 2615 2977 2695 me##t, in denen ein hübscher, vornehmer Augen gehabt: blühendes Leben und
2966 2635 3330 2696 keiten des Glück
258 2623 1190 2710 mäßige heitere Hufschlag trabender
1178 2659 2084 2731 junger Mann eine reizende kleine Ge¬
2078 2659 2526 2758 tragisches Sterben.
2981 2677 3342 2746 durchwühltes
259 2684 1186 2752 Pferde und leises Wagenrollen; und
1183 2700 2096 2784 liebte umarmt. Inmitten dieser gegen¬
2470 2710 2622 2805 III.
2959 2712 3341 2794 Menschen, die
268 2725 1188 2797 von draußen her, von den ferner
1191 2749 2092 2826 sätzlichen Schauplätze aber lag ver¬
260 2763 1187 2863 abliegenden Wiesen, die zum Kahlen¬
2132 2775 3336 2843 Von der Liebe sprechen alle seine wesen, so endlo
1190 2793 2098 2875 schlossen und behütet sein eigenes
271 2821 1187 2891 berg sich hinanbreiten, tönt das Rufen
2078 2819 3346 2909 Bücher, alle diese Erzählungen diese gleiten können;
1189 2845 2083 2924 Studierzimmer, der Schauplatz seiner
274 2862 1202 2943 spielender Kinder. In der bewegten
1186 2860 3346 2970 wirklichen, seiner eigentlichen Existenz. kleinen Dialoge und großen Theater=mag, was jem
270 2912 1200 2980 Stille einer solchen Stunde wenden sich
2076 2910 3348 2999 stücke. Von der Liebe und vom Tode. Auch schüttertes Sta#
1192 2933 2093 3013 Dort laß er alle die Bücher, die
273 2953 1189 3035 hier in diesem Garten meine Gedanken
2096 2963 3337 3037 wenn sie sich anders geben, auch wenn sie Fülle des Dasei
1189 2986 2090 3069 ihn weit weg von der Medizin
278 3007 1202 3081 und Erinnerungen zu Artur Schnitzler,
2095 2988 3344 3084 manchen sinnreich unsinnigen und er= daß dieses straß
1193 3035 2093 3106 führten, dort war er mit Freunden
266 3056 1213 3123 der nun als Sechzigjähriger gefeiert wird.
2086 3051 3342 3137 staunlichen Verknüpfungen des Schicksals Einleitung en
1189 3076 2106 3154 beisammen, von denen keiner etwas mit
2092 3100 3337 3173 nachspüren, auch wenn Streit, Aufruhr, geht; daß dies
279 3102 1202 3175 Mehr als die Hälfte dieses Lebens habe
283 3124 2090 3224 ich nahe mitgelebt, vierunddreißig von Medizin zu tun hatte. Dort war ein
2088 3141 3345 3226 Tapferkeit und Not des Daseins sie er= Atem der Leben
283 3162 2100 3269 diesen sechzig Jahren. Und alle diese Patient, wenn jemals einer anklopfte,
2091 3187 3362 3271 füllen und durchschüttern möchten, ist ihr Minute ausgel
1195 3200 2103 3297 ein wenig willkommener, störender Be¬
286 3243 1216 3319 Werke sah ich entstehen, vom Anfang an.
1210 3242 3336 3340 such. Und dort schrieb er seine ersten Inhalt die Liebe und der Tod. Eine merk= kann. Dieses de
282 3280 1210 3372 Nun fällt die Abenddämmerung ringsum
1206 3333 3359 3387 Dichtungen, den „Anatol“ und „Liebe= würdige Kraft und Andacht des Erlebens der Jünglinge
278 3334 1210 3416 im Garten nieder, dieses sanfte D#nkel¬
1195 3373 3351 3432 lei“ Damals hat ihn die Wiener Gesell= läßt diesen Dichter die blutdurchströmte Schicksal und v
280 3371 1208 3469 werden, dieses Hinschwinden und Ein¬
294 3386 3320 3504 schlummern eines Frühlingstages darin schaft, hat ihn die Wiener Presse als einen Schwere der kleinsten Geschehnisse empfin= den Jahren
295 3421 3360 3568 so viel Trost mit so viel aufwühlender jungen Arzt angesehen, der sich seine den, die unauslöschliche Realität der schwichtigt wo
1849 3579 3045 3679 unsre Herren- und Damenktoffe, Leinenouren,
3030 3550 3360 3688 Restenud
1320 3661 3349 3773 unld Juar Volles, Dirndistoffe, Etamine und Futterwaren Wien, e. 5
621 3614 1322 3803 Preiswert
