3344 4320
235 342 362 433 60
342 297 1591 431 Oth Birthday box 39/3
3045 1475 3331 1564 —iist Aur
1651 1537 3345 1612 um die Darstellungen Poincarés über die englischen russischen Polemik. 2#
974 1529 1579 1620 Ihen Gespiechungen
2737 1581 3353 1656 Vorschlag, eine Experten
389 1582 2742 1649 das Ende erreicht. Alles, was nun folgt, ob es nun bis Verhältnisse zu charakterisieren, führt Garvin weiter aus,
392 1645 3361 1700 Donnerstag oder bis Samstag dauern wird, ist nur noch wird zweifellos die auswärtige Politik das Hauptlosungs= um folgende Fragen zu prüfe
1533 1688 3351 1745 wort bei den nächsten englischen Wahlen sein. Wenn b) Fragen des Privateigentum
378 1680 869 1752 eine reine Formalität.
2726 1779 3360 1848 höchst verrucht geltenden „Ar
1558 1783 2734 1851 als Knabe zu „dichten“ begann: Römertragödien, Gedichte,
378 1789 1576 1863 nur: Ich bin am 15. Mai 1862 in Wien geboren und war
2735 1830 3347 1895 kennen zu lernen. Auch im C
1564 1810 2734 1890 Entwürfe und Versuche aller Art. Aber an Schriftstellerei
388 1835 1576 1890 Arzt.“ Und war Arzt — das steht auch in allen Biographien
2738 1859 3332 1944 quartier des „Jungen Wien“,
1574 1887 2740 1941 als Beruf dachte er auch als Jüngling und junger Mann
389 1880 1577 1950 und Abhandlungen, sonst nichts. Und gerade dieses Kapitel
2736 1915 3359 1972 haben, allerdings von allerlei
1571 1919 2741 1983 noch lange nicht. Er machte die Gymnasialmatura, absolvierte
385 1925 1569 1990 ist sicherlich das interessanteste, weil Schnitzler auch später,
2734 1967 3361 2041 Randbemerkungen der Kaffe
1576 1957 2749 2026 in den üblichen sechs Jahren die medizinische Fakultät der
387 1979 1571 2023 nachdem er den ärztlichen Beruf längst aufgegeben hatte,
2740 2019 3352 2077 Kollege Dr. Sternberg ben
1571 2013 2737 2068 Wiener Universität, war trotz seiner zunehmenden literari¬
381 2023 1580 2089 immer Arzt blieb: in seinen Werken und Gestalten, in den
2730 2049 3360 2125 als Erinnerung an diese gem
1562 2056 2749 2122 schen Neigungen, Pläne und Freundschaften ein fleißiger
385 2068 1573 2137 Milieus und Problemen, in der Art, mit zugleich klinischem
2729 2105 3360 2168 ein von Dr. Artur Schnitzler
1577 2109 2739 2162 Student und promovierte 1885. Von 1886 bis 1888 war er
393 2110 1573 2166 und mitfühlendem Blick die Menschen, ihre Zustände und
2735 2152 3358 2222 dem er ihm ein Gurgelwasser v
1568 2152 2741 2214 Sekundararzt im Allgemeinen Krankenhaus bei den Pro¬
388 2156 1576 2222 Leiden anzusehen, durch dichterische Perkussion und Aus¬
2736 2193 3011 2262 Griensteidl.
1560 2196 2741 2278 fessoren Standhartner Weinlechner und Meynert. Dann be¬
387 2202 1575 2276 kultgtion in den kompliziertesten Fällen zu den über¬
2835 2221 3360 2308 Aber dann kam die „Lie
1573 2229 2757 2314 gann er sich für das Fach seines Vaters zu spezialisieren, die
383 2243 1574 2301 raschendsten psychologischen Diagnosen zu gelangen. Der
2734 2269 3361 2364 Burgtheatererfolg und die ra
1571 2273 2744 2352 Laryngologie, und wurde sein Assistent an der Poliklinik.
385 2283 1577 2353 ärztliche Beruf, der Arzt als Mensch kehrt überall bei
2745 2331 3331 2383 und Berühmtheit. Der Dr.
1573 2339 2746 2397 In diese Zeit fallen schon seine später in der „Schö#en
394 2338 1585 2415 Schnitzler wieder, und meistens mit besonderer Liebe und
2727 2366 3350 2448 Ordinationszimmer in der Fra#
1566 2374 2747 2440 blauen Donau“ erschienenen Gedichte, Skizzen und Sprüche,
398 2389 1575 2448 Sympathie gezeichnet, mit jener begreiflichen Vor¬
2750 2430 3355 2488 stark frequentiert gewesen wa
1566 2409 2747 2490 aber seine erste größere Veröffentlichung war doch ein Aufsatz
390 2421 1574 2495 eingenommenheit, die wir alle für die ersten Eindrücke der
2748 2475 3353 2531 größere und bedeutsamere O
1577 2468 2753 2538 in der von seinem Vater redigierten medizinischen Zeitschrift:
397 2463 830 2555 Jugendreife haben.
2753 2512 3362 2575 Schaffen. Denn wie nach einem
1576 2506 2745 2582 „Behandlung nervöser Stimmstörungen durch Hypnose und
499 2504 1584 2593 Es ist also nicht bloße Geburtstagsneugierde und auch
2750 2567 3359 2630 in den Werken jedes produzier
1579 2550 2756 2624 Suggestion.“ Wenn man will, kann man in diesem Thema
397 2559 1588 2640 nicht Indiskretion gegenüber rein persönlichen Dingen, wenn
2742 2604 3354 2666 ein bestimmender starker Ju
1585 2615 2751 2677 schon den späteren Dichter der geheimnisvollen rätselhaften
390 2616 1574 2684 man den ärztlichn Anfängen Artur Schnitzlers, seinen
2740 2646 3352 2711 kehrt, so steht auch hinter alle
1578 2666 2744 2725 Dinge erkennen, wogegen es kaum möglich sein bürfte, einen
397 2658 1578 2719 vielfachen Zusammenhängen mit der medizinischen Wissen¬
2751 2697 3360 2770 hat, immer wieder der Arzt im
1572 2705 2745 2763 literarischen Zusammenhang zwischen Artur Schnitzlers
389 2711 1576 2774 schaft nachgeht. Der erste wichtigste Zusammenhang war
2748 2744 3361 2807 Seine Praxis wurde die Men
399 2746 2752 2815 durch den Vater gegeben: Professor Johann Schnitzler, Werken und dem „Klinischen Atlas der Laryngologie“ zu
2734 2787 3362 2856 dieses Seelenspezialisten kam d
388 2782 2749 2875 damals der erste Laryngologe der Wiener Universität. Er konstruieren, den er zusammen mit seinem Vater und seinem
2744 2833 3346 2914 baren Patienten, die irgendwie
389 2841 2621 2908 war der behandelnde Arzt aller Theatergrößen dieser Zeit: nachmaligen Schwager, Professor Hajek, herausgab.
2741 2888 3349 2948 Altern und am Sterben litter
1670 2868 2759 2948 Alles Spätere aus Artur Schnitzlers kurzer ärztlicher
406 2891 1593 2963 Sonnenthal, die Wolter, Siegwart Friedmann, die Sänger
2750 2933 3362 3010 losesten unter ihnen gingen do
1574 2931 2754 2997 Laufbahn ist schon schwieriger und nicht mehr so genau fest¬
392 2937 1588 2996 der Hofoper. Mit den meisten dieser Künstler stand Professor
2758 2970 3360 3037 seiner Sprechstunde. Das ist au
1580 2973 2764 3057 zustellen. Er unternahm eine ärztliche Studienreise nach
405 2993 1578 3048 Johann Schnitzler in freundschaftlichem Verkehr, so daß
2757 3031 3358 3100 Lesen von Artur Schnitzlers
1586 3018 2756 3088 London, er eröffnete eine Praxis als Kehlkopfspezialist und
405 3032 1593 3087 außer den medizinischen auch Kunst= und Theatereindrücke
2747 3069 3337 3142 das Dankgefühl gegenüber
1582 3080 2758 3139 ordinierte eine Zeitlang auch dann noch, als er als Schrift¬
398 3079 1590 3149 frühzeitig auf den Sohn einwirkten. Diese Theatereindrücke
2758 3110 3359 3184 an Nervosität, Ueberempfin
1586 3120 2759 3190 steller schon sehr bekannt war. Junge Damen sollen gern in
392 3113 1595 3179 wurden noch durch den Großvater mütterlicherseits Doktor
397 3176 3358 3231 Markbreiter verstärkt, der als Theaterarzt tätig war. Das seiner Ordination erschienen sein, von keinem anderen Leiden! laborierenden Generation gehe
392 3231 3302 3297 war vielleicht der äußere Anstoß, daß Artur Schnitzler schon geplagt, als der Neugier, den jungen Dichter des damals als kennen und zu verstehen.
