3392 4352
761 297 863 367 d
203 295 973 419 GOth BITAY
1792 158 2348 291 —
1126 284 1583 371 box 39/3
986 1063 1057 1114 17
981 1164 2500 1246 ein Karr, ein Niemand, ein Nichts. Geduld, Beduld, bis er endlich
972 1242 2506 1294 wächst und sich dehnt, das Haus füllt und den Bogen der Rache
971 1301 2505 1370 spannt, bis aus der scheinbaren Schlacke die masestätische Glut
988 1356 1531 1434 der Rache hervorbricht.
1051 1429 2500 1486 Und so biegt immer wieder ein Bettlermantel den hauptmannschen
983 1467 2497 1533 Helden, ein Weberkittel oder abgetragener Schulmeisterrock den
987 1518 2501 1601 hauptmannschen Heiligen und Heiland. Selten, spät, kurz, doch um
988 1592 2507 1663 so kostbarer und voller beschert er ihnen und uns den großen
983 1651 2504 1712 Augenblick des Herauswachsens, des Schrankensprengens, der Be¬
987 1715 2504 1778 freiung, Erfüllung, mag er dann Kausch oder Wunder, Vision oder
998 1780 2502 1849 Himmelfahrt heißen, — den unbedingten Rugenblick des Absoluten.
1060 1827 2508 1885 Dieser Dichter ist kein frei schwebender Kriel, sondern ein An¬
989 1877 2506 1949 täus, und kann nicht in die leere Lust springen, ohne seine Kraft
996 1955 2521 2012 zu verlieren; er ist ein Baum, dessen Wipfel noch von dem Salz
996 2008 2521 2072 der Erde zeugt, das er aufsaugt, aber dessen Zweige sich wie
986 2050 2521 2119 sehnsüchtige Arme himmelwärts breiten und auf dessen Spitzen die
999 2118 1724 2190 Dögel des Himmels jubilieren.
1061 2176 2512 2237 Liebt Hauptmann den Bettlermantel, den Weberkittel! Nicht
1001 2226 2509 2301 um ihrer selbst willen, gewiß, nur um dessentwillen, was sie be¬
1003 2280 2515 2374 herbergen. Der Künstler seines „Hirtenliedes“ schreit sein Leiden
1006 2342 2508 2423 an der Nothaftigkeit und Häßlichkeit heraus; im Kerker der Groß¬
994 2398 2515 2481 stadt hält ihn kaum noch das Mitleid, die Solidarität. Seine
1001 2477 2516 2527 Sehnsucht dürstet nach den Gefilden der Hirten. Fast zu hestig ist
1008 2533 2527 2598 in Hauptmann dieser drang geworden in patriarchalische oder
1002 2579 2520 2647 märchenhafte oder vom Zauber zeitlicher und örtlicher Ferne ver¬
1007 2637 2534 2718 goldete Welten; sein deutsches Herz beherbergt Südsehnsucht und
1000 2715 1283 2789 Romantik.
1078 2750 2520 2840 Aber seine überzeugenösten dichtungen wachsen auf der Heimat¬
1005 2841 2527 2892 erde, im Umkreis seiner Jugendwelt, aus der Not der Gegenwart,
1001 2899 2522 2967 aus dem Alltag, aus dem Völkischen, aus dem Deutschtum. Sie
1014 2941 2540 3008 wachsen freilich darüber hinaus in eine zweite Heimat, denn etwas
1016 3006 2541 3075 wie Heimweh nach einem Metakosmos ist die „andere Seele“ dieses
1016 3046 2539 3116 dichters. Bei allem Verhastetsein im Wirklichen geht er nicht in
1007 3133 2535 3184 flämischer, strotzender Daseinsfreude ganz darin auf. Mag er aus¬
1014 3166 2532 3236 nahmsweise wie im „Ketzer von Soana“ eine Hymme auf das
1021 3235 2530 3310 sinnlich Naturhafte anstimmen, mag eine Erzrealistin wie die Wasch¬
1015 3282 2544 3353 frau Wulffen unverwüstlich und „in allen Wassern gewaschen“ sich
1014 3355 2533 3434 tummeln und überall zurechtfinden (auch in den Taschen anderer!) —
