3344 4480
1801 136 1911 239 ——
1092 228 1556 323 box 39/3
222 227 1015 356 6oth Birthday
2618 1101 2850 1202 ## tüssen,
1685 1154 2848 1261 hält es Tschitscherin für seine Pflicht, persönlich zu er¬
793 1194 1402 1277 vellstandig Reder- und aozugiter.
1687 1251 1873 1336 scheinen.
145 1241 518 1326 ihr hungen. In
1766 1267 2862 1344 Der bärtige, rothaarige Herr Professor wirft sich also
125 1301 505 1370 ung, sondern nur
678 1302 1524 1382 Zu beziehen zum Nennwert von 100% durch
1682 1314 2849 1414 allabendlich in den Frack, und neben den Sowjetstern ver¬
130 1338 510 1432 fe Gleichgültigkeit.
674 1356 1511 1440 alle Banken, Bankiers und Wechselstuben in
1680 1363 2855 1451 gißt er nicht, er erinnert sich seiner juristischen Diplomaten¬
818 1388 1385 1442 Wien und den Bundesländern.
146 1394 522 1472 eisigbalten Fahrt
125 1446 302 1514 zogen.
1684 1463 2851 1560 dies ist ein Spiegel irdischer Vergeblichkeit, grausiger, groß¬
513 1519 1690 1590 nicht genügen, dadurch werden sie tragisch oder komisch. Die
1685 1512 2860 1595 artiger und erschütternder als alle mittelalterlichen Toten¬
523 1546 1680 1631 Umwelt hindert sie, oder sie sind zu weich, die Umwelt zu
131 1558 272 1632 ter.
1681 1556 2864 1642 tänze. Rirgends nämlich artet das Abbild der Schöpfung in
525 1592 1685 1682 hindern. „Du hast das Liebesleben in mir gemordet“ läßt
1686 1596 2863 1689 eine bloß artistische Ziergärtnerei aus. Die kühnsten
140 1612 511 1714 beugt sich, lebhaft
516 1622 1677 1745 Ibsen in seinem größten Schauspiel, „John Gabriel
1681 1645 2859 1748 Wendungen (wieder ein schöpferisch merkwürdiger, be¬
141 1685 518 1746 bei dramatischen
527 1686 1675 1777 Borkman“, einé alternde Frau zum alternden Manne sagen.
1680 1691 2864 1777 wältigter Gegensatz!) wurzeln in durchaus robusten,
136 1730 518 1799 ichkeit, vergeht ein
523 1733 1677 1824 Sie erhebt diesen letzten Vorwurf gegen einen andern,
1688 1741 2853 1827 griffigen Charakteren, und der gleiche Strom klaren, mensch¬
140 1773 523 1845 ingt, uns aus den
527 1783 1684 1862 denn Ibsen geht als Ethiker zu Werk. Schnitzle: der
1692 1784 2860 1886 lichen Mitleides, der etwa die Szenen der „Liebelei“ wie
132 1819 520 1890 uhoten; man sucht
523 1829 1692 1915 Medizinmann, horcht seinen Figuren, stumm hingegeben, die
1695 1820 2866 1925 eine Fracht stiller Volkslieder an uns vorübertrug, rauscht
143 1859 528 1936 zine Brille, begrüßt
522 1866 1688 1970 Brust ab, in der die Motive wie im Märchen eng neben¬
1688 1887 2875 1972 auch noch dem letzten Gauner in der Montmartrekneipe
154 1915 524 1982 schon Unrecht tun
534 1916 1690 2003 einander hausen; und mit der flimmrig= fieberigen Selbst¬
1699 1942 2263 2030 brüderlich um die Flicken.
147 1962 532 2034 gen sie vorerst nur
538 1957 1692 2050 beobachtung, die den Großstadtmenschen impft, könnte jede
1792 1949 2875 2051 Wie nun aber sieht die Technik eines Mannes aus,
135 2001 532 2080 es, gedeckt, doch
528 2007 1698 2093 dieser Figuren vor dem Spiegel von sich selber zeugen:
1708 2007 2879 2106 der sich vermißt, sein Publikum beständig umsteigen zu
140 2049 534 2130 erlich, ernst, doch
535 2045 1695 2145 ich habe das Liebesleben in mir gemordet, ich bin an mir
1695 2055 2882 2159 lassen? Welches Mittel schützt da gegen „Seekrankheit“?
141 2095 515 2168 ch allgeltend, ge¬
541 2098 1695 2194 vorübergeboren. Jeder ist einmal um das Höchste aus¬
1703 2100 2886 2188 Schnitzler geht technisch so zu Werke, daß er aus jeder Auf¬
160 2139 534 2212 zwingt uns mit
544 2141 1701 2245 gewesen, keiner hat sich ganz erfüllt. So tanzen sie, bald
1707 2166 2874 2255 trittsnot eine Handlungstugend macht; er vermag das, ohne
150 2189 535 2267 ft dagewesene Mit¬
540 2199 1709 2290 rührend, bald erheiternd, immer aber unter Muß, den Tanz
1702 2186 2889 2294 es zu wissen — und unter den vielen schwarzen und weißen
140 2227 534 2302 icht: die Gestalten
551 2236 1705 2326 um das frühe Grab schwacher Menschen; und neben ihren
1710 2250 2880 2341 Tasten seiner Meisterklaviatur gibt diese vielleicht den merk¬
146 2280 543 2344 l, sie riechen nach
538 2279 1528 2375 kleinen Schritten wuchtet der Schritt der Nemesis.
1710 2292 2890 2383 würdigsten, unnachahmbarsten Ton. Er erledigt das Gegen¬
149 2328 543 2404 beiläufigsten Wort
630 2314 1699 2408 Höchsten Zauber erreicht dies Schnitzlersche Wider¬
1710 2334 2891 2437 sätzliche des inneren Vorganges durch das Gegensätzliche der
134 2366 543 2441 chsene, Unlösbare,
548 2376 1703 2472 spruchsspiel, wo es sich dem philosophischen Ur gegensatz zu¬
1712 2387 2882 2470 äußeren Erfindung: das heißt, den Teufel mit dem Beelze¬
147 2422 540 2502 elt aus ihr heraus
550 2419 1705 2511 wendet: dem Gegensatz zwischen Sein und Schein. Die
1711 2431 2880 2532 bub austreiben! So merkt mans nicht, und ist schon um¬
144 2462 512 2530 bll eingekapselt —
555 2449 1721 2557 Grenze zwischen Wirklichkeit und Phantasie verschwimmen
1723 2467 2898 2560 gestiegen. Kann ein Beispiel Physikalisches erläutern? In
136 2504 540 2585 de Kaleidoskop der
547 2514 1714 2628 zu lassen, hat seit Laotse alle Dichter aller Völker verlockt.
1714 2525 2883 2611 dem Einakter „Die letzten Masken“ will ein sterbens¬
195 2556 542 2622 und behutsamen
544 2560 1719 2645 Der Oesterreicher aber rückt dieses Grenzland in die Sphäre
1722 2560 2882 2657 kranker, armer Tagschreiber dem berühmten Mode¬
140 2601 537 2672 bestalter des Wider¬
2761 2617 2894 2674 den
541 2605 1707 2713 des Theaters; hinter dem Vorhang, unter Masken und
2108 2609 2772 2694 vor dem Auslöschen noch
1724 2632 2106 2716 dichter Weihgast
146 2647 543 2713 entümlichste Drama¬
544 2647 1722 2743 Musikanten, begeben, verstricken und lösen sich ihm die
1720 2657 2894 2758 Triumph eines Geheimnisses ins Gesicht schleudern:
147 2688 545 2772 it ihn in die Gipfel¬
556 2695 1722 2786 kosmischen Rätsel. Im „Grünen Kakadu“ einer Groteske,
1718 2709 2905 2789 Dichters Frau hat sich, angeekelt von der inneren Leere ihres
542 2737 1717 2854 deren Flügelweite ohne Blasphemie shakespearisch genannt
1721 2754 2904 2836 Mannes, zu ihm, dem armseligen Unbekannten, geflüchtet.
140 2771 555 2863 Form des Theaters.
550 2793 1718 2891 werden darf, improvisieren schlechtbezahlte Schmieren¬
1725 2796 2904 2886 Aber dann, da der „Dichter" und Jugendfreund leibhaft vor
147 2842 556 2902 dmödie nicht gesucht,
551 2835 1726 2936 komödianten zum Kitzel eines adeligen Publikums jeden
1736 2843 2910 2935 dem Kranken sitzt, verlegen, verdrückt, angstzitternd um den
142 2888 548 2949 shwankender, hinter¬
554 2889 1728 2969 Abend Schauerszenen. Sie spielen noch — und sie spielen
1736 2895 2910 2992 schon abdunkelnden Ruhm, von allerlei Kleinkram des Tages
141 2933 560 3007 erreichisch musikali¬
558 2926 1721 3030 schon Leben. Wie hier die Feuerlinie der frechen Scherze in
1725 2950 2914 3042 umschnakt schließt der Sterbende stumm die Lippen zu, und
144 2982 559 3049 nee zwischen Lachen
552 2987 1722 3078 ungeahnte Wirklichkeit läuft, von dieser verschmäht und in
1724 2980 2902 3064 ohne ein Wort verraten zu haben, legt er sich, lächelnd halb
143 3030 560 3089 Widersinn kontra¬
555 3022 1731 3110 den Schein zurückgeschleudert wird, abermals sich wegschnellt
1732 3027 2909 3118 und halb erlöst, mitsamt seinem Geheimnis in die große
149 3072 564 3139 in Schatten von Un¬
571 3073 1731 3154 und zum Beweis der eigenen Existenz schließlich ein Ereignis
1737 3075 2909 3175 Totenkammer hin. Wie bereitet Schnitzler diese Wendung
169 3114 555 3183 jedes seiner Pro¬
562 3116 1727 3222 wie die französische Revolution losbindet; wie am Ende alle
1744 3119 2918 3212 vor, womit steigert er das Ausbleiben des erwarteten Ge¬
142 3167 563 3224 kittwegs hingelagert,
573 3159 1735 3265 zugleich Schauspieler und Publikum, zugleich Zwingende
1738 3166 2917 3259 schehens zu einem elementaren Blitz? Er gesellt dem kranken
148 3207 564 3277 vollen dieser Eide:
565 3207 1737 3292 und Gezwungene sind und niemand mehr, auf der Bühne
1741 3219 2919 3319 Journalisten im Spitalzimmer einen lungenschwachen Bett¬
140 3262 567 3341 eine Gestalten haben
568 3256 1734 3351 nicht und nicht im Parkett, mit Nüchternheit das Erlebnis
174 3298 563 3374 sind schon darum
555 3263 2932 3422 vom Ergebnis, den Traum vom Tode zu sondern vermag: genossen, läßt diesen Genossen Provinzschauspieler sein,
1401 3344 1653 3409 en Pe
152 3342 572 3435 en diesem Verlangen
678 3342 1353 3436 # Sriie n en den ente een
161 3390 237 3444 aa0 —
