3344 4384
1146 282 1593 388 box 39/3
264 299 1052 410 Both Birthday
948 1255 1284 1311 #hrug. —[Gil
897 1292 1277 1353 0 Minuten. — zu 1
1171 1328 1290 1376 „Har
366 1307 1109 1392 eennntergangi 7 Uhr 33 Minuten.
1181 1361 1285 1404 Bühl
1189 1398 1300 1456 Ther
299 1400 904 1540 Theater und
1239 1510 1304 1576 1
367 1521 1218 1595 Burgtheater. Die Burg feierte den
306 1580 1304 1638 sechzigjährigen Geburtstag unseres öster¬ ½
293 1622 1185 1681 reichischen Dramatikers Artur Schnitzler mit
294 1655 1190 1729 einer Neuinszenierung seines „Jungen
296 1713 1184 1757 Medardus“. Dieser Bilderkranz öster¬
290 1747 1197 1814 reichischer Historie hatte bei der festlichen
301 1797 1297 1853 Stimmung des Publikums einen großen Er=rat.
307 1837 1303 1907 folg. Vielleicht hat auch das elegische Ge¬ meir
310 1882 1304 1951 fühl, das uns in den schmerzerfüllten Zeiten, Vor
300 1928 1298 1987 die wir jetzt durchleben, beherrscht, das den
299 1976 1314 2030 seinige hinzugetan, den Schilderungen von trete
304 2018 1312 2069 dem Oesterreich von 1809 einen ganz be= jede
299 2066 1263 2117 sonderen Reiz zu verleihen. Nirgends hat In
299 2097 1307 2167 Schnitzler eine so liebenswürdige Kleinkunst aus
304 2149 1319 2204 aufgeboten wie hier. Sorgfältige Sammlung zuw
1200 2189 1318 2240 nied¬
304 2192 1202 2246 des Stoffes ließ ihn mit Dichterglück eine ganze
312 2227 1303 2292 Menge allerliebster charakteristischer Züge eine
310 2269 1312 2337 aus dem Wiener Volksleben ausgestalten, stanl
310 2327 1325 2378 Züge reichen, warmblütigen Empfindens und Unte
301 2365 1309 2430 auch solche krankhafter Schwäche und banaler der
308 2396 1320 2459 Gesinnungslosigkeit, wie sie dem scharfen Auge Bere
303 2445 1325 2518 des kundigen Psychologen nicht entgehen konn
307 2479 1213 2553 konnten. Die Aufführung (unter der Leitung
306 2533 1206 2591 des Herrn Paulsen) zeigte gründliche,
315 2587 1218 2638 fleißige Arbeit, die den keineswegs leichten:
318 2621 1216 2692 Anforderungen, die das umfassende Werk
316 2661 1328 2728 stellt, gerecht werden wollte. Zum Träger der falle:
318 2714 1330 2766 Titelrolle war Herr Schott ausersehen; er, zarte
311 2760 1332 2818 wie kein anderer an der Burg heute, hatte fältig
315 2800 1338 2862 Anrecht an dieser großen Aufgabe. Er zeigte Mar
320 2843 1330 2897 uns auch diesen Jüngling Medardus mit bank
306 2883 1326 2935 seinem holden, blinden Enthusiasmus, mitseiner Ulr
306 2930 1339 2991 heroischen Geste und seinem weichen, unsicheren Bur
312 2979 1324 3030 Kinderherzen. Leider stellt der Künstler seine aber
324 3032 1340 3081 Schöpfung selbst durch seine technischen sätzli
314 3067 1328 3122 Mängel, die er nicht zu bewältigen vermag, fünf
319 3118 1329 3180 in Frage. Würdig Herr Reimers als dieb
322 3154 1336 3210 alter Herzog, gediegene Burgtheaterkunst wei
324 3184 1343 3252 bieten die Damen Bleibtreu und statie
326 3249 1327 3293 Kallina. Aus der langen Reihe der ver- mit
1218 3281 1344 3340 zücht
320 3284 1207 3346 dienten Darsteller seien noch Fräulein
325 3318 1338 3392 Seidler und Herr Arnd hervorgehoben. bestre
1073 3364 1184 3422 Zw.
1182 3364 1342 3429 Auch
393 3414 1340 3477 Deutsches Volkstheater. Die Direktion bruck
324 3462 1349 3522 hat Henry Batailles Komödie „Der zu di
326 3507 1351 3560 Clown“ (vor mehr als einem Jahrzehnt in begat
508 3557 1335 3606 #estadt gegeben) zweifellos heraus= nach
918 3587 1357 3656 ar Werner=####.
320 3573 595 3669 e
1746 1244 2716 1347 ADOLF SCHUSTERMANN
1686 1340 2787 1426 ZEITUNGSNACHRICHTEN-BUREAU
1884 1418 2587 1491 BERLIN SO 16, KUNGESTR. 22-24.
1736 1485 2638 1611 zeiung Volksstimme
1740 1615 2679 1715 Achesse: Frankgeart a. M.
1741 1727 1949 1790 Datum:
1946 1763 2027 1832 1
2236 1741 2619 1834 mntenshecdunstesthenseche-iendhdhntentign
2026 1837 2588 1939 Arthur Schnitzler.
1892 1860 1968 1941 ∆
1769 1924 2926 1994 Das Jahr 1862 war ein gesegnetes Dichterjahr. Neben Ger¬
1690 1973 2925 2023 hart Hauptmann, Ludwig Fulda, Max Dreyer, Otto Ernst und
1710 2024 2923 2068 einigen anderen beanspruchte in diesem Jahre auch der Wiener
1695 2068 2923 2105 Arthur Schnitzler sein Daseinsrecht auf unserm Planeten. Ja, da
1702 2088 2928 2142 dieser bereits am 15. Mai das ihn immer freundlich umsonnende
1714 2139 2918 2187 „Licht der Welt“ erblickte, so ward mit seiner Geburt der Reigen
1705 2165 2925 2229 der heute sechzigjährigen, mehr oder weniger geachteten und ge¬
1696 2214 2340 2268 feierten Bühnen=Autoren eröffnet.
1787 2250 2928 2298 Wer ist Arthur Schnitzler und welche Stellung nimmt er in
1704 2288 2931 2339 der Literatur unserer Tage ein? Geboren in Wien, in gutsituier¬
1706 2331 2922 2372 tem Bürgerhaus, wandte sich der junge Schnitzler dem ärztlichen
1709 2359 2933 2419 Berufe zu, kam indes schon frühzeitig zur Literatur und brillierte
1705 2398 2927 2450 als Dreißigjähriger mit seinen vielgespielten „Anatol“=Skizzen.
1716 2433 2926 2490 Sieben Bilder in je einem Akt, hineingestellt in Wiener Milieu¬
1717 2470 2926 2530 stimmungen und mit einer nicht gewöhnlichen Portion Geist und
1706 2512 2935 2554 Witz ausgestattet. Aeußerlich graziös aufgezogene Dialoge, deren
1713 2550 2920 2610 innerer Stoff auf das Thema: Viel Liebe und wenig Treue! auf¬
1715 2593 2924 2649 gebaut war. Anatol ist ein dichtender Bummelant oder bummeln¬
1704 2640 2787 2681 der Dichter, dessen Hauptbeschäftigung die „Weiber“ sind.
1798 2657 2934 2716 Bekannter noch als die „Anatol“=Einakter ist sein 4 Jahre später
1713 2717 2935 2761 erschienenes Schauspiel „Liebelei“ geworden, das bekantlich auch als
1714 2749 2944 2800 Opernlibretto Verwendung fand. Ein der Wirklichkeit entlehntes leben¬
1705 2786 2937 2840 diges Drama eines tief und echt liebenden Mädchenherzens, das
1722 2836 2941 2875 erst nach dem Tode des Liebhabers erfährt, daß sie dem Freunde
1713 2870 2929 2920 kein tieferes Erlebnis, sondern nur eine Liebelei gewesen ist. So
1713 2907 2935 2960 einsach und schlicht dieses Schauspiel auf den ersten Blick ausschaut,
1722 2942 2943 2997 so birgt es doch neben dramatischer Beschwingtheit auch sozialen
1707 2995 2948 3027 Einschlag und echtes Wiener Volkstum. Zweifellos wird es als
1706 3016 2937 3065 des Dichters bestes Werk noch einige Jahrzehnte von dem Können
1712 3059 2197 3114 seines Schöpfers zeugen.
1795 3078 2938 3150 In seinen Bühnenwerken und auch in seinen Erzählungs¬
1703 3141 2950 3194 büchern ist Schnitzler meist Stimmungsmensch, der geistreich Ruan¬
1713 3181 2935 3223 cenwirkungen erzielt. Obwohl in vielem an dem großen Norweger
1725 3205 2994 3271 Ibsen geschult, brachte es anscheinend sein Wiener Temperament
1728 3247 2965 3309 mit, daß er schließlich eine Art Bindeglied zwischen Naturalism#
1714 3291 2940 3329 and Neuromantik wurde. Letzteres besonders durch sein Renal¬
1712 3323 2946 3375 ssancedrama „Der Schleier der Beatrice“ Neben guter Menschen¬
1707 3366 2949 3418 kenntnis, Melancholie und Skepsis versügt er nicht zuletzt über
1712 3404 2943 3464 viel Zartes, Weiches, Gefühlvolles. In seiner gehaltvollen Novella
1732 3445 2945 3498 „Sterben“ hat Schnitzler sich als ein tüchtiger Prosailer erwiesen.
1715 3484 2943 3523 Ven seinem Roman „Der Weg ins Freie“, der österreichische
1722 3521 2954 3582 Jndenfragen ausgiebig debattiert (auch Schnitzler ist Jude), ist
