3436 4320
1032 273 1536 370 box 39/3
228 300 933 391 goth Birthday
416 958 907 1022 lelitent „.. Carsa
279 983 358 1035 —
231 999 966 1082 Kriegsopfer“ (Referent Kurt Großmann).
309 1033 1438 1107 Der Bauhandwerkerstreik in Mitteldentschland, durch
221 1088 1428 1145 den auch die Miama, die Mitteideutsche Ausstellung Magde¬
222 1121 1432 1183 burg 1922 beeinträchtigt wurde, ist nunmehr beendet. Die Er¬
218 1157 1440 1229 öffnung der Ausstellung ist endgültig auf den 1. Juli 1922 festgesetzt¬
229 1200 1037 1270 Die Ausstellung dauert bis zum 31. Oktober.
315 1224 1433 1308 Nach einer Stefani=Meldung aus Rom bestätigt es sich, daß der
219 1280 1432 1357 Papst eine neue Apostolische Delegatur für Danzig geschaffen
233 1317 1445 1391 hat. Zum Apostolischen Delegaten ist der frühere Bischef von Riga,
227 1374 794 1437 Orourke, ernannt worden.
227 1523 1433 1588 schuldung am Leben, die Todesangst als Folge des „Nichtgeliebt¬
230 1580 405 1642 haben“.
290 1585 1436 1661 So ist er der dichterisch große, vollkommene Ausdruck des un¬
233 1639 1434 1713 eingestandenen Schuldgefühls der bürgerlichen Epoche. Sein mensch¬
236 1667 1452 1750 lich hohes, künstlerisch ungemein präzises, anmutiges und bedeutendes
242 1722 1441 1797 Werk lebt und wird leben. — Aber da er hinter der Maske der
243 1765 1440 1833 Skepsis und Ironie tief gelitten hat, so gehört er zu den Geretteten,
239 1814 923 1889 zu den Menschen, die weiterschreiten!!
283 1843 1453 1912 Wer je in die blauschönen, leidenschaftlich klaren Augen dieses
243 1888 1440 1952 nunmehr Sechzigjährigen, in diese jungen Feuer geblickt hat, der
238 1931 1452 1991 weiß, daß noch in manchem Werk der Dichter uns die Auflösung und
237 1969 1448 2032 Lösung seiner Musik schenken wird. und daß der einsame Weg noch
242 2021 1076 2088 lange nicht sein strahlendes Ziel gefunden hat.
1093 2051 1393 2122 Franz Werfel.
292 2141 1442 2208 Schnitzlers Theaterstücke sind vollkommene Theaterstücke, gebaut,
235 2188 1452 2248 um zu fesseln, zu beschäftigen, zu unterhalten, in geistreicher Weise
233 2226 1457 2311 zu überraschen; sie tun dem Augenblick genug und vermögen noch
237 2268 1454 2338 nachträglich das Gemüt und die Gedanken zu beschäftigen; ihre
249 2312 1453 2377 Handlung und ihr Dialog beschwingen einander wechselweise, die
238 2355 1462 2437 Charaktere sind vorzüglich ersunden, leben ihr eigenes Leben und
249 2407 1453 2465 dienen doch nur dem Ganzen. Wenn man diese Stücke auf der
245 2448 1451 2505 Bühne sieht, hat man das Gefühl: derjenige, der sie gemacht hat,
244 2484 1465 2555 ist auf den Brettern zu Hause und hat keinen anderen Ehrgeiz, als
240 2541 812 2610 durch das Theater zu wirken.
290 2558 1458 2624 Schnitzlers Erzählungen sind lebendig, spannend; sie haben immer
252 2622 1461 2681 das nötige Detail, aber nie zuviel davon, sie haben Psychologie, aber
239 2653 1458 2712 die Pychologie dient nur dazu, den Gang des Ganzen in einem
252 2698 1467 2771 reizenden Rhythmus bald zu verlangsamen, bald zu beschleunigen,
253 2737 1466 2808 sie stecken voll Beobachtung, aber auch die Beobachtung ist dem
252 2782 1464 2849 eigentlichen Reiz der Erzählung untergeordnet. Man hat das Ge¬
249 2832 1471 2904 fühl, daß sie von einem Mann herrühren, dessen primäres Talent
252 2892 1467 2952 das Talent des Erzählers kurzer oder eigentlich mittellanger Er¬
254 2917 1459 2983 zählungen ist. In beiden Formen: Drama und Erzählung ist er
246 2950 1472 3031 durchaus ein Künstler, und war es vom ersten Tage an. Es ist
247 3002 1470 3067 ein erstaunlicher Gedanke, daß die kleinen Szenen aus dem Leben
245 3036 1473 3134 einer erfundenen Figur „Anatol“, die heute aller Welt in Europa
259 3080 1462 3158 und über Zuropa hinaus geläufig ist, und eine kurze, in ihrer Art
252 3126 1473 3207 vollkommen reife und meisterhafte Erzählung „Reichtum“ das erste
253 3179 1200 3240 waren, womit er vor so vielen Jahren hervortrat.
307 3219 1471 3280 Ihm sind alle Instrumente zu Dienst, die das Hundwerk einem
254 3258 1478 3323 erfahrenen und sehr nachdenklichen Künstler in die Hand gibt, um
256 3296 1478 3375 selbst den scheinbar unergiebigen Stoff ganz zu bezwingen und
168 3349 1475 3426 er= der Materie ihren inneren Reichtum zu entlocken. Keines davon ge¬
3096 882 3305 940 Kontag nach
2535 878 3041 971 und nrung de Stalis¬
3067 932 3303 996 folgen dann
1843 947 3037 1022 Metars Schulz im Reichsministerium des Innern zusammen¬
1839 995 3046 1057 getreten. Zu Beginn der Verhandlung machte die Reichs¬
1844 1033 3034 1101 regierung Mitteilungen über den jetzigen Stand folgender An¬
3066 1040 3166 1109 heite
1836 1066 3046 1150 gelegenheiten: Lehrerbildung, Dauer der Ferien, Schul¬
3067 1100 3150 1147 rä
1849 1107 3046 1192 pflicht für blinde und taubstumme Kinder und Einheitskurz¬
3066 1136 3127 1184 Er
1847 1147 3043 1223 schrift. Alsdann wurde die Ergänzung und Aenderung der Ver¬
1831 1194 3051 1261 einbarung der Bundesregierungen über die gegenseitige An¬
3062 1210 3128 1254 sti
3059 1249 3115 1310 2
1848 1238 3042 1315 erkennung der Reisezeugnisse vom 22. Oktober 1909
1843 1284 3053 1343 (deutsche Oberschule, Aufbauschule, freiere Gestaltung) des Lehr¬
1838 1318 2951 1410 planes der oberen Klassen der höheren Lehranstalten) erörtert.
3070 1440 3114 1483 1
1852 1432 3039 1510 braucht er mit größerer und reizvollerer Virtuosität als die Ironie.
3076 1474 3130 1533 sei
1847 1485 3054 1567 de kühner er diese anwendet, je mehr er seinen Stoff und seine
1848 1530 3051 1602 Motive mit ihr in die Enge treibt, desto weiter erscheint paradoxer¬
1853 1570 3048 1638 weise sein geistiger Horizont. So würde ich sagen, daß neben der
3070 1572 3134 1640 P
3094 1629 3145 1672 gel
1854 1617 3059 1689 Liebelei“ die eine Arbeit von ganz einziger Art ist, einige seiner
3048 1642 3149 1719 Ein
1847 1654 3053 1731 kleinen Kunstwerke — Erzählungen oder Dramen — durch den
3052 1704 3154 1754 trei
1849 1696 3055 1769 Zauber der Ironie als die größten erscheinep. Ihnen allen wohnt
1847 1742 3053 1823 nicht nur die Andeutung inne, daß der Schöpfer dieser kleinen
1859 1788 3061 1847 Welten mehr von der Welt weiß, als er zu sagen vorhat — dies ist
3075 1815 3143 1859 er
1858 1837 3070 1898 ein gewöhnlicher Reflex aller Ironie —, sondern auch dieses Be¬
3083 1874 3159 1944 sche
1860 1877 3062 1958 sondere: man ahnt, er hätte noch mehr und vielleicht noch Stärkeres
1865 1918 3071 1983 zu geben, als ihm bisher zu geben gefallen hat oder gestattet war.
1850 1954 3066 2036 Unter diesen Umständen kann man nicht vom Alter eines solchen
1857 1995 3074 2061 Menschen sprechen, denn es ist durchaus möglich, daß ein solcher
1855 2043 3061 2102 von einem Teil seiner Kräfte noch niemals sichtbaren Gebrauch ge¬
1866 2083 3071 2159 macht und auch einen Teil seiner Jugend irgendwo zurückbehalten
2526 2131 3017 2203 Huge v. Hofmannsthal.
1862 2153 2263 2224 oder verborgen hat.
1917 2177 3078 2267 * Musikalische Nachrichten. Der bekennte Musikschriftsteller
1864 2238 3075 2303 Dr. Richard Batka ist in Wien, 54 Jahre alt, gestorben.
1873 2275 3065 2344 Zuerst war Prag, seine Vaterstadt, das Feld seiner kritischen und
1864 2320 3077 2387 journalistischen Tätigkeit. 1908 ging er nach Wien und wirkte hier
3068 2351 3139 2413 10
1867 2349 3074 2406 #ls Referent des „Wiener Fremdenblattes“, später auch als Lehrer
3091 2384 3147 2426 Lei
1867 2399 3067 2468 der Musikgeschichte an der Akademie der Tonkunst. Batka war lang¬
3091 2421 3161 2466 fal
1877 2430 3067 2490 jähriger Mitarbeiter des „Kunstwart“, Mitbegründer des „Dürer¬
3091 2455 3214 2502 vertre
1870 2466 3072 2524 Bundes" und Herausgeber des „Merkur“ Er schrieb u. a. Biographien
3095 2487 3321 2552 fonds. Abg
1874 2503 3069 2565 Bachs und Schumanns und dichtete die Texte zu Leo Blechs „Alpen¬
3098 2531 3212 2588 ärzte.
1868 2548 2813 2627 könig" und „Versiegelt“ und zu Kienzls „Kuhreigen“.
3102 2561 3321 2636 quellen,
1955 2579 2995 2657 In diesen Tagen hat Prof. Dr. Wilhelm Altmann.
1868 2619 3077 2687 bekannte und vielseitig verdiente Musikschriftsteller und Direktor der
1869 2659 3084 2733 Musikabteilung unserer Staatsbibliothet, seinen 60. Geburts¬
1873 2720 2142 2780 tag gefeiert.
3090 2626 3271 2784 8150
1933 2733 3074 2802 Theaterchronik. Am 29 Aprik, nachmittags 9½ Uhr wird im
1875 2771 3084 2835 Dentschen Theater „The Easiest Way“ von Eugene Walter, das
1880 2811 3077 2871 mit großem Erfolg über zahlreiche amerikanische Bühnen gegangen ist,
1887 2847 3071 2908 gespielt werden. Es wirken u. a. mit: Frau Stella Arbenina. Axnold
1876 2893 2294 2961 Korff. Charles Meredith.
1930 2894 3066 2972 Im Deutschen Künstlertheater endet das Operetten¬
1886 2933 3082 3005 gastspiel Karl Grünwalbs mit der „Czardasfürstin“ am
1874 2973 3080 3040 30. April. Am 1. Mai wird Hauptmanns Kollege Crampton“
1876 3022 2845 3080 mit Eugen Klöpfer in den Spielplan aufgenommen.
1938 3029 2930 3103 Im Deutschen Opernhaus wird Richard Wagners „2
1894 3075 3079 3147 und Isolde" Ende Mai zum ersten Male in Stene gehen Mitte Mai
1876 3121 2516 3184 beginnt ein neuer Ring=Zyklus.
2997 3119 3092 3180 des
3106 3104 3336 3195 fortgesetzt
1938 3134 2986 3203 „Die beiben Nachtigallen". die Operettennovität
2989 3166 3081 3210 Der
1884 3178 2991 3241 Wallner=Theaters erlebt am 3. Mai ihre 25. Aufführung.
1880 3199 3082 3264 Komponist Willi Bredschneider wird die Vorstellung versönlich
3114 3248 3331 3306 einem Zwis
1888 3262 2034 3319 leiten.
2881 3257 3074 3316 r wird die
2008 3260 2809 3327 Friedrich=Wilhelmstädtischen The
1880 3286 3331 3370 Oper=D. „Der Frauenräuber“ heute (Preitag) zum 50. Male aufgeführt. # eines Strey
