3344 4320
2031 189 2311 263 —
1078 282 1556 372 box 39/3
218 267 971 393 6oth Birthday
1790 1523 1851 1664 —
140 1640 2960 1732 sen Barock=Kontraste, die hier zu einer Valeurs; eine silbergraue, von schweren Farben! menget mit Bitterbeit.“ Die Tendenzdramen
1989 1684 2961 1743 die nun folgen, widmen sich der Gesellschafts.
1021 1697 1996 1759 matt durchleuchtete Herbststimmung ist über das
132 1698 1032 1774 erzlich stillen Harmonic verschmelzen. Aber
1991 1730 2970 1777 kritik und finden ihre höher stehende Fortsetzun
1032 1739 1997 1792 Ganze gebreitet, und die Tragik des Alters, die
149 1732 1023 1815 nur dies eine Motiv, sondern seine ganze
2001 1761 2973 1819 in Werken wie „Zwischenspiel“ und „Das weite
1029 1773 1988 1835 hier angeschlagen wird und bei Schnitzler immer
133 1785 910 1846 nshaltung ist typisch österreichisch. E
1992 1802 2971 1857 Land“, die der modernen Gesellschaft wirklich
1363 1817 1990 1880 die eigentliche Tragik des
1023 1816 1382 1876 wiederkehrt, ist
154 1817 1032 1899 s Gehenlassen, das im Pestlied des „lieben
1998 1840 2962 1896 einen Sittenspiegel vorhalten. Hier erliegt der
1734 1850 1993 1903 stets die
1026 1852 1754 1922 impressionistischen Menschen, der
119 1858 1025 1941 ustin“ erklingt: „'s ist mir alles eins,“ es
2000 1875 2975 1937 Dichter, dessen passive Skepsis der dramatischen
1032 1887 1997 1951 Stunde genossen- hat und sich nun einsam sieht
129 1896 1025 1962 #s Genießen des Augenblicks, das nicht nach
1994 1906 2973 1986 Spannkraft entbehrt, bisweilen dem Streben
1021 1931 1996 1989 mit den Schemen seiner Erinnerung. Die Wir¬
141 1936 1029 2003 Morgen fragt, wie es schon Abraham
1988 1963 2967 2017 nach rein theatralischer Wirkung, die ihm am
1027 1964 2001 2035 rungen und Wandlungen der Seele, die „ein
140 1984 1021 2042 nta Clara an seinen Wienern tadelte. Schnitz¬
1994 1987 2976 2049 besten im „Grünen Kakadn“ gelungen ist. Auch¬
1025 1995 1996 2061 weites Land“ ist beschäftigen Schnitzler haupt¬
133 2024 1032 2080 ist ein geradezu fanatischer Verfechter des
1995 2024 2977 2093 seine neuesten Berufsstücke, das vielgespielte
1030 2029 1995 2111 sächlich, der als Arzt ein scharfer Beobachter ist
138 2054 1023 2129 bens daß der Mensch nichts tun kann gegen
1997 2075 2968 2130 Arztedrama „Professor Bernhardi“ und die miß.
1031 2088 1999 2146 und sich mit Psychologie nicht nur als Künstler,
139 2094 1021 2150 Schicksal, daß er unfrei ist, eine Puppe in
1997 2109 2976 2190 lungene Journalistenkomödie „Fink und Flie¬
1036 2120 2011 2189 sondern auch als Gelehrter beschäftigt hat. In
147 2146 1028 2198 Hand eines unsichtbaren Drahtziehers. Es
2207 2143 2984 2218 sind reine Theaterstücke. Größere
2007 2150 2220 2216 derbusch“
1026 2155 2012 2228 einem eigenen Buch ist von Theodor Reik auf
141 2170 1029 2236 ies lustig=traurige Puppenspiel des Lebens,
2009 2194 2974 2245 Aufgaben stellte er sich in den Werken. „Der
1031 2189 2013 2265 die Beziehung unseres Dichters zu der Psycho¬
144 2201 1025 2275 die Wiener Volksstücke mit unbewußter
1999 2223 2981 2281 Schleier der Bearice" und „Der junge Medar¬
1037 2226 2008 2303 analyse Freuds hingewiesen worden, der sein
138 2257 1030 2314 hie darstellten, das bei ihm aber mit einem
1998 2265 2973 2320 dus“, die zur „großen Tragödie“ hinstreben
1039 2260 2014 2336 engster Wiener Landsmann ist und mit dem er
139 2298 1031 2359 ischen Künstlertum geschildert wird. Das
1999 2311 3002 2361 Aber weder die Historie noch die dramatische
1038 2316 2003 2382 sich auch in seinen wissenschaftlichen Arbeiten
137 2333 1040 2393 ücksal spielt mit uns, wir spielen unser
2014 2345 2989 2408 Architektonik sind seine starke Seite. So wunder¬
1040 2367 1998 2422 über Hypnose und Suggestion berührt. Schnitz¬
147 2358 1042 2441 in: „Es fließen ineinander Traum und
2006 2375 2974 2443 volle Szenen besonders „Der Schleier der
1034 2396 2005 2454 ler ist in seinen Dichtungen von verhältnis¬
136 2408 1000 2470 hen, Wahrheit und Lüge. Sicherheit is
2007 2434 2978 2482 Beatrice“ enthält, es sind doch nur Einzelheiten,
1033 2433 2005 2492 mäßig einfachen Gefühlen, auf denen sich sein
133 2445 1031 2526 sends. Wir wissen nichts von andern, nichts
1997 2461 2979 2525 und überhaupt leistet er sein höchstes in kleinen
1025 2476 2000 2529 bekanntes Drama „Liebelei“ aufbaute, zu immer
139 2489 1016 2550 uns, wir spielen alle, wer es weiß, ist klug,“
965 2514 1034 2560 67,
2002 2501 2985 2560 Werken, in manchen Einaktern, in einzelnen
1033 2512 2004 2568 komplizierteren feelischen Beziehungen und
157 2538 1038 2587 t es in seinem tiefsinnigen „Paracelsus“.
2003 2534 3027 2599 Akten in subtilen Details wie sie noch zuletzt.
1029 2544 2008 2609 Rätseln fortgeschritten, er dringt tief in die Welt
144 2574 1032 2630 8 Leben — ein Traum,“ dies Grillparzer¬
2007 2573 3003 2644 das Casanova=Drama mit seiner prächtigen
1032 2588 2007 2655 des Unbewußten, der verdrängten Gefühle und
124 2600 1033 2661 kiv wird von Schnitzler in vielfachen Wand¬
2006 2628 2602 2684 Rokoko=Ornamentik enthält.
1045 2630 2007 2692 gestaltet echt Freudsche Probleme, wie in der
140 2650 1035 2713 gen und Spiegelungen aufgenommen, ebenso
2059 2642 2982 2717 Schnitzler ist ein Meister des Dialogs, der
1040 2663 2005 2731 Novelle „Frau Veate und ihr Sohn“. Aber so
148 2676 1037 2741 die Verschmeltzung von Liebe und Tod aus
2011 2698 2983 2756 fein geschliffenen Pointe; er braucht jemanden,
1045 2702 2009 2766 wichtig diese tief bohrende und zergliedernde
154 2713 1043 2790 8 Meeres und der Liebe Wellen“. Kunst
2007 2732 2986 2795 der ihm die „Stichworte bringt“, aber seine
1036 2734 2015 2799 Analyse für seine Kunst ist, so darf man sein
143 2765 1042 2821 Natur gehen ineinander über, und das
2792 2765 2988 2826 so daß
2006 2788 2814 2827 Charakteristik ist zu subtil und episch,
1043 2786 2019 2847 Werk doch nicht, wie es Reik getan hat, einseitig
142 2793 1037 2874 en in der Phantasic ist oft wirklicher als das
2009 2803 2980 2870 seine Dramen leicht etwas Novellistisches be¬
1046 2809 2008 2889 an der Freudschen Methode messen, sondern
133 2844 1046 2895 de Leben. Daher seine Verehrung, ja Über¬
2013 2849 2984 2911 kommen. Als Novellist hat er von seinen
1035 2864 2007 2918 muß betrachten, was er aus diesem reichen
146 2875 1041 2950 ung des Künstlers, sein Asthetentum, da¬
2009 2879 2967 2951 Jugendsachen „Sterben" und „Leutnant Gustl“
1034 2905 2012 2981 psychologischen Material lebendig gestaltet hat.
141 2922 1043 2974 aber auch die Inbrunst, mit der das For¬
2014 2922 2990 2992 an viel Feines geschaffen; sein epischer Atem ist
140 2946 1049 3013 le gegeben ist. In der Feinheit und Grazte
1089 2949 2008 3011 Man hat Schnitzler oft vorgeworsen, daß
2017 2972 2982 3029 aber kurz und reicht nicht zum Roman. Trotz¬
147 2984 1049 3058 es Stils folgt Schnitzler ebenfalls den besten
1049 2993 2010 3056 seine Welt und seine Stoffe zu eng begrenzt
2007 3001 2985 3065 dem ist sein einziger Roman „Der Weg ins
140 3034 1035 3093 nischen Mustern, und manches aus seiner
1050 3037 2004 3093 seien. Tatsächlich sind es nur ganz wenige
2009 3034 2988 3101 Freie“ vielleicht sein bedeutendstes, jedenfalls
160 3054 1049 3134 en Prosa gemahnt an Stifters Erzähler¬
1051 3082 2005 3137 Motive, Figuren und Situationen, die sich bei
2011 3081 2993 3146 sein persönlichstes Werk. Es ist ein Bekenntnis¬
1044 3091 2006 3173 ihm in feinen Variationen stets wiederholen.
2014 3127 2986 3184 buch großen Stils, in dem er als Jnde und als
1043 3147 2015 3210 Da ist die Stellung des Mannes zwischen zwei
2015 3155 2993 3224 Österreicher mit den ewigen Problemen der
140 3155 1056 3232 Aus seinem Wienertum heraus wurde der
531 3213 688 3255 chnenst
1045 3193 2017 3253 Frauen, dem „süßen Madel“ und der verheirale¬
2008 3177 2986 3263 Rasse und des Volkes ringt. Gehört auch der
151 3215 1042 3274 bter zu dem bezeichnendsten Vertreter des
599 3254 651 3288 11
1045 3223 2017 3294 ten Dame da ist das „dreieckige“ Verhältnis in
2016 3234 2988 3304 Dichter des Impresstonismus und des alten
149 3254 1041 3326 ressionismus. Da er nur die Empfindung
1042 3270 2013 3337 der Ehe, da sind die beiden Freunde, die beiden
2013 3266 2989 3340 Wien der Vergangenheit an, der Mensch Schnitz¬
157 3287 1046 3357 Augenblicks anerkennt, sich allein an den
1047 3312 2008 3368 Gegner, da ist der Liebe kurze Seligkeit und
2006 3302 2996 3383 ler wird in seinem Allzumenschlichen=Ewig¬
514 3326 1048 3387 des Lebens, an den
146 3321 526 3395 tigen Abglanz
1050 3352 2011 3409 lange Qual, ist die Hoffnung auf das Kind und
2020 3347 3006 3429 menschlichen stets lebendig bleiben und uns er¬
153 3362 1049 3427 mmenschanz verhuschender Schatten klam¬
1044 3386 2006 3445 das Grauen vor dem Alter, ist Duell und Tod.
157 3407 1045 3472 t, so wußte er in das Momentane den stärk¬
2013 3412 2212 3479 greifen.
1044 3417 2019 3499 Schnitzler schlägt diese Leitmotive schon in seinen
160 3435 1045 3514 Inhalt zu legen. Seine beiden ersten be¬
1047 3461 2026 3539 ersten Dichtungen an, hat sie in „Anatol“ und
581 3479 1052 3550 der Einakterzyklus
2056 3463 3003 3537 Als Frivatdozent für Moraltheologie und
150 3495 585 3551 enderen Arbeiten,
1053 3502 2014 3574 „Liebelei“ reich und dichterisch entwickelt. In
158 3525 1050 3580 katol“ und die Novelle „Sterben“ drängen
2008 3523 3015 3593 Gesellschaftslehre habilitierte sich in der katholisch¬
1044 3541 2009 3610 „Reigen“, dieser heut so berüchtigten Szenen¬
2490 3557 2999 3622 der Universität
151 3550 1039 3639 kits in einzelne Augenblicke ganze Welten
2019 3584 2510 3626 theologischen Fakultät
1056 3574 2003 3647 folge, hat der erotische Pessimismus des jungen
169 3592 1047 3660 Erlebens. Das impressionistische Drama
2015 3588 2996 3663 Bonn Dr. theol. et phil. Theodor Stein¬
1052 3615 2010 3685 Dichters seinen stärksten Ausdruck gefunden, es
164 3634 1056 3702 kein höheres Kunstwerk aufzuweisen als
1052 3636 3009 3725 ist ein melancholischer „Totentanz der Liebe“,]büchel, Repetent am Erzbischöfl. Collegium.
161 3685 1045 3737 nitzlers „Einsamen Weg“, in dem man auch
1045 3682 2998 3761 dessen Motto das Wort Meister Eckhards sein: Albertinum, mit einer Schrift „Die Wirtschaft
198 3719 1062 3787 sein bestes Wert sehen darf. Hier ent¬
191 3774 2949 3837 tlich eine Kunst der Halbtöne, der seinen könnte: „Die Wollust der Kreaturen ist ver= in ihrer Beziehung zum sittlichen Werte“.
