3344 4480
1046 260 1521 358 box 39/3
185 251 939 379 6oth Birthday
680 893 781 974 Dor
1082 959 1226 1007 S
680 944 1033 1033 = 2
676 1009 906 1074 ## 10
1078 998 1226 1072 8
901 998 1026 1069 72.53
675 1049 733 1102 2
666 1062 1057 1150 7# N. Sa
1079 998 1277 1152 25
1340 1107 1468 1181 B#
774 1142 1006 1213 Snnr 130
617 1232 753 1293 sh
582 1264 738 1329 Was
364 1253 450 1331 20
708 1255 1500 1382 Remscheideg venerei- Anzerped
361 1301 473 1354 *
578 1309 740 1399 1
358 1347 483 1409 92 50
721 1337 1188 1408 ng u au Wige.
1024 1351 1388 1450 aeueid
580 1398 1012 1460 auarf  A
355 1394 401 1451 5
1002 1406 1076 1466 *
587 1419 723 1488 R-265
358 1398 489 1494 2
909 1439 974 1496 820
1113 1437 1258 1526 N
361 1466 480 1540 85
1053 1497 1247 1589 S
361 1534 467 1607 S
359 1591 482 1633 22 6es
362 1622 442 1657 □
355 1637 437 1683 52
356 1676 423 1713 ##l.
398 1676 501 1746 50
1077 1684 1511 1794 TAMATZ
768 1738 898 1830 200
693 1778 983 1881 S 2a
1673 1872 2630 2029 1n der ein alter Marmis den richen Eupors¬
865 1990 1613 2082 Gratulationsbrief an
1657 2019 2620 2066 kömmling sagt: „Mögt Ihr uns alles nehmen:
1659 2062 2614 2117 [Ansehen, Namen, Besitz — das Bewußtsein des
905 2070 1561 2169 Artbur Schnitzler.
1664 2101 2617 2163 Adels unseres Geistes könnt Ihr uns nicht rau¬
1670 2146 2616 2186 ben“ — das Publikum laut Beifall rief: diesen¬
735 2128 1672 2228 Zu seinem sechzigsten Geburtstag, 15. Mai 1932.
1668 2182 2618 2246 Worten: mitten in einer Szene, laut sich er¬
961 2201 1501 2280 Von Dr. Jo Lherman.
1668 2233 2614 2299 eisernd, gegen alle Gewohnheit des vornehmen
809 2247 2619 2313 Stefan Großmann ist einer der letzren ge=Hauses. Das ist noch unser Wien, das so denkt
743 2318 1701 2372 wesen, der in seinem „Tagebuch“ inige Wortel¬
1746 2320 2606 2374 — stolz in aller Armut, seiner bewußt in
747 2352 2612 2425 über Dich niederschrieb. Stefan Großmann istj allen Kümmernissen des Daseins. Ich wollte,
705 2389 2185 2439 fwie Du, aus Wien. Auch ich bin aus Wien,ich wäre dabei gewesen
2272 2396 2620 2462 gerade jetzt, in
743 2436 2623 2512 1 die Du wohl weißt; erlaube mir darum, zu dieser Zeit — niemandem muß ich erst sagen,
1680 2489 1841 2544 warum.
743 2488 1684 2548 ##m Strauß Anreden, den man Dir in Form
718 2528 1687 2606 goon Feuilletons überbringen wird, auch eine
1719 2518 2611 2592 Ich ging oft an Deiner kleiner Villa in Döb¬
751 2561 1130 2624 Blüte beizutragen.
1662 2569 2615 2637 ling, die so verträumt aus dem dichten Grün des
806 2619 2249 2687 Es ist ein Dutzend Jahre her — ich war ein Vorgartens lugt, vorbei —
2237 2614 2622 2685 und ich empfand
704 2649 2619 2710 golutjunger Student — da lernte ich Dich ken=stets sehr ehrfürchtig. Als ich Dich dann einmals
711 2704 2616 2768 znen: Dich, das heißt Deine Bücher und Dramen. durch Zufall kennen lernte, war ich sehr erstaunts
736 2750 2623 2814 Damals stand Dein Stern im Zenith; damalsldaß Du ein ruhiger Mensch mit menschlichen.
739 2784 2595 2837 ging die „Liebelei“ über die Bretter — und Tugenden und auch einigen — entschuldige —
736 2826 1261 2891 b„Der junge Medardus“
1322 2824 2615 2895 und „Das weitemenschlichen Schwächen warst. Aber ich begrifft
714 2881 2553 2920 „Land“. Wie tief ging mein Atem, wenn ich ausses je mehr ich Dich in Deinen Büchern las
717 2911 2620 2984 der vierten Galerie des Theaters aller deutschensin denen ich ja auch mich fand und uns alle,
749 2960 1673 3009 —Theater, unseres Burgtheaters, am mühsam er¬
1686 2966 2476 3023 Denn Deine Bücher sind sehr menschlich.
717 3002 1686 3078 Ltämpften Platz stand, von Dir in das weite
1729 3000 2623 3067 Darf ich ein paar Merksteine Deines Werkes
742 3042 1678 3110 Land geführt, von Dir, dem Dichter Wiens.
1681 3053 2624 3107 aufzählen? Da ist der „Anatol“ — vor dreißig
729 3090 2628 3149 „Denn in allen Deinen Büchern ist Wien, unser Jahren, Dein erstes Werk, kam es heraus — und
756 3130 2628 3191 Wien. Du bist noch Wiens Dichter, und dieses es ist noch immer Blüte. Ich habe sehr deutlich
714 3163 1192 3248 Junser Wien ist noch.
1656 3181 2620 3242 sempfunden, wie sehr es Wien ist: ich ging in
809 3224 2619 3282 Ich bin seit langem von Wien fort. Und ich den letzten Weihnachten durch die verschneiten
730 3266 2621 3325 iese alle Wiener Zeitungen, deren ich habhaft Straßen einer Stadt — wie Anatol — auch mit
730 3327 2605 3346 werden kann. So las ich auch davon, daß kürz= einer Gabriele. Aber es war nicht Gabriele:
731 3347 2615 3415 lich bei der Aufführung von Mirabeaus „Ge= Gabriele ist nur in Wien. Und wir alle emt
2081 3392 2479 3463 —
724 3395 1911 3472 ##schäft ist Geschäft“ im Burgtheater an der Stelle punden so¬
