3436 4320
1076 267 1528 354 box 39/3
210 266 951 379 goth Birthday
2595 553 2765 630 Nr. 5
1129 581 2032 662 Deutschösterreichische Bühnenvereins=Zeitung
425 606 615 668 Seite 2
1058 620 1097 690 1
1608 691 2805 778 „Letzten Masken“, im „Zwischenspiel“ in „Komtesse Mizzi“,
384 736 1586 789 bereichernde, stählende künstlerische Aufgaben dar, die von
1602 752 2812 819 in den „Schwestern“ und werden in dem die Haupttypen der
384 765 1589 835 ihm Gedankenarbeit heischen, ihn über sich selbst, über seine
1605 795 2819 880 Bühnengenres aufweisenden Maronettentheater und dessen
378 818 1573 904 alltägliche Handwerksbeschäftigung hinausheben, ihm die Fest¬
1599 841 2813 915 Direktor der Burleske „Zum großen Wurstel“ witzig=satirisch
387 870 1586 948 stimmung des Schaffens einhauchen und die Liebe für den
1604 892 2803 964 symbolisiert und allegorisiert. So ist Arthur Schnitzlers
383 920 1578 979 Beruf, die Achtung vor seinem Talent erhöhen. Ohne sich
1602 968 2816 1017 Schaffen mit tausendfachen Fäden an das Theater geinüpft,
394 965 1573 1040 selbst hierüber klare Rechenschaft zu geben, ist der Schau¬
1619 1007 2806 1079 schießen warme Ströme herüber und hinüber. Das Wort sei¬
388 1022 1578 1089 spieler doch dem Dichter in dankbarer Liebe und liebender
1614 1034 2814 1123 nes Paracelsus: „Wie spielen immer; wer es weiß, ist klug
385 1061 1587 1149 Dankbarkeit ergeben, der ihn einspinnt in jene „Augenblicke,
1613 1110 2825 1152 dürfte als Motto über seinem Gesamtwerke stehen. Ihm ist
394 1111 1587 1193 die einen Duft von Ewigkeit um sich sprühen“, wie es in der
1628 1138 2823 1208 die Welt Theater und darum das Theater die Welt, die er
392 1174 748 1260 „Liebelei“ heißt.
1614 1182 2820 1263 mit besonderer Liebe umfängt und mit Liebe kohnt sie es ihm.
476 1211 1586 1288 Arthur Schnitzler empfängt Liebe, wo er Liebe gibt.
392 1270 1583 1344 Von seinen ersten dichterischen Atemzügen un hat er seine Zu¬
383 1318 1588 1391 neigung für das Theater bekundet, hat er sich mit dieser Welt
1771 1319 2631 1419 Wiener Lohnbewegung.
398 1366 1588 1435 und ihren Menschen besonders aufmerksam und warm beschäf¬
1703 1408 2808 1468 Die Löhne des Mai wurden durch die paritätische Kom¬
396 1423 1587 1485 tigt. Er hat nicht nur schon als blutjunger Mensch, als Stu¬
1627 1455 2822 1535 mission geregelt. Das Protokoll der Sitzung hat folgenden
397 1462 1592 1535 dent in privalen Kreisen selbst Theater gespielt, er hat auch
399 1509 1597 1578 im Elternhause von früher Jugend an mit den Berühmtheiten
1628 1526 1859 1590 Wortlaut:
1713 1534 2832 1623 Die paritätische Lohnkommission tritt im Sinne des Punks¬
392 1566 1602 1629 der Wiener Bühne, die alle seinen Vater, den berühmten
1617 1606 2772 1677 tes 5 des Protokolles vom 6. Jänner 1922 zusammen.
399 1630 1596 1686 Laryngologen, als ärztlichen Berater und als weisen, lebens¬
1710 1651 2832 1713 Vorsitzender: Sektionschef i. P. Dr. Emanuel Adler.
391 1666 1598 1722 klugen Freund schätzten, Verlehr gepflogen, hat ihnen die
1714 1698 2822 1774 Anwesend: Für den Direktorenverband Präsident Ber¬
404 1716 1595 1783 Seelen abgehorcht und die Eigenart des Schauspielertypus
1633 1758 2834 1821 nau, Dr. Emil Geyer, Direktor Steininger und Rechts¬
406 1755 1605 1830 in den Kreis seiner dichterischen Behandlung einbezogen. In
1626 1793 2843 1876 anwalt Dr. Francos. Für den Bühnenverein Präsident
396 1814 1597 1871 dem Heere von Gestalten, die seine Kunst in bewunderns¬
1624 1858 2845 1918 Stärk, Sekretär Eisler. Für die Union der Theater= und
395 1862 1602 1929 würdiger Mannigsaltigkeit, lebendigster Gegenwartskraft und
1621 1899 2799 1964 Kinopersonale Obmann Müller, Sekretär Hermann.
397 1913 1602 1986 kernigster Wirklichkeit auf die Beine gestellt hat, rekrutieren
1711 1952 2822 2027 Die Bühnenangestellten stellen die Forderung, die Mai¬
395 1952 1602 2014 die Bühnenleute die stärkste Abteilung. Die lange Reihse er¬
398 2004 1601 2067 öffnen ein Sonnenthal=Abklatsch und eine Sängerin mit kran¬
1623 2001 2848 2082 bezüge im Sinne der Protokolle vom 6. Jänner und vom
399 2061 1606 2123 kem Kehlkopf in einem nur wenigen Auserwähllten bekannt¬
1636 2057 2830 2122 18. Jänner 1922 um 25 Prozent ihres Ausmaßes zu er¬
1630 2110 2842 2172 höhen. Die Vertreter des Direktorenverbandes erklären, der
391 2098 1603 2174 gewordenen Festspielchen, das der noch ganz junge Arthur
404 2149 1604 2242 zu einem Berufsjubiläum seines Vaters gedichtet und darin
1634 2148 2847 2234 Forderung nicht entsprechen zu können. Der Vorsitzende diri¬
403 2208 1610 2268 er selbst den Vater gemimt hat. Der Held der „Anatol“=
1631 2211 2435 2282 miert nach längerer Debatte wie folgt:
411 2249 1619 2325 Szenen ist kein Schauspieler von Beruf, aber ein bewußter
1725 2242 2838 2323 „Die Erhöhung der Bezüge für den Monat Mai beträgt
401 2295 1616 2385 Lebenskomödiant, der sich selbst, seine ganze Umwelt und sein
1638 2294 2845 2363 25 Prozent bis zu einem Maximalbettag von K 221.500, so
402 2345 1600 2411 Verhältnis zu ihr inszeniert, dem Stimmung „Lebenselirier“
1636 2344 2841 2422 zwar, daß Mitglieder, die in einem höheren Gagenbezug stehen,
413 2397 1613 2466 ist, Illusion lieber als Wahrheit und der, um im Genuß
1639 2394 2845 2482 den 25 prozentigen Zuschlag nur von den ersten 221.500 K
419 2451 1614 2514 des Scheines zu bleiben, seine in hypnotischem Schlafe liegende
1628 2463 2055 2532 zu erhalten haben.
1720 2508 2849 2574 Für die Zahlung ab 1. Juni 1922 ist ein Theaterdirektor,
418 2491 1625 2577 Cora durch „die Frage an das Schicksal“ nicht zwingt, ihm
407 2553 1621 2616 das Gesicht der Wahrheit zu enthüllen. Das wirkliche Theater
1629 2536 2841 2600 der nachzuweisen in der Lage ist, daß er diese Leistungen nicht
408 2590 1614 2664 spielt aber auch in diese Szene mit der köstlichen Figur der
1636 2597 2836 2673 erfüllen kann, befugt, durch den Direktorenverband an die Ar¬
1646 2643 2853 2709 beitnehmerorganisationen mit dem Ersuchen um Ermäßigung
421 2635 1608 2716 lebensfreudigen. Choristin Annie im „Abschiedssouper“ hinein.
418 2693 1617 2763 „Das Märchen“ behandelt das Schicksal der Schauspielerin
1640 2701 2848 2750 heranzutreten. Kommt es zwischen beiden Organisationen zu
1634 2743 2847 2800 keiner Einigung, so hat die nach § 4 des Protokolles vom
411 2748 1623 2806 Fanny Theren, der es nicht gelingt, sich aus den Fußangeln
418 2785 1613 2858 ihres Beruses in Leben und Liebe hinein zu retten. „Liebelei“
1636 2807 2854 2860 6. Jänner 1922 einberufene Lohnkommission zu entscheiden.
1747 2842 2844 2922 Im übrigen bleiben die bestehenden Lohnabkommen auf¬
422 2840 1618 2906 steht durch die rührende Vatergestalt des alten Geigers am
419 2889 1619 2971 Theater in der Josefstadt mit der Bühnenwelt in Verbin¬
1634 2902 1769 2966 recht.
1724 2913 2841 3013 In der Begnündung der Entscheidung erklärt der Vor¬
414 2941 1614 3009 dung, die dem nächsten Werke „Freiwild“ schon das Haupt¬
1645 2986 2840 3050 sitzende, daß bei der Beurteilung des Umstandes, ob ein
411 2980 1616 3045 milteu, eine ganze Reihe interessanter, rassiger Menschen mit
1651 3026 2845 3092 Theaterdirektor die am 22. Mai beschlossenen Bezugserhö¬
410 3045 1624 3103 dem Sommertheaterdirektor Schneider, dem Regisseur Finke,
1648 3071 2855 3146 hungen erfüllen kann, auch frühere Gewinne maßgebend sein
414 3091 1619 3150 dem Liebhaber und Heldendarsteller Balduin, dem Komiker
1657 3118 2861 3202 sollen. Auch sind bei dieser Beurteilung Kaufanbote auf sein
420 3124 1620 3207 Enderle, der naiven Anna Niedel, der Soubrette Pepi Fischer,
414 3193 1631 3254 der Liebhaberin Kätchen Schütz, dem Kassierer Kohn und was
1646 3188 2202 3247 Unternehmen zu würdigen.“
415 3224 1629 3300 das Wesentlichste ist, auch den Kern des Stoffes, die aus
1741 3239 2281 3313 Wien, am 22. Mai 1922.
417 3268 1621 3345 diesem Milieu erwachsende Tendenz, liefert. Dem „Vermächt¬
414 3322 1634 3389 nis“ in dessen Mittelpunkt auch die Herzenstragödie einer
414 3369 1628 3448 Schauspielerin steht, folgt die kostbare Groteske „Der grüne
1854 3371 2632 3468 Der Kollektivvertrag.
421 3433 1622 3487 Kakadu“ vielleicht das bedeutendste Kleinstück der Welt¬
1743 3460 2862 3535 Der neue Dienstvertrag hat für die Wiener Betriebe fol¬
432 3465 1628 3541 literatur, dessen phantasievolle, bunte Bewegtheit das dämme¬
420 3514 1634 3579 #rige Rätselspiel der Durchdringung von Schein und Sein
1654 3527 2033 3598 genden Wortlaut:
422 3576 1638 3636 aufdeckt. Wie in der vom sensationslüsternen hohen Adel
1972 3580 2569 3651 A) Besondere Bestimmungen.
421 3616 1626 3686 der Revolutionsepoche gern aufgesuchten Spekunke eines ge¬
2202 3647 2307 3715 § 1.
428 3661 1638 3732 wesenen Theaterdirektors den feinen Herrschaften allerlei Fre¬
1725 3693 2118 3778 Das Mitglied ist
420 3712 1631 3792 veltaten, Laster und Verruchtheiten vorgespielt werden, wie
1727 3752 2265 3826 für die Kunstgattung als
438 3758 1643 3836 da der wirkliche Mörder nicht überzeugend und glaubhaft
1728 3809 2222 3885 für das Kunstfach als
422 3810 1643 3868 wirkt und als talentlos abgelehnt wird, wie dann der geniale
433 3863 1635 3926 Henri aus dem gemimten Verbrechen in das wirkliche hinein¬
1659 3865 2278 3934 II. für die Kunstgattung als
1727 3893 2861 3966 auf der Grundlage des angeschlossenen Rollenverzeichnisses
424 3909 1635 3981 gestoßen wird, das ist zu einer die Ewigkeit durchklingenden
1732 3954 2862 4012 und für das aus dem Rollenverzeichnis sich ergebende
438 3957 1550 4045 dramatischen Ausdrucks= und Eindrucksgewalt gebracht.
1737 4005 2655 4066 Nollengebiet und für das folgende Rollengebiet
516 4016 1637 4087 Menschen vom Theater, mannigfach beleuchtet, tauchen
2167 4058 2419 4124 Theater in
1730 4067 1903 4122 an das
430 4093 1592 4140 noch in vielen Stücken und Erzählungen Schnitzlers auf, so¬
1741 4113 1994 4178 verpflichtet.
430 4126 1646 4184 um nur noch einiges herbeizuziehen — im „Neigen“ in den
