3392 4480
1087 283 1543 371 box 39/3
229 303 963 399 —Birthday
1029 1056 1116 1130 5
176 1105 1161 1256 ADOLF SCHUSTERMANN
143 1248 1235 1322 ZEITUNGSNACHRICHTEN-BUREAU
271 1315 1068 1394 BERLIN SO. 16, RUNGESTR. 22-24.
202 1386 1142 1514 Zeitung: Frankfurter Oder-Zeitung
196 1504 937 1636 Adgesse: Frankfurt a. öder
199 1646 418 1732 Datum:
2154 1708 2493 1795 A  M
1547 1714 1939 1798 K n
1261 1767 3124 1839 war ich sehr erstannt, daß Du ein ruhiger Tagen auf ein deutsches Lustspiel? Hier war
2186 1813 2483 1871 wieder eines.
1268 1815 2184 1890 Mensch mit menschlichen Tugenden und auch
509 1813 1147 1902 Gratulationsbrief
2218 1824 3122 1899 Du hast den „Reigen“ um den vor einem
1931 1853 2185 1914 menschlichen
1548 1856 1822 1919 entschuldige
1271 1864 1454 1914 einigen
2187 1881 3107 1942 Jahr solch böser Streit entstand, nicht in die
1275 1892 2189 1961 Schwächen warst. Aber ich begriff es, je
2201 1920 3110 1973 Ausgabe der Gesammelten Werke aufgenom¬
2117 1926 2193 1982 in
465 1908 1197 1999 an Arthur Schnitzler
1280 1928 2074 1992 mehr ich Dich in Deinen Büchern las
2196 1954 3105 2010 men. Viel Schmutz wurde aufgewirbelt, häß¬
1280 1966 2183 2017 denen ich ja auch mich fand und uns alle.
365 1964 1277 2065 zu Finem 60, Geburtstag, 15. Mal 1922.
2182 1995 3114 2039 liche Dinge wurden gesagt — um wen werden
1285 2010 2097 2073 Denn Deine Bücher sind sehr menschlich.
2632 2035 3104 2078 bis an Dich kamen sie
2198 2042 2550 2096 sie nicht gesagt —
766 2033 899 2101 Von
1317 2026 2182 2104 Darf ich ein paar Merksteine Deines Werkes
2197 2073 3104 2128 nicht; Du hattest niedergeschrieben, was ist
1289 2084 2180 2139 aufzählen? Da ist der Anatol“ — vor dreißig
430 2049 1077 2156 7 „Dr. Jo Lherman.
2202 2110 3115 2166 und wie es ist, daß es da sei. Was kümmert
1284 2112 2161 2187 Jahren, Dein erstes Werk, kam es heraus —
397 2130 1283 2196 Skefan Großmann ist einer der letzten ge¬
2202 2153 2948 2221 es Dich, was andere daraus machten..
1292 2163 2193 2214 und es ist noch immer Blüte. Ich habe sehr
372 2172 1274 2244 wesen, der in seinem „Tagebuch“ einige Worte
2233 2189 3114 2251 Das Werk dieser dreißig Jahre ist groß;
1288 2201 2188 2255 deutlich empfunden, wie sehr es Wien ist: ich
368 2215 1286 2271 über Dich niederschrieb. Stefan Großmann
2201 2237 3112 2292 es ist noch nicht geendet. Die Zahl Deiner
1301 2233 2192 2287 gig in den letzten Weihnachten durch die ver¬
370 2262 1277 2315 ist, wie Du, aus Wien. Auch ich bin aus Wien,
2638 2255 3115 2322 nicht beständig: bald
2202 2266 2598 2326 Verehrer ist groß
1292 2273 2196 2346 schneiten Straße einer Stadt — wie Anatol
371 2293 1282 2353 wie Du wohl weißt; erlaube mir darum,
2772 2305 3115 2355 die Gunst des
2210 2302 2735 2363 sinkt sie, bald steigt sie
1339 2310 2200 2365 auch mit einer Gabriele. Aber es war nicht
373 2339 1282 2398 zu dem Strauß Anreden, den man Dir in
2205 2348 3114 2403 Ungeheuers, das Publikum heißt, ist wandel¬
1294 2354 2190 2422 Gabriele: Gabriele ist nur in Wien. Und wir
372 2369 1292 2426 Form von Feuilletons überbringen wird, auch
2197 2379 3118 2437 bar. Aber es kommt Dir wohl nicht darauf
1296 2398 1690 2463 alle empfinden so.
377 2421 870 2474 eine Blüte beizutragen.
2205 2420 3109 2472 an, verehrt, sondern darauf, geliebt zu werden.
1328 2415 2181 2480 Da ist „Der einsame Weg“: man sagt, es
415 2437 1292 2501 Es ist ein Dutzend Jahre her — ich war
2203 2457 3114 2513 Du weißt, daß man Dich liebt: in Deinem,
1304 2464 2192 2524 sei eines der Dramen, die Dir nicht geglückt
375 2484 1291 2562 ein blutjunger Student — da lernte ich Dich
2679 2499 3108 2552 im Deutschland des
2208 2502 2628 2559 unserem Oesterreich
1298 2508 2195 2565 sind. Es trifft — entschuldige bitte — zu.
379 2521 1302 2581 kennen: Dich, das heißt Deine Bücher und
2204 2521 3124 2585 Dir ein wenig wesensverwandten Dichters
1305 2537 2191 2597 Es ist wirklich nicht eines der besten. Aber
381 2577 1292 2620 Dramen. Damals stand Dein Stern im Zenith,
2207 2566 3118 2626 Gerhart Hauptmann — und auch Norwegen,
1304 2581 2193 2638 trotzdem: es ist uns so bekannt — vielleicht
375 2602 1288 2665 damals ging die „Liebelei“ über die Bretter —
2205 2626 3128 2671 Ibsens Norwegen hat es Dir bewiesen. Die
1306 2620 2197 2676 darum, weil die ungeratenen Kinder einem die
1064 2637 1286 2691 und „Das
381 2645 992 2698 und „Der junge Medardus“
2214 2655 2895 2717 Dich lieben, sind Dir auch treu.
1305 2654 2201 2719 liebsten sind, trägt man doch um sie die
383 2678 1297 2734 weite Land“. Wie tief ging mein Atem, wenn
2237 2670 3125 2732 Erlaube, daß für einige von diesen auch ich,
1300 2697 2214 2756 größten Schmerzen. Ich weiß nicht, ob Du
370 2721 1298 2771 ich auf der vierten Galerie des Theaters aller
2206 2724 3128 2779 der Dreißigjährige, Dir, dem Sechzigjährigen,
1310 2738 2193 2791 Dich heute einsam fühlst; ich wünschte, es
377 2754 1303 2831 deutschen Theater, unseres Burgtheaters, am
2212 2774 3130 2818 danke für alles, was Du uns gegeben hast, und
1302 2771 2158 2833 wäre nicht so. Es ist viel Liebe um Dich
387 2794 1303 2850 mühsam erkämpften Platz stand, von Dir in
2208 2805 3124 2854 Dir alles Gute wünsche für eine noch ein¬
1303 2815 2203 2869 aber es mag wohl sein, daß das nicht genug
374 2827 1295 2887 das weite Land geführt, von Dir, dem Dichter
2217 2828 3124 2899 mal so lange Zeit, also, wie eine mancherorts,
1302 2857 2204 2920 ist. Liebe muß nicht bloß sein; Liebe muß auch
384 2870 1301 2929 Wiens. Denn in allen Deinen Büchern ist
2212 2878 3128 2932 auch in Wien, angewandte Form sagt: bis
1302 2900 1639 2956 Genuß werben.
384 2910 1294 2969 Wien, unser Wien. Du bist noch Wiens
2809 2905 3132 2969 sofern Du so
2211 2930 2819 2983 hundertundzwanzig Jahre —
1339 2925 2204 2986 Da sind die Novellen vom Sterben — des
388 2944 1219 3017 Dichter, und dieses unser Wien ist noch.
2222 2953 3136 3023 alt werden willst, was ich natürlich nicht be¬
1316 2970 2209 3025 Schaffens reifste Frucht. In ihnen ist unser
425 2967 1299 3043 Ich bin seit langem von Wien fort. Und
2211 3000 2488 3067 stimmt weiß.
1305 3007 2214 3068 aller Art, die in Heiterkeit und Frohsinn, in
389 3025 1305 3080 ich lese alle Wiener Zeitungen, deren ich hab¬
1310 3043 2219 3099 Liebe und Leid immer weiß, daß wir sterblich
388 3057 1305 3131 haft werden kann. So las ich auch davon, daß
1308 3079 2217 3135 sind, daß wir bereit sein müssen, einmal den
389 3102 1307 3167 kürzlich bei der Aufführung von Mirabeaus
1314 3118 2212 3177 Sprung ins Dunkel zu tun. Du, der Dichter,
390 3145 1296 3190 Geschäft ist Geschäft“ im Burgtheater an der
1313 3155 2217 3224 weißt, daß diese beiden des Dichtens wert
390 3180 1313 3233 Stelle, an der ein alter Marquis dem reichen
1322 3203 1783 3263 sind: Liebe und Tod.
392 3218 1299 3287 Emporkömmling sagt: „Mögt Ihr uns alles
1343 3228 2240 3291 Der „Weg ins Freie": Der einzige Roman,
386 3249 1316 3314 nehmen: Ansehen, Namen, Besitz — das Be¬
1310 3281 2244 3334 den Du geschaffen. Auseinandersetzung mit
386 3291 1308 3362 wußtsein des Adels unseres Geistes könnt Ihr
1322 3305 2236 3367 der Art: Oesterreich — Deutschtum — jüdische
807 3327 1304 3380 - das Publikum laut Bei¬
394 3342 782 3390 uns nicht rauben“
1313 3353 2229 3407 Abstammung. Du fandest den Weg ins Freie:
406 3371 1310 3436 fall rief: diesen Worten: mitten in einer
1311 3383 2231 3449 Dich bekennend, wohin zu bekennen es Dich
402 3411 1314 3467 Szene, laut sich ereifernd, gegen alle Gewohn¬
1317 3416 2238 3491 zwang, ließest Du nichts an Dich heran, was
391 3447 1301 3512 heit des vornehmen Hauses. Das ist noch
1327 3462 2227 3521 nicht heran durfte, und wurdest immer mehr:
1031 3490 1312 3530 stolz in aller
394 3493 968 3544 unser Wien, das so denkt —
1316 3500 2235 3561 Dichter. Denn Dichter ist man nicht, Dichter
408 3530 1315 3585 Armut, seiner bewußt in allen Kümmernissen
1317 3540 2235 3603 wird man, wie man Mensch wird —, wie alles
397 3563 1325 3639 des Daseins. Ich wollte, ich wäre dabei ge¬
1314 3587 1832 3647 Geschehen ein Werden ist.
398 3593 1317 3656 wesen ... gerade jetzt, in dieser Zeit — nie¬
1354 3600 2233 3676 „Professor Bernhardi“: Wir Wiener in
394 3641 1165 3708 mandem muß ich erst sagen, warum.
1323 3659 2242 3714 München sind sehr stolz auf diese Stadt, weil
453 3663 1309 3745 Ich ging oft an Deiner kleinen Villa in
1330 3699 2243 3752 sie ihm den Weg bahnte, als die österreichische
399 3701 1339 3793 Döbling, die so verträumt aus dem dichten
1323 3736 2239 3794 Zensur ihn verschloß — es soll München nicht
409 3756 1327 3820 Grün des Vorgartens lugt, vorbei — und ich
1322 3774 2235 3831 vergessen werden. „Flink und Fliederbusch“:
402 3794 1322 3853 empfand stets sehr ehrfürchtig. Als ich Dich
397 3838 2247 3910 dann einmal durch Zufall kennen lernte, Warteten wir nicht schon seit Gustav Freytags
