3392 4352
1064 354 1542 438 box 39/3
211 340 977 464 6oth Birthdar
298 1777 3025 1831 Hätte Schnitzler wie mancher andere eines det die Lüge des Lebens so sehr wie Ibsen, sie Ueberzeugendes verloren, schon fühlen wi
2099 1781 3039 1843 uns fremd in einer Welt, der selbst in dei
225 1815 2091 1876 Tages das Publikum mit einem Werk völlig bildet eigentlich den Gegenstand seiner ganzen
2093 1836 3033 1886 Mannes Leben die Liebe als das einzige uni
1160 1842 2096 1908 Dichtung, aber er nimmt sie wehmütig lächelnd
226 1855 1172 1914 abweichenden Gepräges herausgefordert und
2098 1862 3037 1926 wesentliche erscheinen konnte. Das änder
1168 1875 2098 1940 hin, weil sie ihm untrennbarer Inhalt des
236 1893 1175 1954 es vor die Entscheidung gestellt, entweder des
2105 1892 3030 1959 nichts daran, daß das Grundgefühl von der
1177 1928 2103 1978 Lebens scheint. So wird die Lebenslüge, die
228 1921 1178 1983 Dichters Vielgestalt hinzunehmen oder die
2091 1931 3048 2008 Allmacht des Lebens über solche zeitlichen
1180 1956 2102 2020 ihm zuerst im Gewand gesellschaftlicher Vor¬
235 1975 1175 2029 eine Seite seines Wesens zu bejahen, die an¬
1179 1969 3037 2059 urteile erschienen ist, und die sich auch in sei= Gestaltungen hinweg seine Gültigkeit behält
229 1998 1179 2084 dere abzulehnen, so würde es nicht nötig sein,
2107 2017 3036 2077 und daß solche Hingabe an die Gewalt des
1165 2031 2099 2091 nem späteren Schaffen noch manchmal in
243 2036 1176 2107 den späteren Schnitzler aus den Anfängen des
2109 2054 3042 2122 bunten Seins, mit so bestrickender Formkunst
1170 2062 2094 2138 solchen Gestalten zeigt, zu einem Grundbestand¬
249 2084 1169 2154 früheren herauszulösen, die Züge des fünge¬
132 2084 245 2164 Mai.
2106 2097 3036 2157 und Grazie vorgetragen, wie sie in Deutsch¬
1182 2115 2102 2172 teil des menschlichen Lebens, vor allem der
239 2131 1179 2190 ren noch im Bilde des älteren aufzuzeigen.
2106 2131 3042 2197 land gar seltene Gabe ist, auch den zu fesseln
1172 2152 2105 2210 Beziehungen der Geschlechter zueinander,
249 2157 1179 2227 Demgegenüber steht Schnitzlers Schaffen unter
2100 2182 3036 2241 vermag, der es in unserer ringenden Epache
1180 2206 2109 2266 deren verwirrende Mannigfaltigkeit von An¬
244 2203 1184 2266 dem Gesetz einer fortschreitenden folgerichtigen
2102 2199 3048 2283 vorzieht, Stärkung bei Dichtern zu sughen,
124 2223 249 2287 der
1185 2233 2095 2290 fang an den Stoff bildet, an dem sich für
242 2247 1185 2303 Entwicklung, die niemals aus ihrer Bahn
2104 2259 2969 2323 deren Herz mit dem Kämpfer schlägt. —
128 2275 247 2344 rung.
1185 2266 2108 2331 Schnitzler das Leben darstellt. Jene Lüge zu
243 2284 1180 2349 bricht, und der Gereifte hat kaum Töne gesun¬
140 2305 243 2366 den
1187 2307 2113 2371 bekämpfen, ist daher eine fragwürdige Auf¬
247 2318 1173 2383 den, die nicht ihren Vorklang schon in den
131 2347 243 2410 des
1181 2346 2114 2408 gabe: die Stunden des Erkennens, die in des
244 2359 1184 2421 Jugendwerken befäßen. Aber die Akzente
138 2392 254 2443 doch
1180 2384 2113 2448 Dichters Werken immer wiederkehren, bringen
242 2402 1186 2461 haben sich langsam verschoben, und so bedeutet
1187 2416 2114 2486 selten Befreiung; häufig, wenn sie wirkliche
130 2430 253 2485 Frage
255 2443 1192 2522 die Entwicklung doch eine stetige Wandlung.
131 2462 250 2532 ürste
1186 2457 2113 2524 Erkenntnis gaben und nicht an Stelle der einen
427 2488 1188 2569 Schnitzlers Jugendstücken sind die
309 2502 446 2566 In
139 2500 257 2563 auf¬
1176 2498 2119 2563 Lüge eine andere setzten. Ekel oder Verzweif¬
246 2528 1189 2602 Linien einfach, die Probleme treten klar her¬
115 2542 254 2608 tim¬
1179 2542 2126 2606 lung. Wer klug ist, weiß, daß eine Lüge, die
250 2574 1187 2636 vor. Umgeben aber werden sie von der berau¬
123 2580 253 2640 über
1185 2576 2129 2641 ein menschliches Dasein zu tragen vermag,
259 2618 1182 2681 schenden Polyphonie einer den Lokalton mit
1181 2630 2114 2681 besser ist, als eine zerstörende Wahrheit, er
118 2618 260 2680 mehr
260 2644 1190 2718 unvergleichlicher Meisterschaft treffenden Stim¬
1188 2637 2128 2722 weiß, daß wir immer spielen, und daß wir
123 2668 261 2719 Schkeit
259 2697 1186 2752 mung. So wird das leicht überhört, was zwi¬
1191 2701 2111 2757 nichts von uns und nichts von anderen wissen.
127 2703 263 2758 likurm
251 2732 1178 2789 schen diesen beiden Elementen, dem einfach
1191 2738 2114 2797 Nur die Toren wollen erkennen und zur Er¬
126 2734 254 2798 ühen
254 2761 1191 2836 klaren Was und dem verführerisch vielstim¬
1184 2779 2127 2834 kenntnis verhelsen, nur die Toren suchen das
127 2790 261 2841 Stücke,
259 2803 1196 2869 migen Wie, auch in diesen Werken schon charak¬
1188 2830 2118 2876 Leben zu meistern; es ist Traum, Spiel. Lüge,
125 2823 266 2878 elei“,
265 2847 1188 2907 teristisch zu erkennen ist: Die Stellung des
1198 2868 2124 2914 Chavs, aber auch einzige Macht und Wirklich¬
127 2851 256 2914 enden
253 2878 1196 2957 Dichters zum Konflikt. Schnitzlers Helden
1186 2898 2129 2960 keit; die Hand, die sich vermißt zu lenken,
111 2894 255 2962 Endern
257 2914 1197 2994 gehen nicht als Kämpfer wider die Konven¬
1192 2947 2124 2991 greift ins Leere, und wer zu sehen glaubt, wird
140 2940 262 2994 dem
264 2969 1194 3029 tion zugrunde. Sie sind in der Tiefe ihrer
1189 2958 2139 3030 blind dahingetrieben, wohin zu kommen ihm
131 2974 263 3029 eichen
260 2995 1190 3068 Seele selbst Fahnenflüchtige, die die Berech¬
122 3013 268 3073 Bleben
1194 3019 1541 3087 bestimmt war.
262 3026 1192 3105 tigung des Lebens wie es ist, deshalb weil es
128 3055 264 3117 wohl¬
1263 3044 2145 3115 Auf solchem Boden gedeihen keine Helden.
266 3075 1206 3142 ist, noch da anerkennen, wo es im fragwürdigen
159 3091 269 3155 gar
1194 3098 2138 3152 Die Lebenskämpfer kommen denn auch bei
261 3108 1197 3190 Mantel der gesellschaftlichen Konvention auf¬
155 3133 266 3189 , die
1201 3126 2148 3190 Schnitzler schlecht genug weg. Immer wieder
273 3157 1196 3226 tritt: der Verächter des „Märchens“ vom Be¬
129 3177 271 3227 Pokal¬
1197 3175 2134 3238 stehen sie als beirogene Betrüger da, und mit
262 3197 1208 3267 lastetsein der Gefallenen empfindet selbst
124 3210 273 3266 Entale
1207 3212 2133 3271 zunehmender Reife wächst des Dichters müd¬
267 3241 1207 3301 gegenüber dem, worüber „kein Mann hinweg
136 3251 281 3309 solcher
1199 3255 2129 3314 lächelnde Sympathie mit den Gütigen, die,
265 3266 1205 3335 kann“ schließlich doch wie die andern, der Be¬
140 3293 271 3345 st ein
1209 3278 2139 3359 betrogen, ohne es zu erkennen, im Grunde
273 3314 1192 3376 kämpfer der Duellmoral, dem das Leben das
138 3328 271 3384 nven¬
1203 3330 1780 3400 doch die Glücklicheren sind.
269 3356 1209 3419 höchste Gut erscheint, vermag es am Ende doch
121 3367 274 3426 awofs
1276 3362 2145 3433 Schnitzler hut es einmal das Charakteri¬
273 3398 1206 3456 nicht, den Selbstvorwurf der Feigheit zu er¬
129 3406 275 3462 e Ge¬
1201 3421 2141 3476 stische aller Uebergangsevochen genannt, „daß
274 3426 1207 3495 tragen. Hier ist der Punkt, wo die weitere
135 3447 276 3504 agisch
1200 3459 2132 3520 Verwicklungen, die für die nächste Generation
281 3460 1207 3532 Entwicklung einsetzen kann, weil hier bereits
137 3481 278 3539 pathie
1200 3496 2139 3558 vielleicht gar nicht mehr existieren werden,
281 3504 1201 3569 die grundsätzlich= Abweichung in Schnitzlers
133 3532 273 3579 Porur¬
1197 3541 2144 3591 tragisch enden müssen, wenn ein leidlich anstän¬
284 3538 1197 3614 Auffassung der konnentionellen Lüge gegeben
133 3567 281 3617 Reihe
1199 3574 2146 3643 diger Mensch hinein gerät.“ Manche von den
281 3581 1204 3648 war, hier der Punkt, wo es sich zeigt, daß
151 3603 282 3658 schaft¬
1201 3606 2141 3664 Verwicklungen, in denen sich für Schnitzlers
146 3627 1200 3694 Kampf Schnitzlers Musik ihre Klangfarbe von des
1211 3649 2143 3706 Menschen das Unüberwindliche des Lebens
697 3648 1222 3714 und weltanschaulicher
137 3669 700 3744 wuch= Dichters ethischer
276 3684 2145 3790 Grundeinstellung hernahm: Schnitzler empfin=harstellt, haben schon heute für uns ihr
