3296 4320
1910 187 2245 280 —
994 271 1499 379 box 39/3
157 269 972 398 6oth Birthday
353 954 712 1049 im § 37 un
1098 962 1965 1041 g und fentgegengehntten, #e
330 1012 723 1096 durch diese den
1013 1034 3240 1098 anden das macht wurde, die aber — meines Erachtens! Vorschläge erstatten, die dayin gegen, puß aus 1So,
2354 1088 3095 1151 en eeenenenen n enenen
1279 1129 2191 1204 der Menschleinheit „Zeit“ heißt, ist ihm nicht
3085 1140 3235 1206 kam
2197 1142 3102 1201 eines sanften, aber in seiner Sanftmut un¬
584 1134 1044 1240 Feuilieion.
1283 1166 2201 1249 weniger Riesenkrahn dramatischer Gewich¬
3094 1184 3252 1248 erwir
2200 1184 3104 1253 entwegtesten Geistes, ihr Bezauberndstes
1289 1240 2187 1288 tigkeiten geworden, denn Hebbel die Unend¬
2192 1224 3096 1311 gaben: Augenblicke. .. Da stand Stephan
3109 1237 3248 1303 Zaub
346 1251 1238 1354 Artur Schnitzler, der Sech¬
3107 1287 3253 1343 um sich
1285 1287 2186 1360 lichkeit des Gedaniens, oder Schiller der
2196 1292 3101 1354 von Sala und sprach, Untergang im Herzen,
1287 1319 1795 1404 Sternenflug der Idee.
3104 1331 3263 1396 dichtu
2200 1332 3028 1394 von der geheimnisvollen Treppe in 1
624 1327 896 1429 ziger
3106 1385 3248 1438 war -
1363 1368 2198 1445 In billigen, weil aktuellen Bezeich¬
2192 1376 3104 1438 astatischen Ruinenstadt. Deren Stufen, so
715 1373 1275 1472 Arthur Schnitzler wird am
1279 1426 2188 1488 nungen, hat man ihn oft den Dichter der
3094 1418 3262 1502 manch
2199 1435 3104 1491 viel man auch ihrer abgegraben, immer
660 1451 1172 1518 15. Mai sechzig Jahre alt.
3099 1475 3263 1545 Burgt
1276 1470 2198 1543 Liebe und des Todes genannt. Das klang
2199 1485 2971 1559 tiefer unter die verbergende Erde
2948 1485 3115 1552 führ¬
447 1498 1275 1578 Es gibt ein beinahe vergessenes
1288 1510 2196 1603 romantisch=schauerlich und gab ein Dekora¬
3092 1526 3252 1583 „Zwisl
2368 1533 3102 1595 Da schritt der Ehebrecher und
2204 1534 2330 1593 ten
348 1531 1284 1617 Drama dieses Dichters. Jener „Schleier
3108 1573 3253 1629 Komö
1289 1573 2204 1629 tionsklischee ab. Ohne Zweifel: Eros
2201 1553 3109 1647 Duell=Totschläger Hochreiter bleich und
353 1596 1282 1669 der Beatrice“ ist's, dessen Glanz und dessen
3099 1619 3253 1684 Geiste
1277 1625 2199 1671 Thanatos ist inmitten dieser anmutigen
2193 1629 3101 1698 hart aus dem Frühlicht des Gartenweges
351 1649 1276 1719 Trauer selbst wie hinter Schleiern liegen,
3106 1667 3255 1730 den A
1278 1673 2200 1735 Unerbittlichkeit das ewig wiederkehrende
2199 1678 3107 1749 und faßt die Hand der ahnungslosen
348 1683 1281 1753 zart und geheimnisvoll umhängt, in ein
3108 1713 3263 1779 Nacht
1285 1723 2186 1794 Symbol. Das ewig enthüllende außerdem.
2192 1727 3107 1785 Mutter seines Opfers... Da trat, mitten
348 1740 1277 1806 bitter=holdes Vormorgenlicht verdämmernd,
3103 1755 3268 1816 viel v#
1284 1768 2188 1825 Aber es ist Symbol. Nicht Selbstzweck ...
2202 1765 3114 1844 in den Silberklang jungen Mädchenlachens
346 1793 1278 1851 mystischen und dennoch traftvollen Klangs.
3111 1809 3265 1875 Dicht
1272 1814 2197 1866 Logisch. Weil Artur Schnitzler sonst ein
2191 1806 3110 1895 Eishauch um sich, der „fremde Herr“
341 1834 1273 1899 Da wandeln Menschen zwischen Aufgang
3103 1854 3256 1917 Art
1280 1870 2199 1937 gruseliger Pikanterist, aber kein Dichter
2200 1853 3112 1933 in die Türe ... Da leuchtet, gelb im Son¬
350 1880 1286 1968 und Niedergang, zwischen Niedergang und
3107 1903 3271 1970 ihm
1284 1912 1437 1989 wäre.
2207 1919 3119 1982 nenwiderschein, der Schönbrunner Schloß¬
340 1930 1293 1996 Aufgang drohender, schwerer, vielleicht
3115 1957 3265 2013 hat eh
1378 1938 2199 2025 In den köstlichen und im wehmütigen
2198 1961 3109 2035 hof und Dialog wie Statisten füllen ihn
352 1982 1289 2045 letzter Stunden, wie in purpurnen und ver¬
3109 1996 3268 2070 sein
1283 1988 2205 2078 Schimmer ihrer Ironie fast ergreifenden
2191 2018 3121 2086 mit der unsichtbaren aber drückenden Gegen¬
351 2023 1287 2103 schlungenen Irrgängen eines Traums. Des
3111 2052 3248 2136 ihrer
1278 2058 2200 2125 Szenen des „Reigen“ deren Poesie gerade
2203 2062 3118 2128 wart des einen großen Namens ... Und
356 2080 1279 2136 Schicksals feierlich heranrauschender Flügel¬
1279 2106 2204 2168 aus ihrer restlosen Aufrichtigkeit strömt
2209 2117 3121 2185 in jener schönen, von Abendkühle durch¬
354 2119 1284 2204 schlag umschattet sie mit Größe und Ge¬
1284 2149 2206 2226 (freilich ist es eines Künstlers verklärende
2209 2169 3120 2231 fluteten Erzählung, jener Moment, jene
356 2174 1289 2234 walt. Leidenschaft entzündet, Tugend ent¬
1283 2206 2202 2263 und nicht eines Photographen zuspitzende
2209 2184 3267 2272 Bewegung, da der altgewordene Casanovai natür
350 2225 1289 2288 hallt, Weisheit erfüllt sich. Bestimmungen
3102 2255 3255 2313 So ha
1288 2250 2197 2330 Aufrichtigkeit), fällt kein Sterbestunde¬
2214 2257 3125 2319 in schonungsloser Morgenhelle vor der ent¬
351 2265 1291 2347 rollen ab. Des Lebens des so konzen¬
1290 2304 2205 2359 schatten. Vielmehr: Der leichsinnistge
2207 2300 3258 2371 setzten Genossin einer erlisteten Liebesnacht Kultu
352 2304 1281 2378 trierten, beflügelten, befeuerten Lebens
1286 2349 2198 2411 Tanz der Gefühle (*) schlingt sich von Se¬
2204 2350 3255 2442 steht. Und blitzartig in ihren angeekelten Cello
352 2367 1281 2427 Pulsschlag zuckt eilig und herrisch auf. In
1284 2401 2202 2475 kunde zu Sekunde. Da ist in einem an¬
3104 2398 3257 2456 gende
2200 2411 3126 2469 Zügen die eherne Tatsache liest: Sein
347 2416 1290 2477 dunkel glühenden Versen, die so grazil wie
3098 2446 3256 2508 Oder
1277 2440 2196 2517 deren, in einem beinahe höhnisch eiteln
2199 2458 3125 2535 Alter, den welkenden Herbst seinesAntlitzes,
348 2464 1284 2532 prächtig sind und die aus der eigensinnig
3119 2493 3244 2557 prägn
1291 2494 2203 2571 Sinn alles Gewalt und — Genuß des
2206 2510 2905 2572 den Reif auf seinem Haupt...
357 2497 1276 2567 kargen Epoche des Literatur=Naturalismus
1288 2546 2203 2615 Augenblickes. Und dach ist auch dieser
3097 2541 3233 2603 Klag
2289 2545 3114 2616 Augenblicke! Sie sind das Geheimnis
348 2558 1288 2643 damals wie eine exotische und kapriziöse
3108 2592 3258 2647 ebel=
1282 2596 2197 2671 Augenblick tragisch und ist es, weil er un¬
2213 2604 3122 2674 und die Musik dieses Dichters. Ihr Un¬
354 2620 1287 2682 Kostbarkeit aufflammten, wuchtet Er¬
3115 2638 3245 2699 höchst
1289 2647 2200 2716 gewiß ist. Er verrinnt, verfliegt, ver¬
2216 2653 3128 2722 abänderliches, ihr Zwang zu erhöhter und
351 2660 1104 2748 schütterung neben Erschütterung.
3113 2691 3261 2747 quine
1287 2690 2206 2763 schwebt und nichts bleibt übrig als Er¬
452 2695 1284 2778 Tragische Ungewißheit des Augen¬
2214 2689 3129 2780 bewegter Intensität der Empfindung wie
3110 2737 3244 2796 erbar
1292 2734 2207 2802 nüchterung, Entfremdung, fast Entmensch¬
359 2735 1289 2812 blicks, in höchster und grausamster, in sinn¬
2213 2760 3111 2833 der Verantwortung, ihr Klang, ihr Echo,
3115 2781 3267 2839 ins 2
1287 2795 2202 2855 lichung. Aber da er naht und magisch nahl,
356 2807 1282 2859 losester und dennoch erhabendster Bedeutung,
2212 2811 2909 2892 ihr Schatten, ihre Erinnerung.
3111 2826 3257 2888 Liebe
1281 2846 2207 2908 bezaubernd, wie alles Ungewisse, vergoldet
350 2847 1286 2906 reißt diese Menschen über sich selbst empor
1296 2893 2207 2966 er selbst Lüsternhelten, haucht Grazie in
354 2896 1290 2971 und führt sie schließlich doch wieder ins
2285 2908 3263 3001 Artur Schnitzler wird nun sechzig „noch
1282 2936 2208 2999 die verzweifelte Lustigkeit der absichtlich
357 2950 1282 3020 Menschlichste: in den klaren Adel eines ge¬
2206 2972 3131 3043 Jahre alt und man wundert sich des bei¬
1288 2977 2203 3053 Schamlosen und gibt diesen mehr als ver¬
352 2998 746 3084 faßten Herzens.
3112 3002 3266 3085 kaum
2203 3015 3121 3086 nahe. Noch klingt die Geige dieser strengen
1289 3044 2205 3107 fänglichen Gelegenheiten, was ihnen kein
3139 3071 3224 3126 in
2210 3067 3122 3144 Schwermut süß und voll. Schon der Dreißi¬
1291 3082 2203 3154 Talent allein, auch nicht das eines Mau¬
460 3065 1281 3169 Tragische Ungewißheit des Augen¬
3117 3117 3254 3183 Doch
2209 3122 3110 3188 ger schaute gesammelten Blicks in Däm¬
1293 3147 2208 3211 passant geben könnte: Rührung und An¬
357 3133 1286 3195 blicks ... Schnitzler hat das grausam¬
3115 3168 3259 3228 geßlic
2214 3175 3119 3229 merungen. Schon der kaum zum Mann
1291 3193 1434 3256 mut.
366 3189 1284 3262 großartige Spiel oft wiederholt. In allen
2213 3219 3121 3295 Vollendete zeichnete die traurigen, beklem¬
364 3229 1294 3295 Schattierungen, in allen, grandiosen wie
3113 3256 3267 3335 angef
2204 3252 3126 3343 menden, melancholisch=galanten Gestalten
1376 3249 2204 3348 Tragische Ungewißheit des Augen¬
362 3285 1298 3362 burlesken Situationen, mit hohen und mit
2206 3302 3131 3389 auf, die gleichsam unter der rinnenden
1290 3308 2215 3402 blickes ... Man erinnert sich, daß es immer
364 3336 1289 3388 kleinen, mit sunkelnden und mit schäbigen
2209 3357 3121 3430 Sanduhr lächeln, küssen und die ewig hold¬
1292 3365 2214 3430 knappe, melanchalisch=scharfe, herb=milde
357 3384 1296 3432 Seelen, an des Gespenstischen, wie an des
2211 3409 3265 3483 seligen Scherze der Jugend treiben ... Da=lächel
367 3412 2218 3480 Lächerlichen, ja des Zynischen Crenze. UndI Situationen waren die seinen Dichtungen,
361 3455 3176 3548 das Mysterium, das für den Tagesgahrauchi diesen schmungvollrerakten Theaterstücken 1 mals allerdings mar es Ereignis, han einer 1
2345 3621 2969 3772 —
1955 3614 2129 3767 7e-
2267 3675 2495 3773 S
2060 3687 2701 3941 hrc
2255 3930 2420 4035 S
