3392 4352
1079 328 1598 426 box 39/3
263 320 1098 444 60th Birthdar
173 1052 631 1116 u #en.
1040 1060 1746 1138 1.) Bernn, 10. Staneutererte —
1980 1081 3038 1144 starker Drang wohnt in diesem Nordwest= südostgang:
169 1120 3045 1163 sberg, 13. Mai. ag. Die „Ostpreußischeinisten haben im Reichstag und im preußischen Gasels Geld greift weit über Wiese und Rhein und in
170 1147 976 1197 det aus Moskau: Der Vertreter Po¬
180 1171 3034 1231 Näteregierung überreichte Karo= Landtag einen Antrag eingebracht zur Verhinde= erfreulicher Wechselwirkung sitzen des Schwabenlands
169 1218 3037 1274 sharse Note, in der gegen den Ueber=rung der Auslie ferung der von den deutschen wagemutige Söhne am Rheinknie jenseits der „Grenze“.
171 1253 3043 1313 olnischen Grenzposten durch russische Trup= Behörden festgenommenen italienischen Revolu=Nehmt die Schlagbäume fort, die sich der Wirtschaft
169 1294 3037 1363 Et wird. Polen verlangt umgehende Zu=Itionären Ghezzi und Vacchi. Die Kommuni= und dem Verkehr zwischen diesen Gebieten hemmend in
161 1351 3033 1455 din derhand in der histere sa gun der mist Aer schen in henen eien Andelen n ene e e      e e eene
1981 1428 3035 1491 sich, man leidet an sich und den Anderen, man kommt
960 1416 1994 1475 denklich tändelnden „Tnatol“=Szenen, hatte er seine Me¬
172 1444 971 1511 wischen Reformation, Bauernkrieg und
1984 1467 3031 1513 aber nicht von sich los und verschwendet sich nicht selbst.
966 1469 1989 1523 lodie gefunden, er hat sie nachher variiert und instru¬
179 1489 963 1548 her schmettert der Kanari aus seinem
1993 1491 3029 1545 Noch in seiner Heiterkeit ist Ironie und Wehmut, hinter
961 1505 1987 1559 mentiert, hat in vielen Bänden die heutige Literamr
194 1527 961 1581 d gibt nicht Ruh, bis er mitten in den
1991 1540 3035 1597 jedem Genusse lauert der Gedanke an das Ende und den
956 1526 1997 1593 bereichert, in der er nicht zu den ragendsten, aber
169 1571 968 1628 nWorms hinein seinen Schnitz gelbe
1987 1573 3031 1620 Tod. Für Verschlungenheit und inneren Widerspruch
964 1566 1986 1631 liebenswürdigsten Gestalten gehört, doch schon in seiner
1995 1614 3035 1671 in Gefühlen entdeckt er die amüsantesten Zusammen¬
175 1615 269 1673 nt.
249 1611 1989 1665 — Und wenn der Freiwanger glü=Knospe war Blume und Frucht. Sein sicheres Takt¬
1984 1662 3042 1705 hänge: man denke bloß an seine „Reigen“=Dialoge, die,
164 1647 1985 1732 athien voll mit Danton im Konvent zu gefühl, sein untrüglicher Geschmack bewahrte ihn davor,
1992 1678 3036 1742 ganz unabhängig von der bedenklichen Spekulation ihrer
185 1700 1982 1759 eiheit, Gleichheit und Brüderlichkeit eine seine Kräfte zu überspannen, sich jemals zu verirren und
1997 1728 3033 1792 öffentlichen Aufführung, bei all ihrer anscheinenden
959 1737 1995 1794 zu verlieren. Es wäre ungerecht, wollte man in ihm
172 1744 975 1803 ann mag es wohl sein, daß die Frei¬
1990 1765 3034 1822 Leichtigkeit doch geradezu tief sind. Er gibt sein Bestes
973 1773 1996 1824 nur den Poeten der Wiener „Gesellschaft“ vor ihrem
167 1787 966 1859 er Jakobiner, Hebertisten und Danto¬
1992 1796 3036 1857 in kleinen Stücken und Novellen; zum großen Epiker hat
964 1810 1991 1868 Untergang sehen, auch abseits dieses Kreises hat er viel
182 1840 970 1890 gihren Michel zum Kaffee ruft und
1996 1846 3036 1903 er nicht den vollen Atem, zum großen Tragiker nicht die
968 1856 1998 1899 Schönes gespendet, das lebendig bleiben wird. Man
183 1881 971 1937 bißchen ungut sagt: Komm gschwind,
1995 1884 3049 1948 eutschlossene Leidenschaft. Er ist nicht stark und nicht
967 1880 1993 1941 denke an seine Meistergroteske vom „Grünen Kakadu“,
187 1926 961 1976 wird er kalt! Und er, der Freiwanger,
1987 1922 3041 1976 unbedingt genug für einen solchen Wurf. Aber keiner
968 1910 2002 1985 in welcher ins Unheimlich=Spielerische gewendet die
1990 1961 3041 2018 der Mitlebenden erreicht ihn an Anmut und Vieldeutig¬
960 1959 1994 2025 gan Weltuntergangsstimmung des Bastillensturmes ist.
179 1970 967 2023 stolz vor Königsthronen fremd ist, der
1992 1998 3050 2055 keit des Einfalls, keiner ist so gepflegt, so sicher seiner
962 2013 1992 2054 Wi man es vor vier Jahren mit Moissi in Basel sah,
184 2007 965 2063 u dem verrotteten französischen Adel die
1992 2037 3039 2094 selbst und so unerschütterlich abwehrend gegen Konzes¬
976 2035 2003 2095 schlug unter dem Eindruck des Kriegendes und des roten
182 2049 967 2123 dentlich heruntertut, verläßt auf eine
1987 2075 3045 2133 sionen an das Wirksame und an den schlechten Ge¬
972 2083 1998 2137 Rußland der Atem des Meisterwerkes uns so heiß ent¬
201 2088 979 2168 die Weltgeschichte und trinkt seine
2001 2118 3048 2172 schmack. Inmitten offizieller Bewunderung ist man meist
954 2125 1991 2174 begen, daß man fast erschrak. Oder die zeitlos schöne
180 2135 390 2206 nmokka.
2003 2138 3040 2205 sehr geneigt, mit den Sechzigjährigen in der Kunst sehr
942 2158 1993 2219 Novelle vom „Blinden Geronimo und seinem Bruder“,
2001 2199 3041 2249 strenge zu sein; hart und undankbar stellt sich das
184 2184 1994 2247 ndet er sich wieder seinem Schmöker zu, russisch seelenhaft, nur straffer, tritt vor die Erinnerung.
1990 2233 3041 2290 heranwachsende Geschlecht gegen sie, die ihnen den Bo¬
185 2242 1999 2295 haulich an seiner Gamskopfpfeife schmau= Oder sein zugleich objektiver und doch guter, hassender
1991 2264 3042 2320 den verstellen, verkennt sie, verhöhnt sie, oder, noch
967 2280 1997 2331 „Professor Bernhardi“ oder sein „Tapferer Kassian“, um
190 2282 967 2343 hicksale der Länder, Völker, Fürsten und
1990 2293 3048 2360 schlimmer, vergißt sie. In diesem Kampfe der Genera¬
972 2309 1999 2363 aus seinem gefüllten Schrein nur einige Juwelen durch
198 2331 975 2381 Diplomaten, zieht mit Bonaparte durch
1994 2347 3042 2404 tion sind einige von den jüngst Unsterblichen augenblick¬
979 2348 2001 2401 die Hand gleiten zu lassen. Aber in seinem Wesentlichen
200 2372 978 2424 eund verfolgt mit schwerem braunem
1989 2387 3043 2440 lich ins Hintertreffen geraten: Ibsen und Boecklin, um
965 2390 1995 2437 bleibt er doch zumeist der Dichter des franzeskojosefini¬
181 2411 973 2474 Beilen. Wenn er genug hat am großen
1993 2427 3040 2470 bloß einige der am stärksten Betroffenen zu nennen; bei
973 2435 2002 2482 schen Wiens, seiner arrivierten Sozietät, die von keinen
179 2462 978 2520 hließt er ein Weilchen die Augen, läßt
1996 2463 3039 2520 Wagner und Hodler zeigen sich die ersten Anzeichen einer
971 2468 2001 2519 Lebenssorgen geplagt ist, sich in Spiel mit dem Dasein
185 2502 980 2562 sonne wohlig auf die alte Haut brennen
2001 2504 3041 2557 solchen Entwicklung. Es wäre ein Wunder, wenn die
980 2506 2002 2553 und Erotik zurückgezogen hat, ist er der Dichter der
1993 2540 3041 2586 Expressionisten, die Stammler und die Maßlosen gegen
964 2533 2001 2593 Tragikomödien des Wiener Cottage, wo die Landhäuser
183 2546 968 2597 er aller Wissenschaft, doß über dem Auf
2005 2566 3052 2632 Schnitzler sanfter wären. Er kann diesen Ansturm ruhig
979 2585 1995 2642 der Reichen hingelagert sind am Rande der großen
203 2588 980 2649 Jahrhunderte, der Völker und Zeiten
1999 2620 3046 2665 überdauern, wenn er auch sein poetisches Handwerk un¬
972 2617 1927 2679 Stadt, weich geschmiegt in die Wiener Landschaft.
184 2615 980 2689 er ein Frühling wärmend strahlt, ein
1998 2659 3042 2713 modern gut meistert und seine literarische Abstammung
1012 2658 1999 2722 Das Spiel des Schicksalsi ein Grundmotiv des
185 2671 991 2735 g ins Blaue geht und die Knospen am
2003 2698 3043 2748 von dem älteren Oesterreich und von der gepflegten,
968 2715 1997 2771 Schnitzlerschen Schaffens; das undere ist die Beziehung
179 2710 982 2774 m schwellen, und solange die Erde steht,
1998 2731 3038 2781 wohlerzogenen Pariser Gesellschaft= und Problemdrama¬
967 2761 2000 2807 zwischen Tod und Liebe. Auf diesen beiden Säulen
193 2769 978 2832 n wird Säen und Ernten. Werden und
1992 2769 2411 2835 tik nicht verleugnet.
966 2785 1999 2845 ruht sein dichterisches Lebenswerk. Manchmal wie in
641 2801 953 2869 Julius Kreis.
2037 2809 3049 2880 Wien, die Stadt der Tradition und der Kompro¬
966 2832 2014 2885 seiner Meisterzählung vom „Schickfal des Freiherrn von
2009 2862 3042 2935 misse bis 1918, konnte niemals leidenschaftlich, ungeber¬
961 2874 2005 2921 Leisenbogh“ verknüpfen sich beide. Warheit und Lüge
217 2865 710 2937 Arthur Schnitzler.
1998 2901 3041 2958 dig kraftgenialische Genies erzeugen. Aengstlich hielt es
958 2912 2005 2967 verschlingen, wir spielen alle. „Wer es weiß, ist klug.“
190 2911 932 3005 em sechzigsten Geburtstag. 15. Mai.)
2006 2932 3053 2993 sich vom Wirklichen ab, daß entfesselt Stadt und Reich
960 2946 1996 3003 Diese Wahrheit verkündet schon sein „Paracelsus.“ Leise
1994 2980 3052 3036 von ihrer Geltung herunterstürzen mußte. Desto mehr
979 2973 1995 3035 Resignation, beste seelische Haltung ist das Merkmal
191 2993 990 3043 ute des repräsentativen Dichters der letzten
2005 3018 3045 3070 pflegte es seine Anmut, verfeinerte es sich, hielt es auf
973 3010 1995 3072 seiner Gestalten. Anatol altert, und er wird der Herr
188 3031 988 3091 eneration zu gedenken, und wenn jemals,
1994 3054 3055 3122 gute Formen, verstand es die Kunst der Andeutung, und
985 3048 2011 3113 v. Sala in dem „Einsamen Weg“, diesem zarten herbst¬
178 3058 977 3123 elancholie subjektiv wie objektiv berechtigt.
1998 3099 3046 3146 Schnitzlers Stellung war und ist es, dieses Wesen der
985 3102 2008 3152 lichen Schauspiel, das viel zu wenig bekannt ist. Zufall
182 3098 974 3154 kenn der dies schreibt, ist dem Dichter und
2009 3128 3053 3186 Wiener Bourger sie in die ganze Problematik der nun¬
972 3140 2009 3190 oder Schicksal führt zum Fehltritt einer Ehefrau, und
182 3139 982 3200 eg stets nahe gewesen und dazwischen liegt
2005 3178 3045 3225 mehr abgeschlossenen Epoche hinübergeführt zu haben.
979 3165 2009 3228 nachher sehen wir den Sohn zwischen den zwei Vätern,
192 3188 987 3243 halter. Objektiv: denn Schnitzler ist der
2004 3211 3044 3268 Das Jüdische, das man östers gegen ihn betonte, ist da¬
975 3204 2005 3276 dem wirklichen, der ihn verloren hat, dem falschen, der
201 3220 989 3280 verschwindenden Welt und Kultur, die
1991 3248 3042 3301 bei nicht das Dominierende; der Wiener Jude ist vor
975 3242 2008 3304 ihn sich erobert hat durch ein Leben voll Güte. Niemals
182 3247 988 3310 iger und weicher als jene, die nun über
2007 3279 3054 3338 allem Wiener und vom deutschen, vom ungarischen und
988 3292 2007 3343 ist falsches, lärmendes Pathos in Schnitzlerischen Men¬
202 3289 984 3356 ist. Er ist nicht als Junger in den Ruhm
201 3330 3052 3393 zur Dichtung aus ganz anderen Lebens=Ischen; in ihre behütete, kränkelnde Welt, die etwas von vom russischen Juden grundverschieden. Das Wiener¬
208 3383 3062 3446 und Bruder von großen Aerzten und selbst der linden unnatürlichen Wärme der Treibhäufer hat, tum hatte stets diese sonderbare Kraft der Aufsaugung
