3392 4352
2081 205 2228 273 —
228 269 1561 390 6oth Birthdag box 39/3
1897 1804 3101 1897 Stempel. Er hat das Leichte, Unbeschwerte vieler Franzosen.
698 1838 1873 1925 fährten“ das herrliche Schauspiel „Der Schleier der Beatrice",
1891 1861 3095 1941 Nicht nur die Frauen Wiens, auch die Dichter fühlen sich
137 1878 671 1964 enschenalters auf dem
691 1860 1892 1968 die vier Einakter „Lebendige Stunden“ für die er 1903 den
1890 1922 3098 1982 denen von Paris am nächsten. Aber dieser Causeur, dieser vor¬
692 1932 1882 2012 Bauernfeldpreis erhielt, das Schauspiel „Der einsame Weg“
1880 1949 3096 2051 treffliche Dialogschreiber, war nie ein leichtfertiger Plaude¬
686 1957 1877 2061 die Komödie „Zwischenspiel“, das Schauspiel „Der Ruf des
140 1974 680 2063 len unsere eigenen Stücke,
1893 1971 3100 2072 rer; vielmehr ein rechter Künstler. Kein Revolutionär, der
691 2019 1884 2098 Lebens“, für das ihm 1908 der Grillparzerpreis zuteil ward,
159 2052 682 2136 irig, die Komödie unserer
1902 2038 3089 2116 aufpeitscht; vielmehr ein stiller Kopf, der leicht spöttelt, ohne
697 2047 1888 2147 die drei Einakter „Marionetten“, die Komödie „Komtesse
1898 2082 3092 2170 je den Ernst dieses Daseins zu vergessen. Denn über allem
392 2104 558 2177 Seele,
698 2105 1886 2192 Mizzi, oder: Der Familientag“, das Schauspiel „Deutsche
1888 2110 3101 2211 Leichten, Heiteren dieser kleinen und doch so reichen Welt
694 2150 1877 2240 Kolonisten“, die dramatische Historie „Der junge Medardus“
151 2135 694 2243 sstern, böser Dinge hübsche
1895 2162 3094 2251 liegt etwas Dunkles, Schweres, nun — man möchte sagen —
702 2171 1889 2278 die Tragikomödie „Das weite Land“ usw. usw. Auch Novellen
361 2217 563 2292 Formel,
1895 2226 2343 2309 lockende Melancholie.“
697 2236 1886 2328 und Romane hat Schnitzler veröffentlicht, so 1894 die No¬
155 2263 686 2369 bes heimliches Empfinden,
1969 2270 3097 2339 Man darf auch eines bei dem Vorwurf der Frivolität
708 2261 1890 2366 velle „Sterben“, kleine Novelletten „Die Frau des Weisen“.
1815 2315 1867 2357 #7
1900 2316 3100 2401 nicht vergessen: Schnitzler ist Arzt. Als Arzt aber ist er
713 2305 1887 2414 sodann „Frau Bertha Garlan“ „Die griechische Tänzerin“,
1912 2356 3106 2452 gewöhnt, die Finger auf das faulige Geschwür zu legen; er
706 2369 1900 2450 den Roman „Der Weg ins Feie“, die Novellen „Masen und
155 2367 705 2467 orte hatte Hugo von Hof¬
1906 2391 3112 2486 ist gewöhnt, auch jedes Ding beim rechten Namen zu nennen.
705 2444 935 2522 Wunder“.
156 2435 692 2514 tling Schnitzlers als Pro¬
1917 2437 3111 2526 Ein Arzt kennt kein kleinliches Genieren und Verbergen.
164 2468 701 2547 gewissermaßen zum künst¬
792 2461 1898 2550 Unmöglich, alle diese Werke im einzelnen hier zu
1908 2481 3117 2571 Und Schnitzler hat, wie gesagt, auch als Dichter niemals den
158 2520 703 2600 für alle seine Dichtungen.
714 2521 1899 2602 charakterisieren. Sein dichterisches Schaffen wurzelt ganz
1904 2518 3115 2618 Arzt verleugnen können. Er diagnostiziert auch in seinen
170 2557 712 2641 Lebenswärme in Schnitz¬
710 2563 1910 2662 im Wienerischen. Schnitzler ist nicht nur von Geburt und
1906 2570 3100 2662 dichterischen Schöpfungen schonungslos. Aber er hat auch für
139 2608 710 2681 durch sein aus Humor und
718 2604 1898 2691 Erziehung Wiener, er ist's auch aus innerster Neigug. Er
1911 2616 3114 2699 alles ein mildes Verstehen und Verzeihen. Dieser Vorzug ist
159 2655 705 2720 ragischer Verzweiflung zu¬
715 2648 1900 2737 ist der dichterische Schöpfer der süßen Wiener Mädels, in
1909 2641 3129 2747 ihm zum Verderben geworden, hat ihm den Vorwurf ders
153 2690 713 2769 klei“ den breitesten Massen
723 2680 1904 2795 allen seinen Schattierungen. Er hat es als Seelenforscher
1911 2691 3110 2790 Frivolität zumeist eingetragen. Frivol kann aber nur der
157 2739 717 2815 sekannt wurde. In diesem
730 2738 1901 2826 eingehend studiert und mit dem zweiten Gesichte des dichters
1918 2725 3129 2836 sein, der aus Liebe zum Leichtfertigen sich mit diesem vors
166 2776 721 2870 mit besonderer Stärke der
728 2779 1902 2872 seine ganze Süßigkeit auch da aufgezeigt, wo weniger tief¬
1920 2791 3104 2872 allem abgibt. Diese Vorliebe könnte vielleicht scheinbar vor¬
725 2818 1904 2917 blickende Menschen nur die angefaulte Oberfläche erblicken
1915 2826 3109 2918 handen sein. Dem Arzt mußten sich wohl vor allem jene
149 2865 709 2951 lück, je nachdem in den
1914 2874 3104 2956 Dinge ungesucht enthüllen die dem anderen wohl ganz ver¬
726 2905 923 2981 würden.
161 2921 714 3000 plaudernde Dichter oder der
1920 2909 3111 3004 borgen bleiben, wenn er sie nicht aufsucht. Ueberblickt manz
802 2904 1907 3005 Dabei kommen wir nun zu dem Hauptvorwurf, der dem
166 2962 723 3044 Schnitzler dann mit zahl¬
1903 2964 3117 3066 das ganze Schaffen Schnitzlers, so wird man jene Vorliebe
716 2964 1910 3045 Dichter des „Reigen", lange bevor der Kampf un den
148 3003 728 3083 ichkeit, deren Fülle, neben
1908 2988 3128 3099 nicht wahrnehmen. Und daß er ein liebevoller und milder
732 2993 1919 3099 „Reigen“ begann, gemacht worden ist. Man hat schon dem
163 3043 727 3132 rzt, entstanden, schon allein
1918 3048 3129 3135 Richter aller Menschlichkeiten ist, wird man einem Dichter
726 3052 1914 3148 Dichter des „Anatol“ den Vorwurf der Frivolität, der Leicht¬
186 3091 726 3174 Wir verzeichnen hier nur
729 3088 1918 3190 fertigkeit gemacht. „Nichts Törichteres,“ so sagt Bilhelm
198 3135 734 3231 „Das Vermächtnis“, die
183 3105 2862 3267 1“, „Paracelsus", „Die Ge¬Herzog, „als diesen für den Anatol=Dichter herkönmlichen eher als Vorzug denn als Vorwurf nachsagen.
2769 3172 2857 3248 M
