3344 4320
189 274 1523 396 goth Birthday box 39/3
724 1199 958 1264 Henr der
1689 1192 3299 1321 un. werden kann, als diesuche vorliegen, dal aber fast schaffen werc
711 1258 2659 1349 Handelsverträge abgeschlossen worden, nie jemand das Telephon abmeldet,
717 1303 1834 1378 Der österreichisch schinesische Han¬
721 1358 1829 1430 delsvertrag, dessen Modalitäten augen¬
3041 1360 3289 1458 Der lang
711 1406 1814 1482 blicklich studiert werden, erscheint gesi¬
2024 1378 2726 1480 Die Burg als Miethaus.
2951 1426 3286 1501 nischen Legat
708 1455 1818 1531 chert. Der Belebung der Wirtschaftsbeziehun¬
2089 1459 2689 1533 Ein Nevum der Republik.
2943 1476 3292 1553 ist einem Her#
721 1498 1824 1572 gen und des Handels dient der Ausbau des
1932 1501 2927 1581 Wohl kaum ein anderes historisches Gebläu.
2951 1534 3288 1600 der für Oest
1833 1568 2933 1625 de der Stadt Wien hat so jäh und gründlich
2951 1581 3286 1653 tätigsten Sym
712 1612 1822 1680 zu beurteilen. Den literarischen Kapazitäten,
1838 1618 2928 1688 nach dem Umsturze seinen Charakter gewech¬
2939 1633 3296 1697 wohl währen
713 1653 1818 1723 die die Gegenwart draußen präsentiert, dür¬
1835 1663 2933 1739 selt wie die vormalige Hofbutg. Es würde
2951 1677 3289 1748 da an die spa
712 1694 1819 1779 fen wir mit Fug und Recht unsern Schnitz¬
1837 1716 2937 1788 den Rahmen einer Zeitungsdarstellung weit
2949 1732 3094 1788 derun
723 1741 1277 1820 ler gegenüberstellen.
1830 1744 2928 1833 überschreiten, wollte man auf Idie einzelnen
2943 1780 3018 1838 de
810 1797 1833 1868 Daß er den Reigenfehler begangen hat, ist
1831 1810 2926 1886 Phasen dieser durchgreifenden Veränderungen
713 1844 1826 1922 bedauerlich. Doch hat die Not der Zeit die
1842 1866 2920 1923 näher eingehen, die so recht den Wandel der
717 1891 1820 1971 Besten gezwungen, um des Lebensunterhaltes
1837 1906 2915 1981 Zeiten und Verhältnisse illustriefen. Man muß
727 1950 1820 2028 willen ganz andere Auswege zu suchen. Die
1834 1956 2931 2029 sich daher begnügen, einen kurzen Ueberblick
725 1989 1823 2073 Könige, mit denen nach dem Zitat der Dich¬
1841 2017 2938 2084 über die momentane Situition zu bie¬
720 2053 1820 2123 ter lwandeln soll, sind gestürzt. Die jetzige Aera
1837 2061 2939 2126 ten, die sich nach Mitteilungen von unter¬
2936 2072 2984 2143 9
714 2082 1816 2165 kennt weder Skrupet noch Ideale. Der Thea¬
1836 2109 2939 2197 richteter Seite ungefähr folgendermaßen prä¬
726 2151 1819 2226 terdichter muß sich dem Theaterpublikum an¬
1840 2160 2069 2227 sentiert:
715 2198 1817 2265 passen, das ein getreues Spiegelbild dieser
1934 2183 2935 2261 In der alten Hofburgäst der größte
717 2245 1829 2309 Epoche ist. Und das Theaterpublikum will den
1840 2240 2928 2329 Teil der vorhandenen Räumlichkeiten als Miet¬
717 2278 1817 2372 Reigen sehen. Das ist beschämend für dieses
1841 2312 2941 2368 objekt verwertet werden. Die Mieter bezahlen
721 2340 1766 2418 Publikum, für die Zeit, für den Zeitgeist,
1838 2364 2933 2412 nach der Zahl und Lage der vonühnen bewohn¬
2936 2360 2993 2446 1
722 2392 1824 2464 doch nicht für den Dichter, der leben will
1844 2407 2941 2491 ten Lokalitäten entsprechende Mietzinse mit
2945 2425 3002 2486 8
716 2433 1821 2510 und leben muß, um Dichtungen zu schaffen, die
1833 2468 2923 2526 den üblichen Zuschlägen, die übrigens augen¬
729 2497 1827 2554 fernab vom Reigen liegen. Der Zweck heiligt
1833 2517 2933 2585 blicklich einer Ueberprüfung und Anpassung
727 2544 1818 2611 die Mittel. Die Jesuitenmoral war niemals stich¬
1829 2564 2936 2632 an die fortschreitende Teuerung unterzogen
2938 2551 3262 2647 330. Kunstaul
729 2591 1824 2643 hältiger und schlagkräftiger als in der Periode
1836 2597 2939 2688 werden. Als Mieter kommen in Betracht: die
3015 2627 3293 2693 Die in der 2
720 2642 1830 2731 der radikalen Demokratie, der Geistesfreiheit
1842 2650 2923 2724 Repartitionskommission, der Kriegsbeschädig¬
2938 2671 3290 2740 abteilung des
728 2688 1274 2757 und des Sozialismus.
1844 2711 2932 2762 tenfonds, die Techne, der Landesverband für
2948 2727 3288 2800 Qualität ihres
820 2731 1829 2819 Arthur Schnitzler ist ein großer Dichter,
1835 2750 2932 2825 Fremdenverkehr, mehrere Mittelstands- und
2946 2770 3295 2843 stehende Aukt
732 2786 1823 2863 ist ein vielseitiger Dichter. Arthur Schnitzler’s
1837 2797 2932 2863 Wohlfahrtsvereine, das Büro für internationale
2947 2823 3286 2891 Objekten, die
731 2847 1824 2910 Name wird genannt und genannt werden, wenn
1844 2856 2932 2926 Hilfe und Verständigung, die Wirtschaftlich¬
2946 2871 3280 2933 welt und den
721 2893 1823 2945 sie die Namen der Ersten nennen, denen die
1844 2904 2922 2964 kulturelle Gesellschaft, der British Vienna Re¬
2939 2919 3282 2987 sein dürften.
730 2932 1825 2993 Unsterblichkeit gesichert ist. Und Arthur
1842 2949 2940 3023 lief Fond, die amerikanische Kinderhilfsaktion,
2941 2964 3289 3038 älterer Meister,
716 2968 1833 3061 Schnitzler ist unser. Was wir sorgsam
1838 3011 2926 3067 die schwedische Hilfsaktion und das schwedi¬
2949 3018 3294 3084 Porzellan
719 3043 1828 3117 hüten und hegen sollten, da wir wahrlich
1845 3044 2938 3130 sche Fremdenbüro, die Selp Help for Austria,
2950 3062 3300 3129 Dichterin Karol
722 3082 1819 3140 nicht Ueberfluß besitzen an lockenden Aus¬
1843 3091 2938 3160 die Vereinigung geistiger Arbeiter, die deutsch.
2942 3121 3304 3188 ein kompletter
716 3144 1819 3214 hängeschildern für das kulturelle Wien, die
1842 3146 2933 3221 österreichische Schriftstellergenossenschaft, die
2948 3164 3301 3222 Johannes von A
727 3189 1816 3256 nicht lügen, sondern dem Wanderer ausnahms¬
1834 3207 2927 3278 Internationale Spitalshilfe, die Staatsprüfungs¬
2946 3213 3306 3279 Titelblatt, in gan
721 3234 1817 3317 weise wahren und vorhandenen Edelwert kün¬
1841 3254 2934 3322 kommissionen, die italienische, jugoslawische,
2941 3271 3307 3333 ausgabe vom Jah
727 3278 871 3351 den.
1848 3307 2931 3380 rumänische, französische, polnische, ungarische
2934 3312 3307 3381 Krone, Blume, 8o
1259 3316 1794 3411 Dr. Alexender Salkind.
1845 3360 2933 3425 und tschechoslowakische Kommission, die Ver¬
2935 3350 3306 3425 machen diese ein
1832 3409 3305 3475 waltung der ausländischen Gesellschaft, die schen 14, und 1
3248 2327 3295 2381 10
