3436 4352
1113 322 1571 419 box 39/3
134 323 993 449 3. 60th Birthday
339 624 2878 742 seeneerete Aereen een ener ener Seen enen enen  ee enen ene enen enen ener ee enen en
677 880 2510 987 II. DIE THEATERSTUCKE IN FUNF BANDEN
1122 965 2087 1030 In Halbleinen 550 M., in Ganzleinen 650 M.
1055 992 2155 1090 In Halbleder mit reicher Rückenvergoldung 850 M.
1459 1075 1686 1163 Band
941 1111 2233 1220 Anatol. Das Märchen Liebelei. Freiwild. Das Vermächtnis.
1453 1199 1749 1283 Band II
572 1225 2616 1325 Paracelsus. Die Gefährtm. Der grüne Kakadu. Der Schleier der Beatrice. Lebendige Stunden.
958 1296 2221 1390 Die Frau mit dem Dolche. Die letzten Masken. Literatur.
1438 1355 1773 1442 Band III
572 1415 2613 1494 Der einsame Weg. Zwischenspiel. Der Pupnenspieler. Der tapfere Cassian. Zum grolben Wurstel.
1368 1462 1844 1547 Der Ruf des Lebens.
1431 1522 1749 1614 Band IV
755 1570 2457 1664 Komtesse Mizzi oder Der Familientag. Der junge Medardus. Das weite Land.
1457 1642 1754 1731 Band V
723 1691 2478 1784 Professor Bernhardi. Komödie der Worte. Die Schwestern oder Casanova in Spa.
1047 1780 2162 1876 DIE ERGANZUNGSBANDE
601 1827 2639 1931 Wir haben zur Komplettierung der früheren Ausgaben von Reihe I in 3 Bänden und Reihe II in
604 1924 2647 1999 4 Bänden je einen Ergänzungsband hergestellt. Diese Bände schliellen sich in ihrer Ausstattung
762 1982 2467 2022 möglichst an die früheren Ausgaben an und werden zu folgenden Preisen geliefert:
745 1986 2482 2079 Reihe I. Band IV gebunden 115 M., in Ganzleinen 130 M., in Halbleder 175 M.
736 2061 2497 2135 Reihe II. Band V gebunden 125 M., in Ganzleinen 140 M., in Halbleder 185 M.
596 2233 2640 2334 Von den erzählenden Werken des Dichters erschienen in Einzelausgaben:
1893 2309 2435 2401 FRAU BEATE
859 2327 1263 2418 S TERBEN
1846 2369 2498 2475 UND IHR SOHN
839 2390 1285 2463 Novelle. 10. Auflage.
898 2443 1256 2508 Gebunden 30 M.
1961 2439 2369 2500 Novelle 18. Auflage.
1992 2485 2353 2532 Auf höltfreiem Papier.
2515 2465 2610 2525 M
1855 2469 2514 2583 Geheftet 35 M., gebunden 55 M.
582 2517 1533 2614 DIE FRAU DES WEISEN
816 2579 1293 2663 Novelletten. 9. Auflage.
1700 2564 2628 2663 Dr. GRASLER, BADEARZT
883 2625 1257 2674 Auf holzfreiem Papier.
1933 2638 2378 2694 Erzählung. 29. Auflage.
752 2637 1367 2734 Geheftet 40 M. gebunden 50 M.
1986 2681 2350 2724 Auf holzfreiem Papier.
1854 2692 2475 2773 Geheftet 35 M., gebunden 55 M.
673 2712 1439 2832 LEUTNANT GUSTL
1710 2750 2616 2851 CASANOVAS HEIMFAHRT
842 2794 1282 2857 Novelle. 21. Auflage.
1960 2825 2380 2889 Novelle. 40. Auflage.
753 2809 1396 2906 Geheftet 10 M., gebunden 20 M.
1996 2873 2347 2929 Gebunden 20 M.
1786 2894 2542 2969 Illustr. Ausgabe. Mit 5 Steindrucken von
705 2883 1446 2995 DAMMERSEELEN
1851 2949 2478 3017 Prof. Hans Meid. 1.—4. Auflage.
1971 2976 2354 3024 Auf holzfreiem Papier.
843 2973 1288 3037 Novellen. 18. Auflage.
1964 3005 2372 3067 In Halbleinen 80 M.
754 2984 1388 3084 Geheftet 35 M., gebunden 55 M.
1727 3052 2611 3165 FRAU BERTA GARLAN
654 3060 1495 3169 DER WEG INS FREIE
1960 3129 2377 3188 Novelle. 77. Auflage.
849 3139 1279 3215 Roman. 42. Auflage.
1884 3163 2458 3246 Geheftet 15 M. gebunden 28 M.
701 3182 1436 3273 Geheftet 70 M., in Halbleinen 100 M.,
870 3246 1266 3314 in Halbleder 140 M.
1800 3215 2533 3328 DIE GRIECHISCHE
1936 3303 2410 3376 TANZERIN
621 3286 1543 3389 MASKEN UND WUN DER
1932 3353 2405 3410 Novellen. 61. Auflage.
852 3364 1298 3436 Novellen. 16. Auflage.
1876 3384 2462 3469 Geheftet 15 M. gebunden 28 M.
915 3402 1247 3482 Gebunden 25 M.
1126 3461 2110 3578 Prospekte stchen zur Verfügung.
1326 3538 1916 3634 Preisänderungen vorbehalten
724 3793 2548 3911 S. Filcher 7Verlag7 Berlin
959 3880 2303 3977 Auslieferung: Leipzig-R., Rathausstraße 42
365 4089 2838 4182 2—–——
751 4153 832 4218 Mareren
