3344 4480
1136 251 1577 342 box 39/3
262 271 1026 363 gothBirthday
1012 603 1148 686 77
381 652 1338 781 ADOLF SCHUSTERMANN
314 762 1409 871 ZEITUNGSNACHRICHTEN-BUREAU
457 829 1250 922 BERLIN SO. 16, RUNGBSTR. 22-24
374 911 1336 1021 Zeitung: Neues Wiener Journal
385 1036 881 1133 Adressel Wien
925 1028 1278 1168 MAT
379 1168 597 1234 Datum:
271 1258 1420 1310 (Artur Schuitzlers sechziaster Geburtstag.) Gestern
177 1286 1400 1355 (Samstag) sprach Friedrich Wallisch in einem ausführlichen Vor¬
179 1335 1408 1391 trag über Aizüir Schnitzter anläßlich des sechzigsten Geburtstages des
166 1366 1412 1420 Dichters. Eswarg kampflustige Ausführungen, an deren Beginn eine
167 1402 1409 1461 mutige Ausgknaggersetzung mit der „Reigen“=Affäre stand. Der Vor¬
166 1440 1406 1501 tragende ##kwa das persönliche und künstlerische Gesamtbild Schnitzlers
167 1482 1418 1556 mit prägnanten Strichen. Jugenddichtungen und Teile aus späteren
181 1527 1414 1579 Werken illustrierten seine Ausführungen. Wallisch ließ keines der
186 1554 1415 1618 Probleme um Schnitier unerwähnt und formte so die Gestalt dieses
188 1600 1417 1662 größten Wiener Dichters der Gegenwart, den er „den Wiener
265 1638 1418 1694 issiker der Jahrhundertwende“ nannte. Ein
184 1678 1416 1739 bitteres Wort, das er wiederholt gebrauchte, ist für das Problem Schnitzler
180 1707 1424 1779 höchst bezeichnend: „Daß Schnitzler ein Wiener Dichter ist, wird ihm
183 1754 1428 1815 als Einseitigkeit angekreidet. Wäre er beispielsweise ein Pariser Dichter,
188 1788 1421 1849 so müßte dieses Beiwort sein höchstes Lob sein.“ Manches bisher un¬
176 1813 1439 1892 bekannte Detail, das Wallisch aus Schnitzlers Munde erfahren hat“
180 1876 927 1956 gab seinen Ausführungen besonderen Reiz.
277 1910 828 1998 (Eine „„  n
2603 592 2761 709 (C
1898 677 2764 839 Hamburss: Ceezsspendent.
2864 780 3020 927 „
2867 926 3044 1056 Be
2167 1024 2626 1159 1 KAl
2686 1181 2956 1293 moets.
2126 1273 2931 1346 mung ünders. Das ist das wahrste Wort
1899 1315 2928 1381 I Grunde zugleich auch der beste Trost, der dem Menschen
1797 1372 2905 1423 in seinem Erdenleben mit auf den Weg gegeben worden ist.
2575 1401 2848 1464 W. Raabe.
2032 1505 2710 1602 Arthur Schnitzler.
2020 1576 2728 1659 Zu seinem 60.=Geburtstag.
2131 1638 2608 1716 Von Alfred Maderno.
1793 1692 3011 1754 Am 15. Mai, an seinem 60. Geburtstag. und schon seit ge¬
1739 1748 3012 1792 raumer Zeit stehen wir Arthur Schnitzler anders gegenüber, als
1748 1777 3008 1842 vor rund zwanzig Jahren. Wenn sich unsen anfänglich bereit¬
1758 1814 3008 1880 williges lächelndes Interesse — mehr ist es kaum gewesen — seit¬
1747 1859 3008 1931 her in ein sehr kritisches Abwägen der dichterischen Fähigkeiten
1757 1904 3002 1956 Schnitzlers verwandelt hat, so ist diese schärfere Einstellung auf
1753 1923 3006 2005 das Schaffen eines nicht gewöhnlichen Talents aber nicht etwa
1753 1986 2863 2049 durch die künstlerische Reife dieser Begabung, sondern
1746 2019 3005 2091 Gegenteil — durch eine deutlichere Ukterscheidung der schöpferi¬
1748 2075 2239 2135 schen Potenzen bedingt.
1829 2113 3009 2159 Dichterische Kraft haben Schnitzlers Jugendwerke zwar nie
1749 2142 3016 2207 verheißen; aber eine Summe feiner Kultur steckt in den Men¬
1751 2181 3011 2244 schen die er in seinen kleinen Dramen und zarten Novellen ein¬
1752 2227 3007 2283 führt. Aus dieser Kultur hätten Gesellschaftsdrama und Gesell¬
1751 2270 3008 2320 schaftsroman seelische Bereicherung empfangen können, und trotz
1742 2319 3006 2363 frühzeitiger Abirrung bestand immer noch die Hoffnung, die
1748 2351 3012 2414 Reife des Lebens werde den Stimmungskünstler zu einem zwar
1752 2395 2890 2445 immer noch zart, doch sicher zupackenden Dichter erziehen.
1830 2418 3007 2489 Menn wir in Arthur Schnitzler je den typischen Vertreter
1757 2452 3014 2526 der modernen Wiener Dichtung und im weiteren des modernen
1759 2511 3025 2564 österreichischen Dramas erblickten, so haben wir ihm eine Stel¬
1752 2556 3019 2608 lung in der Literatur eingeräumt, die er selbst vielleicht nie ein¬
1760 2591 3022 2644 nehmen wollte. Das moderne Drama, bei dem Arm in Arm
1754 2631 3029 2691 mit den Franzosen auch Schnitzler, Hofmannsthal und Bahr
1750 2681 3011 2737 Pate gestanden, hat eine ganz andere Entwickelung genommen,
1757 2705 3024 2770 als wir, um bei Schnitzler zu bleiben,s nach der Atmosphäre
1755 2756 3018 2830 hätten schließen mögen, in der die Menschen des „Anatol“¬
1751 2802 2583 2875 Zyklus oder der „Liebelei“ dahinsiechen.
1836 2824 3018 2900 Schnitzler ist den Weg zur Ergründung brennender psycho¬
1751 2893 3022 2949 logischer Probleme selbst nicht gegangen, wiewohl er in manchem
1756 2927 3022 2991 Einakter nach Ibsenscher Art ein Thema aufwies, auf das sich
1748 2982 3019 3028 jüngere Talente mit ekstatischem Gestaltungsdrang  stürzten.
1754 3024 3019 3062 Schnitzler hat den bequemeren Weg gewählt, die näher liegende,
1748 3045 3024 3122 entschieden menschlichere Konsequenz aus der Anhäufung über¬
1755 3098 2533 3161 reizter Empfindungsmomente gezogen.
1835 3117 3022 3192 Von einigen Anläufen zu historischen Darstellungen abge¬
1752 3174 3007 3248 sehen, im Drama führt dieser Versuch im „Jungen Medardus“
1764 3232 3012 3277 am weitesten, und trotz einiger rein dichterischer Proben, vor
1768 3256 3019 3324 allem in dem Renaissanceschauspiel „Der Schleier der Beatrice“
1765 3326 3018 3362 geboten, hat Schnitzler mehr oder weniger unterhaltsam, doch
1761 3342 3025 3385 niemals richtig dramatisch, das Thema vom auch nur mehr oder
1766 3388 3016 3441 wenigser asthekischen Lebemann und dem „süßen Nädel“ variiert
1766 3431 3023 3490 und die Krankheitsstoffe dieses teils melancholischen, teils leicht¬
1762 3444 3038 3514 fertigen Millents aufgesogen. Der berüchtigte Zyklus novellisti¬
1768 3503 2867 3574 scher Dialoge „Reigen“ ist das kraffeste Beispiel hierfür.
1844 3543 3011 3609 Schnitzlers letzte Werke sind eine Art Lebensbeichte. Sie
1767 3583 3023 3654 sind ein resignierendes Rückwärtsschauen auf den unbedenklichen
1769 3656 3019 3696 leichten Sinn der Jugend. Zweimal wählt er Casanova zum
1760 3682 3012 3737 Helden; in einem fast frivolen Drama den jungen, in einer
1767 3720 3026 3790 allen Freuden des Lebens gewidmeten Novelle den alternden
1773 3767 2042 3835 Abenteurer.
1848 3802 3019 3863 Vergessen stehen Auseinandersetzungen mit sozialen und
1760 3836 3026 3909 Rassenfränen (Der einsame Weg. Der Weg ins Freie) neben
1763 3898 3027 3945 Standessatiren. Hier konnte nur Kraft den Stoff durchdringen;
1767 3928 3030 3989 chier hat sich auch der naive Beurteiler mit geistreicher Konver¬
1760 3970 2715 4034 sation nicht abspeisen lassen, und er verzichtete.
