3344 4384
2019 195 2196 290 —
200 286 1528 401 6oth Birthday box 39/3
1678 842 2867 927 frische der Gefühle und Motive, deren zwingende lapi¬
476 859 1671 923 der Wiener Wirklichkeit ein neuer Typus entstanden.
1688 900 2870 990 dare Einfachheit Seimitzler später nie wieder er¬
475 918 1672 976 Denn was Oskar Wilde paradox von den Präraphacli¬
1688 955 1951 1036 reicht hat.
489 971 1681 1038 ten sagt, daß von ihren Bildern die englische Land¬
1770 994 2878 1063 Jeder muß dafür bezahlen, wenn er gleich mit
486 1004 1687 1073 schaft beeinflußt worden sei, das gilt vielleicht von
1693 1047 2884 1121 seinen ersten Werken Erfolg hat und berühmt wird.
485 1071 1683 1128 allen neuen großen Kunstschöpfungen, und sicherlich
1685 1107 2882 1167 Schnitzler mußte es sich in den darauffolgenden zehn
479 1125 1677 1187 hat Schnitzlers neue Art. das Wienerische aus¬
1690 1145 2878 1217 Jahren gefallen lassen, daß er der Dichter des süßen
476 1162 1683 1220 zudrücken, eine ganze Generation lang auf die Sprache
1692 1199 2883 1256 Mädels, der tändelnde Erotiker, der spielerische Psy¬
489 1205 1675 1296 und Gefühlsweise der Wiener Gesellschaftsmenschen
1693 1242 2870 1308 cholog blieb, einer Charnkteristik, der man in Witz¬
1685 1297 2877 1365 blättern wie in Literaturgeschichten bis zum Uberdruß
1684 1350 2876 1406 begegnete. Erst allmählich wurde ihm eine neue Lite¬
1683 1392 2874 1451 raturetikette zugebilligt; der Dichter der Sterbens¬
1688 1441 2879 1517 fragen und Todesprobleme. Denn er hatte mittlerweile
1690 1501 2876 1555 die novellistisch-klinische Schwindsuchtsstudie „Ster¬
1686 1538 2866 1601 ben“ veröffentlicht, das Duellproblemstück „Freiwild“
818 1539 873 1622 8
1680 1571 2886 1655 und „Vermächtnis“, das Drama der ledigen Mutter.
1678 1646 2881 1715 Dann kehrte er wieder zur Einakterform zurück und
1681 1686 2891 1749 schrieb die „Lebendigen Stunden“ und den „Grünen
1687 1730 2891 1804 Kakadu“, lanter kleine Meisterwerke. Die kritischen
1688 1782 2886 1848 Zeitgenossen sagten freilich: das sind doch nur Ein¬
1684 1830 2870 1897 ükter, aber in ihrer geistigen und künstlerischen Kon¬
1490 1822 1568 1911 11
1684 1881 2887 1963 zentration, ihrer noblen und reinen Gestaltung, in ihrer
1689 1931 2887 2008 inenschlichen Weisheit und Fülle wiegen sie manchen
1685 1982 2282 2051 berühmten Fünfakter auf.
1767 2004 2893 2096 Ich möchte wirklich nicht wie ein gewissenhafter
1680 2074 2890 2153 Literaturprofessor das Schaffen Schnitzlers schon jetzt
1690 2130 2888 2178 in Perioden einteilen, aber ich muß der Genauigkeit¬
1690 2177 2878 2242 halber doch feststellen, daß die Wendung zu schwer¬
1700 2220 2883 2288 blütigerem Ernst mit dem Versschauspiel „Der Schleier
1692 2267 2883 2345 der Beatrice“ beginnt, das übrigens merkwürdigerweise
1691 2323 2892 2380 in Wien nie gespielt wurde und erst später, von¬
1698 2372 2881 2436 Dolmanyi vertont, als Pantomime „Der Schleier der
1698 2429 2886 2483 Pierette“ über die Bühnen gegangen ist. Die Neigung,
1693 2475 2890 2532 abstrakte Grübeleien über die dämmernden scelischen
1696 2517 2888 2580 Dinge des Lebens anzustellen, nimmt im „Kufe des
1691 2569 2892 2641 Lebens“ und besonders in dem im Schatten lbsens sich
1700 2618 2886 2675 hinziehenden „Einsamen Weg“ mehr und mehr zu, in
1690 2660 2879 2738 dem der Herr v. Sala das für Schnitzlers ganze dich¬
1698 2706 2902 2784 terische Weltbetrachtung so charakteristische Wort
1706 2762 2882 2817 vom Sterben spricht: „Gibt es einen anständigen Men¬
1701 2804 2899 2883 schen, der in irgendeiner guten Stunde in tiefster Seele
1417 2842 1663 2930 Löwy, Wien
1700 2860 2888 2923 un etwas underes denkt?“ Fast alles, was Schnitzler
834 2877 1346 2987 Arthur Schnitzler
1700 2899 2895 2977 seit diesem Schauspiel, also von seinem: fünfzigsten
1693 2960 2900 3014 Lebensjahr an geschrieben hat. ist gleichsam aus der¬
1696 3008 2896 3074 selben geistigen Wurzel entstanden. Das Motiv des
493 2997 1691 3078 eingewirkt. Das bedeutsamste am „Anatol“ ist, daß
1692 3066 2905 3120 einsamen Alterns, das Experimentieren mit Liebe,
498 3059 1687 3122 hier ein Stück Wien, das bis dahin nur Volksstück-.
1688 3104 2892 3170 Treue und Tod, die Skepsis gegenüber allem Pathos
495 3109 1702 3175 Possen- und Coupletthema war, literaturfähig gemacht
1688 3150 2903 3221 kehren überall wieder. Mit Ausnahme der dramatischen
505 3158 1694 3225 wurde. Auch die kleine alltägliche Erotik wurde hier
1692 3203 2902 3262 Historie „Der junge Medardus“ kommen in allen
500 3215 1688 3282 zum erstenmal Gegenstand einer sachlichen und zu¬
1694 3262 2892 3318 Stücken des reifen Schnitzler Figuren vor, die irgend¬
498 3252 1696 3323 gleich künstlerischen Untersuchung, und in der darauf¬
1708 3295 2903 3360 wie miteinander verwandt sind, aus der gleichen geisti¬
500 3299 1701 3362 folgenden „Liebelei“ faßte Sehnitzler diese galanten
1699 3352 2894 3407 gen und gesellschaftlichen Sphäre stammen. Am deut¬
497 3365 1697 3420 Vorstudien in tragischer Form zusammen. Das sübe
1705 3394 2893 3464 lichsten wird das im „Weiten Land“, das in seiner
502 3401 1691 3471 Wiener Vorstadtmädel wurde zur Burgtheaterheldin:
1701 3450 2902 3512 wunderbar gegliederten und gesteigerten dramatischen
495 3455 1702 3518 das war die erste große Tat des jungen Wien. Auch
497 3496 2916 3574 die Größe dieses Schauspiels bestcht in seinen neu- Lebensfülle Schnitzlers bedeutendstes, aber noch viel
499 3554 2909 3617 geschaffenen Wiener Typen, in der herben Jugend- zu wenig geschätztes Bühnenwerk ist. Es gibt keine
1167 3616 1725 3713 Die Hervorragertdste
1017 3670 1961 3752 Instrumente und Minstferplatten
724 3648 2470 3853 TamMo-o
1022 3833 1958 3912 Nur echt mit dieser weltbekannten Schutzmande
1022 3892 1969 3947 Deutsche Grammophon-Aktiengesellzghaft, Berlin iW68
1010 3924 1961 4000 Offiziede Ferduugsteden aten Sudaten
