3344 4256
1124 279 1590 374 box 39/3
279 297 1001 395 6oth Birthday
372 876 1809 939 zuweisen als Schnitzlers „Einsamen Weg“, in dem man auch wohl sein] ?
367 929 1801 977 bestes Werk sehen darf. Hier entfaltet sich eine Kunst der Halbtöne, der hi
1742 961 1807 1019 n.
373 963 1725 1021 feinen Valeurs; eine silbergraue, von schweren Farben matt durchleuchtete
373 1013 1811 1070 Herbststimmung ist über das Ganze gebreitet, und die Tragik des Alters, in
366 1052 1811 1110 die hier angeschlagen wird und bei Schnitzler immer wiederkehrt, ist die ##
361 1111 1803 1153 eigentliche Tragik des impressionistischen Menschen, der stets die Stunde; di
369 1148 1803 1198 genossen hat und sich nun einsam sieht mit den Schemen seiner Erinne¬1D
377 1182 1798 1238 rung. Die Wirrungen und Wandlungen der Seele, die „ein weites ir
364 1218 1761 1279 Land“ ist, beschäftigen Schnitzler hauptsächlich, der als Arzt ein scharfer],
376 1251 1789 1317 Beobachter ist und sich mit Psychologie nicht nur als Künstler sondernst
367 1327 1802 1372 auch als Gelehrter beschäftigt hat. In einem eigenen Buch ist vonsse
368 1360 1792 1411 Theodor Reik auf die Beziehung unseres Dichters zu der Psychoanalyse! a
371 1385 1801 1449 Freuds hingewiesen worden, der sein engster Wiener Landsmann ist und g
374 1433 1800 1493 mit dem er sich auch in seinen wissenschaftlichen Arbeiten über Hypnose a
367 1480 1737 1528 und Suggestion berührte. Schnitzler ist in seinen Dichtungen von ver¬
373 1516 1788 1600 hältnismäßig einfachen Gesühlen, auf denen sich sein bekanntestes Dramain
366 1588 1793 1641 „Liebelei“ aufbaute, zu immer komplizierteren seelischen Beziehungen undir
370 1616 1783 1680 Rätseln fortgeschritten, er dringt tief in die Welt des Unbewußten, derr
369 1671 1789 1730 verdrängten Gefühle und gestaltet echt Freud'sche Probleme, wie in der r#
1736 1698 1789 1753 F
363 1713 1733 1768 Novelle „Frau Beate und ihr Sohn“. Aber so wichtig diese tief boh¬
373 1730 1736 1802 rende und zergliedernde Analyse für seine Kunst ist, so darf man sein Werk
365 1788 1742 1842 doch nicht, wie es Neik getan hat, einseitig an der Freud'schen Methode
373 1827 1741 1901 messen, sondern muß betrachten, was er aus diesem reichen psychologischen
375 1879 987 1929 Material lebendig gestaltet hat.
454 1908 1744 1972 Man hat Schnitzler oft vorgeworfen, daß seine Welt und seine
369 1963 1743 2031 Stoffe zu eng begrenzt seien. Tatsächlich sind es nur ganz wenige Mo¬
368 2004 1735 2058 tive, Figuren und Situationen, die sich bei ihm in seinen Variationen
368 2052 1742 2098 stets wiederholen. Da ist die Stellung des Mannes zwischen zwei
368 2095 1733 2161 Frauen, dem „süßen Madel“ und der verheirateten Dame, da ist das
366 2143 1732 2192 „dreieckige“ Verhältnis in der Ehe, da sind die beiden Freunde, die bei¬
1444 2169 1736 2242 Qual, ist die
372 2177 1292 2237 ben Gegner, da ist der Liebe kurze Seligkeit
369 2225 1726 2275 Hoffnung auf das Kind und das Grauen vor dem auer, ist Duell und
375 2264 1768 2320 Tod. Schnitzler schlägt diese Leitmotive schon in seinen ersten Dichtungensc
368 2304 1786 2359 an, hat sie in „Anatol“ und „Liebelei“ reich und dichterisch entwickelt.]!
365 2353 1784 2405 In „Reigen“, dieser heut so berüchtigten Szenenfolge, hat der erotische! (
368 2396 1731 2457 Pessimismus des jungen Dichters seinen stärksten Ausdruck gefunden, es
370 2443 1722 2497 ist ein mela#cholischer „Totentanz der Liebe“, dessen Motto das Wort
1740 2482 1788 2531 v
368 2493 1727 2543 Meister Eckhards sein könnte: „Die Wollust der Kreaturen“ ist vermenget
1741 2529 1787 2574 t
375 2525 1736 2585 mit „Bitterkei!“. Die Tendenzdramen, die nun folgen, widmen sich der
370 2578 1733 2626 Gesellschaftskritik und finden ihre höher stehende Fortsetzung in Werken
381 2615 1746 2674 wie „Zwischenspiel“ und „Das weite Land“, die der modernen Skepsis
381 2656 1795 2707 Der dramatischen Spannkraft entbehrt, bisweilen dem Streben nach reinsu
377 2701 1732 2751 theatralischer Wirkung, die ihm am besten im „Grünen Kakadu“ gelun¬
1725 2707 1805 2812 *
378 2751 1720 2803 gen ist. Auch seine neuesten Berufsstücke, das vielgespielte Aerztedrama
380 2790 1731 2845 „Professor Bernhardi“ und die mißlungene Journalistenkomödie „Fink
378 2837 1728 2896 und Fliederbusch“ sind reine Theaterstücke. Größere Aufgaben stellte
375 2875 1733 2926 er sich in den Werken „Der Schleier der Beatrice" und „Der junge
372 2917 1733 2977 Medardus“, die zur „großen Tragödie“ hinstreben. Aber weder die
380 2956 1722 3011 Historie noch die dramatische Architektonik sind seine starke Seite. So
1742 2975 1809 3029 15
377 3001 1728 3050 wundervolle Szenen besonders der „Schleier der Beatrice“ enthält, es
376 3031 1743 3108 sind doch nur Einzelheiten, und überhaupt leistet er sein Höchstes in
1723 3044 1806 3125 16
370 3086 1773 3150 kleinen Werken, in manchen Einaktern, in einzelnen Akten, in subtiln n
382 3128 1802 3186 Details, wie sie noch zuletzt das Casanova=Drama mit seiner prächtigen!g
370 3169 934 3241 Rokoko=Ornamentik enthält.
473 3230 1754 3279 Schnitzler ist ein Meister des Dialogs, der fein geschliffenen Pointe;
374 3263 1779 3318 er braucht jemanden, der ihm „die Stichworte bringt“, aber seine Cha=r.
374 3306 1749 3368 rakteristik ist zu subtil und episch, sodaß seine Dramen leicht etwas Nu¬
372 3338 1751 3410 vellistisches bekommen. Als Novellist hat er von seinen Jugendsachen
385 3389 1755 3447 „Sterben“ und „Leutnant Gustl“ an viel Feines geschaffen; sein epischer
1735 3441 1787 3501 1
374 3445 1741 3491 Atem ist aber kur und reicht nicht zum Roman. Trotzdem ist kein einzi¬
378 3480 1743 3537 ger Noman „Der Weg ins Freie“ vielleicht sein bedeutendstes, jedenfalls
379 3526 1742 3589 sein persönlichstes Werk. Es ist ein Erkenntnisbuch großen Stils, in
388 3547 1781 3633 dem er als Jude und als Oesterreicher mit den ewigen Problemen der
373 3611 1737 3674 Rasse und des Volkes ringt. Gehört auch der Dichter des Impressionis¬
386 3664 1734 3709 mus und des alten Wier der Vergangenheit an, der Mensch Schnitzler
382 3676 1794 3769 wird in seinem Allzumenschlichen — Ewigmenschlichen stets lebendig#
370 3744 894 3819 Kleiben und uns ergreifen.
729 3843 1689 3929 Gottes= und Humanitätsgedanken
448 3843 717 3938 Biblische
768 3917 1365 4013 in der Griechenwelt.
709 3993 1407 4080 Von Dr. Beerman:- Heilbronn.
461 4051 1785 4129 Die moderne Forschung ist heute recht behutam da, wo Fleiche“
1737 4111 1788 4156 1
385 4099 1737 4161 ober ähnliche Gedanken in verschiedenen Kultur=Kreisen sich äußern, so¬
1726 4154 1772 4193 11
385 4160 1045 4202 kort auf unmittelbar= Boeinflussun
1104 4159 1361 4223 1 Entlehnug
2916 1492 3054 1618 29
2121 1647 2465 1739 stararie #-
2086 1669 2882 1771 #tunsus Zenfralblatt
2100 1754 2910 1857 füt Deuisanune, bopzi¬-
2487 1893 2941 2003 T0JUN 1922
2320 2095 2744 2188 Zeitschriften.
1945 2169 3109 2258 Kunstwart. Hgb. Ferd. Avenarius. München, Georg D. W.
1995 2227 2539 2283 Callwey. 35. Jahr, Heft 8.
2041 2268 3123 2338 Anläßlich des 60. Geburtstages Arthur Schnitzlers sucht
1968 2297 3112 2380 Wolfgang Schumann zum Wesen dieseregenngen Dichter¬
1968 2355 3113 2411 persönlichkeit in einem knappen Essay vorzudringen: „... Was
1963 2399 3112 2454 umschließt Schnitzlers Werk? Sein Schauen, seine Empfänglich¬
1965 2431 3107 2494 keit ist nicht „unmittelbar eingestellt auf die wienerische Welt;
1966 2469 3099 2531 er spiegelt sie, nehmt alles nur in allem, durch das Medium
1964 2514 3104 2577 menschlicher Gestaiten; er ist tief und eindeutig eingestellt auf
1967 2553 3100 2604 Menschen, wie denn seine Hauptwerke Dramen und Novellen,
1955 2585 3102 2645 nicht Romane sind. So ist ihm nicht gegeben, den Vollklang
1964 2632 3120 2686 heimatlicher Natur aus reinster, eigener Empfindung wieder¬
1968 2666 3103 2722 klingen zu lassen; nicht, das sichtbare Abbild der seelenvollen
1959 2713 3099 2760 alten Stadt, ihrer baulichen und architektonischen Reize, der durch¬
1968 2747 3102 2799 siedelten Landschaft wiederzugeben; nicht, Kulturgeschichte in ihren
1958 2785 3106 2854 bleibenden Zeugnissen oder Geschichte in ihrer Jahrzehnte oder
1959 2820 3104 2868 Jahrhunderte überspannenden Entwicklung zu fassen. Von alle¬
1968 2866 3106 2901 dem berührt ihn nur, was als Erlebnis, als wesenbestimmende
1970 2900 3105 2966 Überlieferung, als prägende Umwelt, als gewohnheitformende
1961 2940 3101 2994 Atmosphäre in den Menschen seiner Zeit wirksam wurde. In
1961 2979 3098 3045 ihnen, durch sie hindurch, erfühlt und gestaltet er im Widerschein,
1964 3020 3092 3065 was andere unmittelbar dichterisch zu ergreifen trachten, und
1954 3061 3096 3119 erfühlt und gestaltet es mit der Sicherheit und Kraft einer Be¬
1957 3105 3088 3146 obachtung, der am lebendigen Menschen kein noch so geheimes
1962 3134 3108 3215 Element seines Wesens verborgen bleibt. Seine lebendigen¬
1957 3183 3024 3232 Gestalten selber sind die Prismen seiner Wiener Welt ...“
