3392 4480
125 43 740 126 eee
1268 59 2561 133 selbst. Ariur Schnißter aber hal mit desen Digent, Vre Peene Aeehen
129 104 1260 179 gt werde. Aus diesen Ansängen jedoch empfing sein Wesen
1266 104 2565 173 sind, nur gespielt. Sein eigenes Spiel gespielt. Er hat auf diesen
1248 163 2565 217 Hintergrund, vor den wir alle treten, sein Profil gezeichnet. Sein
111 152 1257 226 eidenden Farben. Die Menschen, die er darstellt, sind bürger¬
1251 188 2568 254 eigenes. Und aus diesem Erdenlehm, der jeder formenden Hand willig
121 198 1249 279 schen, voll Kultur, voll geistiger Feinheit, seelisch differenziert
1261 228 2569 292 ist, hat er seine Gestalten geschaffen. In seinem Ebenbild. Eine kleine
122 258 1246 322 lematisch. Gestalten aus der Tiefe des Volkes hat er nur
1255 272 2572 334 Welt von Menschen lebt nun mit uns, führt in unserm Gedächtnis, in
121 300 1255 381 schaffen. Sie tauchen da und dort einmal an der Peripherie
1259 302 2561 372 unserer Kenntnis von der Welt und in unseren Erkenntnissen eine
1252 353 2573 417 lebendige Existenz von erhöhter Wirklichkeit. Anatel, der verwöhnte
123 351 1257 421 krke auf und wirken immer, wie aus der Ferne gesehen. In
1258 388 2573 463 Melancholiner des Genusses, die einfache, süße Christine aus der
114 404 1257 468 en Werken ist der Schimmer eines festlich erleuchteten, eines
1255 436 2566 492 „Liebelei“ der edel komplizierte Herr von Sala aus dem „Einsamen
139 438 1270 526 genossenen Lebens, und in allen seinen Werken ist die
1259 479 2574 534 Weg“, die Herzogin aus dem „Grünen Kakadu“ der junge Kavalier
114 498 1261 586 hattende, niemals vergessene Nähe des Todes. Denn seine
1254 500 2572 572 aus „Literatur“; und alle tragen die Züge Schnitzlerschen Geistes, alle
1255 554 2569 610 haben an ihrer Gestalt vom Griff und Druck seiner formenden Hand
125 560 1259 630 hingebracht in den glänzenden Salons der Reichen und in
1253 609 2579 658 die Spur. Alle reden so, daß man nach ihren ersten drei Worten schon
118 602 1258 685 ren Spitälern der Armen, hat immer beides vor Augen
1263 635 2571 688 wissen muß: Sie sind von Schnitzler. Alle sind in Erlebnisse, in Kon¬
132 653 902 741 lühendes Leben und tragisches Sterben.
1256 675 2582 732 flikte, in Schicksale, in eine Atmosphäre gestellt, die vollkommen
557 713 660 772 II.
1260 711 2574 776 Schnitzlers Wesen und Eigenart spiegelt. Wie sie jetzt einer nach dem
1263 750 2571 814 andern an mir vorüberziehen, fällt es mir auf: von einer merk¬
115 730 1255 830 er Liebe sprechen alle seine Büicher, alle diese Erzählungen,
1266 791 2583 849 würdigen Milde und Reinheit sind sie alle. Auf keinem von ihnen
121 803 1258 870 nen Dialoge und großen Theaterstücke. Von der Liebe und
1262 841 2583 893 hat ein trüber Blick des Hasses geruht. Schuldlose sind sie alle. Oder
169 849 1254 919 Auch wenn sie sich anders geben, auch wenn sie manchen
1264 879 1542 957 Entschuldigte.
134 900 1268 976 unsinnigen und erstaunlichen Verknüpfungen des Schicksals
1865 901 1969 983 v.
118 951 1262 1018 In, auch wenn Streit, Aufruhr, Tapferkeit und Not des Diseins
1318 948 2579 1028 Der Generation, die jetzt die reifen Mannesjahre lebt, die setzt sacht
120 1004 1263 1069 n und durchschüttern möchten, ist ihr Inhalt die Liebe und
1256 1008 2576 1075 schon dem Alter entgegenschreitet, ist Artur Schnitzler innig verbunden.
1263 1040 2583 1111 Er ist eines ihrer stärksten künstlerischen Ereignisse, ist eines ihrer
144 1049 1263 1119 Eine merkwürdige Kraft und Andacht des Erlebens läßt
1266 1105 2587 1149 suggestiven Vorbilder. Von seiner Art, die Liebe zu sehen, ist das
135 1093 1266 1176 chter die blutdurchströmte Schwere der kleinsten Geschehnisse
1259 1134 2576 1188 Liebesgefühl dieser Generation beeinflußt worden; von seiner Art, den
148 1156 1263 1223 , die unauslöschliche Realität der geringsten Tatsache, die
1267 1173 2572 1237 Tod zu denken, ward ihr Vergänglichkeitsgedanke angefärbt von
130 1197 1264 1278 je des flüchtigsten Wertes. Zugleich aber hebt ihn ein geistiger
1266 1218 2571 1276 seiner Inbrunst, das Leben zu verehren, ihre Daseinslust erhöht und
1257 1253 2587 1317 befeuert. Seine weltliche Anmut und seine äußerste Kultiviertheit
133 1247 1264 1328 und Auftrieb bis zu einer Höhe, in welcher der atmosphärische
1258 1273 2582 1357 haben erzieherische Wirkung geübt, und der exklusiv empfindliche
128 1306 1258 1381 unsern Schultern weicht, in der die Wucht des Wirklichen
1270 1332 2578 1395 Geschmack seiner Kunstmittel hat viele andere ähnliche Exklusivitäten
134 1356 1265 1418 und schwebend wird, und in der alle Wichtigkeiten sich auf¬
1271 1371 2573 1430 und gute Empfindlichkeiten ermutigt. Seine Technik ist in ihrer
124 1395 1265 1480 Feine Melancholie und seine nachdenklichen Traurigkeiten
1268 1413 2573 1476 frühesten Jugend von den Franzosen erzogen und angeregt worben.
1264 1450 2584 1513 Daher rührt der leise Duft nach allerlei mondänen Parfümen in seinen
135 1454 1263 1521 Erdboden: Liebelel. In seiner Heiterkeit aber ist das
1260 1501 2586 1551 ersten Büchern; daher der Name Anatol, der wie ein Echo aus Frank¬
128 1499 1259 1571 enseits der Phantasie, das Lächeln des Ueberwundenhabens:
1256 1539 2570 1601 reich herüberweht, in seinen ersten Dialogen aufklingt; daher auch die
127 1555 1233 1637 nd Leisenbohg. Die Höhe, das Auflösen der Wichtigkeiten.
1266 1593 2580 1632 elegante, höflich grüßende Verbeugung, mit der sich manches seiner
584 1610 676 1672 IV.
1265 1604 2576 1671 Worte zur Pointe schmiegt und rundet. Dann aber ist ihm aus der
1271 1648 2576 1711 rastlos arbeitsamen und tiefen Echtheit seines Wesens die eigene Technik
122 1635 1256 1721 Quelle seiner dichterischen Kraft: das Staunen. Die Kraft
1264 1695 2571 1754 erwachsen, dieses vundervolle Vermögen, in einfachen Sätzen Unsag¬
141 1697 1260 1770 fen- und meisterlichen Kunst: das Aufspüren, Verstehen und
1264 1731 2575 1800 bares mitschwingen zu lassen. Dies Vermögen, Zwischentöne der
139 1733 1270 1789 der Zusammenhänge. Ein berauschtes, lyrisch gewordenes
1273 1777 2581 1837 Seele, Unterstimmen des Bewußtseins frei zu machen, psychologische
141 1777 1259 1839 über das Wunder der Liebe; über die Süßigkeit, Anmut,
1270 1807 2584 1875 Konflikte von einer Zartheit, die sich zuvor weder anrühren noch
139 1823 1260 1876 uund beherrschende Gewalt des Weibes; über alle unfaßbaren
1270 1866 2572 1917 gestalten ließ, anzurühren und zu gestalten. Diese merkwürdig weiche.
137 1858 1261 1916 kiten des Glückes. Zugleich ein schmerzdurchwühltes Staunen
1270 1902 2574 1952 nachgiebige, scheinbar sorg'ose Technik, in der dennoch so viel wache
123 1901 1260 1963 daß zwei Menschen, die so nahe beisammen gewesen, so end¬
134 1944 2566 1999 boneinander abgleiten können; das fremd zu werden vermag, Aufmerkisamkeit so viel Selbsterziehung, Straffheit und Frische lebt
1263 1970 2571 2039 Mit dieser nachspürenden, ausgewogenen, nervenzarten Technik ist er
128 1980 1269 2029 #3 eins war. Ein erschüttertes Staunen darüber, daß die
1255 2014 2575 2089 auf die leidenschaftliche Suche nach den Zusammenhängen gegangen.
138 2021 1272 2085 Daseino in ewiger Leere endigt, daß dieses strahlende Licht
1264 2049 2575 2107 Sein kühnstes Experiment, die Zusammenhänge zu enträtseln: „Der
143 2056 1280 2122 kurze Einleitung ewiger Finsternis norausgeht; daß dieser
136 2101 2565 2160 de, jauchzende Atem der Lebendigkeit i uns zu jeder Minute Ruf des Lebens“. Sein interessantest: Versuch: „Das weite Land“.
137 2125 2572 2198 en und erstickt werden kann. Dieses doppelte Staunen, aus und „Der junge Medardus“. Sein üvermütigstes und freiestes Er¬
130 2182 2580 2235 Büngling einst or sich selbst, vor sein Schicksal und vor die greifen der Zusammenhänge: „Reigen“. Mit dieser anmutig federnden,
239 2222 2590 2281 in all den Jahren nicht gemindert noch beschwichtigtlin ihrem Reichtum schwelgenden Technik hat er die Farbigkeit des
136 2234 2658 2319 und der Sechzigjährige steht heute sich selbst, dem Schicksalmodernen Lebens, den Prunk und die Schönheit einer vornehmen und #
139 2291 2580 2366 Welt gegenüber, voll Staunen, wie nur je; in lächelnder An=weiten Welt herausgebracht. Man hat oft, und in einer nur zu nahe
145 2333 2577 2399 Geistes, in lyrisch=nachdenklicher Melancholie des Herzens, liegenden Ideenverbindung, gesagt, aus Schnitzlers Werken sei der
136 2397 2569 2443 üchen und trunkener Dasefnalust dem Leben bahingegeben, Jubel und die Schwerniut Wiener Walzer zu hören. Vielleicht ist es
145 2433 2586 2487 er Welshelt das Leben gütig belächeind. In dieser Bilder= abenso wahr, daß seine Instrumenlation gelegentlich an den blendenden
146 2460 2578 2525 ner wiederkehrender und immer wieder schwindender Liebe,Geigenglanz Puccinis erinnert, darin das verführerische, sinnliche
151 2498 2577 2571 beständig über allem Erblühen schwebenden Drohung des Strahlen und die prächtig verwirrende Erhabenheit der Großstadt
159 2562 1903 2621 in diesem Umkreis einer Welt, der abgesteckt ist von der manchmal aufleuchten.
618 2594 1254 2682 nhese. und hun antutt
1886 2616 1996 2675 VI.
1338 2630 2581 2729 Wie diese Frühlingsabenddämmerung, die letzt um mich niedergleitet,
1279 2694 2590 2778 sanft ist und doch erschütternd, (# ist sein Wern mild und gelind und
1276 2735 2597 2828 dabei anschwellend bis zu einer wühlenden Tragik. Und wie dieser
1275 2792 2643 2893 alte, blühende Garten hier wienerisch ist, so ist sein Werk wienerisch in?"
1275 2853 2599 2931 all seinem Wurzeln und Blühen. Das Frühlingshafte, das Maienhafte,
1270 2902 2606 2990 das Lenzliche, das Wiens eigensten und süßesten Zauber ausmacht, durch¬
1283 2940 2594 3020 dringt auch die Art, durchdringt das Schaffen dieses maigeborenen
1280 3012 2610 3071 Wiener Dichters, der nun 60 Jahre alt geworden ist, reif und meisterlich!
1282 3043 2602 3126 vollendet, berühmt und gelieht. Und in allen seinen Werken grüßt uns
1287 3088 2611 3166 die Jugend. In allen seinen Werken duftet der Flieder. Wenn wir
1281 3147 2596 3230 ihn jetzt schon historisch empfinden dürfen, dann steht er, als letzter, in
1290 3194 2608 3273 jener Reihe wienerischer Gestalten, die uns am liebsten sind. Von!
1285 3236 2599 3319 Schubert weht ein Klang zärtlicher Lieder um ihn her, von Schwinds
1290 3296 2601 3373 holder Phantastik schwingt manche seine Linie an den Konturen Schnitz¬
1291 3344 2605 3435 lerscher Mädchen, und zu Grillparzers Melancholie ließe sich mancher
1279 3388 2603 3470 vetternhaft verwandte Zug an ihm finden. Abgeschlossen wie dieser
1293 3428 2608 3517 Garten, hegt sein Werk wie dieser seine eigene, reine, stille, besondere
1292 3494 2604 3563 Welt, in der nicht alles durcheinander stürzen darf wie draußen auf der
1293 3527 2614 3614 breiten Straße. Dennoch ist die Straße nahe und vernehmlich, dennoch
1293 3581 2611 3669 ist es die Wiener Luft, die darüber hinstreicht über diesen Garten wie
1292 3635 2603 3727 über Schnitzlers Werk; dennoch hebt und dröhnt und atmet rings um
1295 3689 2616 3776 beide das Dasein der ungeheuren Stadt. Irgendwo in der Ferne spielt!
1294 3721 2612 3815 ein Leierkasten, irgendwo klingt der Hufschlag trabender Fiake###ferde,
1294 3786 2609 3870 irgendwo in der Ferne singen Menschen wienerische Lieder — man kann
1289 3839 2610 3911 in der Einsamkeit dieses Gartens sich's nicht einbilden, daß man irgend¬
1288 3873 2612 3971 wo anders sei in der Welt. Und kann in der Exklusivität Schnitzlers
1294 3944 2468 4021 Werks alles Geschehene niemals anderswo denken als in Wien.
2173 3980 2564 4067 Felix Saiten.
