3344 4256
1715 120 2291 240 —
1134 227 1587 321 box 39/3
753 243 1045 359 hday
264 255 783 362 6othBirt
2075 941 2182 1007 181
750 1076 2201 1187 Vor jeder wissenschaftlichen Nüchternheit oder Umständlichkeit
674 1144 2192 1237 bewahrt ihn sein stets wacher künstlerischer Instinkt. Nicht in das
686 1218 2196 1310 schneidende Licht eines Seziersaals stellt er seine Seelen, sondern
685 1268 2205 1367 in ein weiches Helldunkel, aus dem das Wesentliche (nur daß hier
686 1318 2202 1425 oft das Kleine wesentlich ist) in feinster Modulierung herausleuchtet.
681 1378 2205 1472 Unter den psychologischen Dichtern kommen ihm wenige an Eleganz,
691 1435 2208 1549 an Anmut, Reiz uns Stimmungsreichtum gleich. Blick und Hand
696 1493 2213 1604 haben eine meisterliche Sicherheit erlangt in der Arbeit an einem
683 1549 2218 1661 Viertelhundert Dramen und ebensovielen Novellen, unter denen nicht
692 1636 2215 1716 wenige so vollkommen geworden, daß sie die Zeit überdauern werden,
698 1698 1513 1775 deren Kinder und Zeugen sie sind.
776 1740 2222 1841 Und was bedeuten sechzig Jahre! Man kann, wie Hauptmann
699 1796 2221 1894 und Schnitzler, mit Fünfzig gesammelte Werke herausgeben, oder
711 1856 2221 1961 wie C. F. Meyer und Fontane noch vor der eigentlichen Lebens¬
703 1916 2236 2020 leistung stehen. Man kann mit Sechzig die gesammelten Werke
716 1971 2249 2090 ergänzen und ihnen mit Siebzig die Krone aufsetzen. Und das ist
706 2049 1793 2136 es, was wir den beiden Sechzigern wünschen.
1146 2320 1808 2455 Schöne Bücher
893 2460 2101 2581 Ein Wegweiser durch unsere Bibliothek
948 2569 2045 2670 (Die beigefügten Nummern beziehen sich auf den Katalog)
734 2692 2251 2789 No. 8296. Max Rychner, G. G. Gervinus. Ein Kapitel über Li¬
835 2757 1816 2854 teraturgeschichte (Hern, Verlag Seldwyla, 1922)
822 2807 2272 2906 Die Tatsache verdient Beachtung: während die literarische Jugend gemeinhin
744 2887 2270 2969 darauf erpicht ist, die Alten zeitig totzuschlagen, leistet ein junger Forscher, ritterlichen
754 2923 2268 3028 und kritischen Geistes zugleich, den Nachweis, daß ein längst Totgesagter selbst unscer
760 2982 2273 3073 Zeit noch lebendig ist. Wer war Gervinus! „Ein reicher, vielseitiger, aber unhar¬
758 3010 2270 3115 monischer Geist, voll sittlichen Ernstes und doch lieblos, launenhaft, rechthaberisch“.
762 3077 2290 3166 doziert der liebloseste und scharfsichtigste Zeitgenosse, Treitschke; „ein stockdürrer,
751 3101 2284 3203 lederner Skribent“, zürnt Grillparzer; der Verfasser der „ersten und bedeutenösten
768 3154 2288 3274 Geschichte unsrer Literatur“ anerkennt Erich Schmidt; das „Urbild eines bedeutenden
769 3205 2289 3319 Mannes, doch nicht mehr ein unbezweifeltes vorbild“ bezeugt der jüngste Richter,
758 3270 2303 3362 dessen Urteil weder die verletzte persönliche Empfindlichkeit noch die anders gerichtete
