3392 4320
1055 375 1522 460 box 39/3
192 367 956 483 60th Birthday
1675 1395 2879 1476 men, die Dir nicht geglückt sind. Es trisit — entschuldige bitte, zu.
1664 1439 2879 1509 Es ist wirklich nicht eines der besten. Aber trotzdem: es ist uns so
449 1434 1658 1538 Gratulationsbrief an Arthur Schnitzler
1676 1470 2882 1557 bekannt — vielleicht darum, weil die ungeratenen Kinder einem die
1679 1514 2885 1592 liebsten sind, trägt man doch um sie die größten Schmerzen. Ich
608 1507 1468 1598 (Zu seinem sechzigsten Geburtstag, 15. Mai.)
1668 1552 2883 1636 weiß nicht, ob Du Dich heute einfach fühlst; ich wünschte, es wäre
781 1573 1308 1630 Von Dr. Jo Lherman.
2404 1588 2884 1651 aber es mag wohl sein,
1670 1611 2367 1675 nicht so. Es ist viel Liebe um Dich
443 1596 1652 1683 #I Stezan Großmann ist einer der letzten gewesen, der in seinem
1669 1648 2890 1703 daß das nicht genug ist. Liebe muß nicht bloß sein, Liebe muß auch
446 1642 1665 1730 Tagsnuch“ einige Worte über Dich niederschrieb. Stefen Groß¬
1677 1695 2004 1759 Genuß werden.,
619 1678 1662 1759 t, wie Du, aus Wien. Auch ich bin aus Wien, wie Du
451 1725 550 1771 mn
1750 1707 2892 1776 Da sind die Novellen vom Sterben — des Schaffens reifste
450 1726 1672 1800 wohl wißt; erlauße mir darum, zu dem Strauß Anreden, den man
1686 1750 2896 1823 Frucht. In ihnen ist unser aller Art, die in Heiterkei und Froh¬
598 1747 1667 1845 Form von Feuilletons überbringen wird, auch eine Blüte
1683 1777 2899 1856 sinn in Liebe und Leid immer weiß, daß wir sterblich sind, daß wir
453 1836 713 1899 beizutrogen.
1679 1833 2887 1896 bereit sein müssen, einmal den Sprung ins Dunkel zu tun. Du, der
538 1838 1655 1911 Es ist ein Dutzend Jahre her — ich war ein blutjunger
1685 1864 2889 1940 Dichter, weiß, daß diese beiden des Dichtens wert sind: Liebe und
452 1877 1666 1950 Studemt — da lernte ich Dich kennen: Dich, das heißt Deine Bü¬
1685 1935 1792 1998 Tod.
455 1906 1668 2004 cher und Dramen. Damals stand Dein Stern im Zenith; da¬
1758 1920 2895 2006 Der „Weg ins Freie": Der einzige Roman, den Du geschaffen.
446 1947 1670 2061 mals ging die „Liebelei“ über die Bretter — und „Der junge Me¬
1682 1980 2888 2055 Auseinandersetzung mit der Art: Oesterreich — Deutschtum —
454 1990 1657 2082 dardus“ — und „Das weite Land“. Wie tief ging mein Atem,
1696 2004 2898 2091 jüdische Abstammung. Du fandest den Weg ins Freie; Dich be¬
461 2020 1669 2114 wenn ich auf der dierten Galerie des Theaters aller deutschen
1694 2056 2896 2129 kennend, wohin zu bekennen es Dich zwang, ließest Du nichts an
456 2068 1666 2149 Theater, unseres Burgtheaters, am mühsam erkämpften Platz
1687 2098 2900 2167 Dich heran, was nicht heran durfte und wurdest immer mehr: Dich¬
454 2099 1677 2188 stand, von Dir in das weite Land geführt, von Dir, dem Dichte.
1684 2125 2895 2203 ter. Denn Dichter ist man nicht. Dichter wird man, wie man
467 2144 1679 2225 Wiens. Denn in allen Deinen Büchern ist Wien, unser Wien. Du
1691 2178 2660 2263 Mensch wird, — wie alles Geschehen ein Werden ist.
455 2197 1470 2266 bist noch Wiens Dichter, und dieses unser Wien ist noch.
1761 2210 2899 2289 „Professor Bernhardi“: Wir Wiener in München sind sehr
543 2207 1668 2308 Ich bin seit langem von Wien fort. Und ich lese alle Wiener
1695 2271 2894 2326 siolz auf diese Stadt, weil sie ihm den Weg bahnte, als die
455 2248 1684 2351 Zeitungen, deren ich habhaft werden kann. So las ich auch davon,
1695 2289 2909 2366 österreichische Zensur ihn verschloß — es soll München nicht ver¬
529 2281 1671 2366 kürzlich bei der Aufführung von Mirabeaus „Geschäft ist Ge¬
1685 2318 2897 2391 gessen werden. „Flink und Fliederbusch": Warteten wir nicht schon
457 2341 1666 2426 schäft“ im Burgtheater an der Stelle an der ein alter Marquis
1699 2363 2902 2442 seit Gustav Freytags Tagen auf ein deutsches Lustspiel? Hier war
467 2373 1675 2456 dem reichen Emporkömmling sagt: „Mögt Ihr uns alles nehmen:
1694 2426 1964 2495 wieder eines.
461 2416 1670 2505 Ansehen Namen, Besitz — das Bewußtsein des Adels unseres
1765 2423 2912 2509 Du hast den „Reigen“, um den vor einem Jahr solch böser
465 2451 1678 2540 Geistes könnt Ihr uns nicht rauben“ — das Publikum laut Beifall
1696 2468 2909 2553 Streit entstand, nicht in die Ausgabe der Gesammelten Werke auf¬
469 2493 1677 2585 rief: diesen Worten: mitten in einer Szene, laut sich ereifernd,
1691 2521 2908 2595 genommen. Viel Schmutz wurde aufgewirbel,t häßliche Dinge
2733 2551 2901 2609 Bis an
463 2535 1682 2632 gegen alle Gewohnheit des vornehmen Hauses. Das ist noch unser
1695 2554 2644 2627 wurden gesagt — um wen werden sie nicht gesagt -
926 2579 1685 2636 - stolz in aller Armut, seiner bewußt in
468 2609 872 2662 Wien, das so denkt —
1705 2587 2899 2673 Dich kamen sie nicht; Du hattest niedergeschrieben, was ist und wie
469 2608 1677 2692 allen Kümmernissen des Daseins. Ich wollte, ich wäre dabei ge¬
1700 2640 2899 2714 es ist, daß es da sei. Was kümmert es Dich, was andere daraus
469 2647 1670 2726 wesen . . . . gerade jetzt, in dieser Zeit — niemandem muß ich
1703 2698 1988 2756 machten.
458 2727 844 2783 erst sagen, warum.
1778 2695 2908 2787 Das Werk dieser dreißig Jahre ist groß; es ist noch nicht ge¬
544 2710 1681 2809 Ich ging oft an Deiner kleinen Villa in Döbling, die so ver¬
1709 2755 2910 2831 endet. Die Zahl Deiner Verehrer ist groß — nicht beständig: bald
457 2765 1680 2860 träumt aus dem dichten Grün des Vorgartens lugt, vorbei — und
1705 2793 2903 2873 sinkt sie, bald steigt sie — die Gunst des Ungeheuers, das Publikum
477 2794 1692 2881 ich empfand stets sehr ehrfürchtig. Als ich Dich dann einmal durch
1705 2833 2913 2913 heißt, ist wandelbar. Aber es konmt Dir wohl nicht darauf an,
475 2838 1682 2931 Zufall kennen lernte, war ich sehr erstaunt, daß Du ein ruhiger
1710 2858 2921 2945 verehrt, sondern darauf, geliebt zu werden. Du weißt daß man
477 2863 1693 2964 Mensch mit menschlichen Tugenden und auch einigen — ent¬
1709 2905 2912 2984 Dich, liebt: in Deinem, unserem Oesterreich — im Deutschland des
470 2916 1694 3011 schuldige — menschlichen Schwächen warst. Aber ich begriff es, je
1704 2955 2919 3026 Dir ein wenig wesensverwandten Dichters Gerhart Hauptmann
485 2959 1689 3037 mehr ich Dich in Deinen Büchern las — in denen ich ja auch mich
1711 2986 2908 3058 — und auch Norwegen. Ibsens Norwegen hat es Dir bewiesen.
472 2999 1613 3084 fand und uns alle. Denn Deine Bücher sind sehr menschlich
1693 3041 2395 3103 Die Dich lieben, sind Dir auch treu.
545 3026 1690 3116 Darf ich ein paar Merksteine Deines Werkes aufzählen? Da
1783 3059 2919 3142 Erlaube, daß für einige von diesen auch in der Dreißigjährige,
484 3069 1687 3157 ist der „Anatol“ — vor dreißig Jahren, Dein erstes Werk, kam es
1716 3100 2925 3188 Dir, dem Sechzigjährigen danke für alles, was Du uns gegeben
481 3111 1693 3205 heraus — und es ist noch immer Blüte. Ich habe sehr deutlich
1707 3149 2949 3233 hast, und Dir alles Gute wünsche für eine noch einmal so lange ##
482 3148 1683 3236 anpfunden, wie sehr es Wien ist: ich ging in den letzten Weih¬
1709 3176 2934 3264 Zeit, also, wie eine mancherorts, auch in Wien. angewandte Form ##
526 3185 1692 3276 - auch mit einer Gabriele, Aber es war nicht Gabriele: Gabriele
1712 3218 2922 3308 sagt: bis hundertundewanzig Jahre — sofern Du so alt werden
474 3230 1688 3309 nachten durch die verschneiten Straßen einer Stadt — wie Anatole
480 3285 1326 3361 ist###r in Wien. Und wir alle empfinden so.
545 3282 2547 3417 Da ist „Der einsame Weg“: man sagt es sei eines der Dra=s willst, was ich natürlich nicht bestimmt weiß.
629 3412 1063 3499 Artc
