3392 4352
260 291 1601 395 gothBirthdag box 39/3
2753 620 3013 702 Nummer 19
1222 643 1625 723 Wiener Bilder.
873 748 1983 826 teich die ganze diplomatische Welt in Genna aufgewirbelt
879 806 1988 864 hat und durch seinen Vertragsabschluß mit Deutschland in
882 849 1989 920 Rapallo für Frankreich wie ein rotes Tuch auf den Stier
882 883 1997 957 gewirkt hat. Seit der Publikation dieser von den anderen
888 933 1995 1005 Mächten anerkannten Tatsache ist Frankreich fast ganz
220 961 360 1043 7
892 980 1994 1045 isoliert und nun soll sich in Paris das Schicksal der
891 1037 1549 1112 Konferenz von Genua entscheiden.
970 1049 1984 1133 Das wichtigste Ereignis dieser Woche wird die Ant¬
890 1116 1991 1181 wort auf die Frage sein, was Poincaré und Barthon in
888 1160 1992 1230 Paris beschließen werden. Hier handelt es sich scheinbar
888 1203 1987 1274 nicht mehr um Rußland, sondern nur noch um den be¬
893 1249 1989 1309 rühmten Pakt, für den Lloyd George sich mit solchem
893 1297 2000 1355 Nachdruck einsetzt und um dessentwillen sich in Frankreich
894 1338 1994 1396 immer neue Schwierigkeiten zeigen. Der französische
891 1359 2003 1444 Ministerrat ist einberufen und tatsächlich liegt es nicht
894 1414 2004 1493 fern, an die Möglichkeit zu denken, daß Frankreich die
904 1463 2003 1539 Krise von Cannes wiederholt und Barthon desavoniert
898 1516 1989 1579 wird, wie Briand desavouiert wurde. Es wäre jedoch un¬
901 1555 1995 1624 verständlich, wenn die Konferenz wegen des Friedenspaktes
909 1597 2005 1668 scheitern würde, bei dem es sich wieder mehr um ein
907 1649 2001 1716 Prinzip als um etwas anderes handelt, um ein Bekennt¬
906 1685 2005 1766 nis zur völkerrechtlichen Moral, dessen Wert vielleicht nicht
904 1728 2011 1804 allzu hoch eingeschätzt werden darf und angesichts dessen
899 1778 2009 1850 man sich auch fragen muß, ob denn nicht auch schon die
898 1826 1772 1909 Erklärungen des Völkerbundpaktes genügen.
944 1890 1963 2024 Artur Schnitzlers 60. Geburtstag.
1330 1988 1580 2052 (Mit Porträt.)
977 2027 2000 2098 Am 15. Mai feiert Artur Schnitzler, der erfolgreiche
913 2080 2001 2141 Wiener Poet und Dramatiker, dessen Werke in allen
914 2125 2007 2188 deutschen Landen bekannt und beliebt sind und zum eisernen
908 2158 2007 2226 Bestand des modernen Bühnenrepertoires gehören, seinen
2024 2200 3129 2275 Artur Schuieler, der namhafteste Vertreter der modernen
919 2217 1997 2275 60. Geburtstag. Es hieße Eulen nach Athen tragen,
171 2236 888 2312 berammergau: Anton Lang, der be¬
2018 2255 3125 2323 Wiener Literatur, begeht am 15. Mai seinen 60. Geburts¬
905 2252 2004 2315 wollte man aus diesem Anlaß Schnitzler ein neues Ruhmes¬
203 2288 901 2364 Christus im Passionsspiel, in seiner
2509 2296 2618 2354 tag.
907 2299 2008 2360 kränzlein winden wollen, steht sein Charakterbild und der
234 2341 450 2400 Werkstatt.
2350 2329 2775 2410 Phot. Franz Lösy, Wien.
889 2338 2026 2426 Wert seiner Werke doch seit langen Jahren fest und un¬
190 2375 488 2450 Photothek, Berlin
2543 2415 3132 2498 verrückbar in der Schätzung
2538 2477 3122 2536 der Welt vor uns und was
1049 2424 1443 2568 2
2540 2515 3130 2581 könnte man von dem Dichter
170 2480 394 2603 i in
2537 2563 3126 2623 des „Anatol“ der „Liebelei“
2547 2593 3127 2660 des „Jungen Medardus“, des
160 2644 271 2715 BiD.
2556 2659 3126 2711 „Grünen Kakadu“, des „Pro¬
2555 2687 3131 2752 fessor Bernhardi“ und anderer
2562 2739 3128 2796 Werke Neues sagen? Manche
170 2741 386 2803 mHöhe¬
2561 2781 3127 2846 Leute haben dem Dichter
167 2790 385 2858 bei einem
2554 2825 3127 2890 wegen der Aufführung seines
2554 2863 3128 2936 „Reigen“ der ein Kunstwerk
184 2876 388 2939 Barthou,
2552 2920 3139 2979 im vollsten Sinne des Wortes
231 2926 390 2981 gegen
2555 2960 3134 3013 ist, ungerechterweise Vorwürfe
162 2968 390 3027 Ar Lösung
2549 3010 3142 3068 gemacht, doch sind diese ganz
180 3015 393 3074 se zwischen
2555 3046 3140 3114 und gar nicht am Platze.
165 3058 382 3117 Paris ge¬
2554 3085 3138 3153 Gerade dieses Werk. das der
177 3102 390 3163 rsönlicher
2557 3121 3144 3191 Dichter vor Jahrzehnten ganz
183 3150 385 3212 ösung zu
2555 3172 3131 3241 ohne jede Absicht der Publi¬
185 3190 399 3250 t an, daß
2552 3220 3136 3281 kation, geschweige denn gar
208 3234 397 3287 he nach
2555 3263 3137 3320 einer Bühnenaufführung ge¬
217 3271 401 3326 sondern
2554 3308 3141 3368 schaffen hat, wird später ein¬
188 3313 391 3375 omit eine
2560 3343 3141 3406 mal als unbestrittenes Kunst
212 3357 402 3418 engeren
2558 3398 3143 3449 werk gewertet werden, das
212 3404 404 3467 möglich
501 3386 614 3488 J
2554 3436 3152 3509 der heutige Erwerbssinn der
202 3448 401 3505 leicht ist
2552 3476 3148 3551 Bühnenwelt gegen den Willen
184 3483 399 3550 hincaré in
2560 3518 3153 3593 des Dichters vor die Rampe
177 3537 401 3597 icht nach¬
2120 3539 2394 3634 —
2558 3565 3150 3638 gezerrt hat. Daß Schnitzler
179 3580 402 3641 irde den
2565 3619 3139 3671 die Aufführung wie ein feind¬
1046 3562 1129 3687 2
180 3625 407 3690 land und
2581 3653 3150 3728 licher Zensor hätte verbieten
202 3672 391 3728 Der Ur¬
2574 3694 3140 3762 sollen — das werden ihm
187 3702 406 3774 Situation
404 3711 2553 3809 Der letzte Präsident von Frankreich gestorden: Paul. Deschauel ist am 28. April im Alter von 66 Jahren in Paris
2566 3758 3161 3821 wohl die ärgsten Mucker nicht
194 3762 401 3817 russischen
983 3777 1984 3856 gestorben. Der ehemalige Präsident mit seiner Familie.
2569 3798 2781 3870 zumuten.
187 3803 405 3865 scherin,
1268 3831 1710 3907 Phot R. Sennecke, Berlin.
195 3847 407 3922 Karpfen¬
