3436 4352
1785 172 2345 292 —
1177 289 1640 377 box 39/3
213 297 1060 413 3. 6oth Birthday
853 1264 2370 1343 matischen Historie greift, sind seine Helden — eben keine Helden,
851 1331 2372 1389 sondern Menschen, die vor einer heldlichen Verpflichtung, die an sie
859 1400 2380 1461 herantritt, versagen. An die Stunde der Todesfurcht und Schwäche
863 1445 2376 1507 des kleistschen Prinzen von Homburg scheint Schnitzlers Dramatik
870 1527 2374 1579 anzuknüpfen. Nicht das Abermenschliche, das Fllzumenschliche,
862 1567 2347 1628 nicht das heroische, das Natürliche beherrscht dieses Geschlecht —
867 1641 2374 1695 ausschließlicher noch als das Hauptmanns. Schwüre werden ge¬
860 1685 2364 1745 brochen, Pflichten durchlöchert, Imperative umgangen, Selbstge¬
863 1762 2380 1809 löbnisse vergessen, Entscheidungen versäumt; Festigkeit erweicht sich,
858 1802 2377 1858 menschliche Bande lösen sich mählich. Es gibt in diesen Seelen
859 1856 2372 1930 nichts absolut Gültiges und streng Verpflichtendes, nichts Starres,
859 1930 2385 1991 und Stetes, nichts Dauerndes. So ist das Leben, scheint Schnitzler
869 1988 2368 2062 zu sagen, und ein melancholisches „Leider!“ schwingt als weh¬
861 2048 2380 2105 mütige Stimmungsmusik oft genug in diesem psychologischen Rela¬
868 2121 2384 2165 tivismus, in dieser moralistischen Skepsis mit. So ist das Leben
936 2169 2374 2227 gewiß eher als wie in den herben Tragödien altklassischen Stiles,
867 2211 2382 2284 deren Gestalten verkörperte Einzelleidenschaften, Einzeltugenden,
870 2277 2372 2336 starre idealische Masken sind, die ja übrigens nie den Anspruch
868 2340 2388 2394 auf psycholog'sche Richtigkeit erhoben haben und gegen die man
874 2386 2384 2440 diesen Anspruch von naturalistischen Gesichtspunkten aus sehr fälschlich
872 2450 2383 2511 erhoben hat. Schnitzler ist Naturalist — nicht eben in seiner ge¬
867 2504 2378 2576 schmeidigen, oft konzilianten Technik, wohl aber in seiner Psycho¬
867 2572 2384 2636 logie, nur daß er gerade alle jene seelischen Momente überbetont,
878 2635 2389 2694 die eine idealistische dichtung bisher verschwieg. Haben die Sänger
874 2680 2389 2752 einfach=starker Zeiten Hohelieder des Mutes, der Treue, des Willens
875 2746 2388 2812 gedichtet, so exzelliert unsere Spätzeit — und darin ist Schnitzler
878 2798 2393 2861 ein bedeutender Repräsentant — in Elegien — schmerzlich holden,
877 2851 2405 2937 bisweilen peinlichen Elegien — der Todesfurcht, der Untreue, der
884 2926 1257 3001 Willenlosigkeit.
949 2986 2390 3050 Hofmannsthals lyrische Klage, „daß alles gleitet und vorüber¬
883 3030 2390 3106 rinnt“, ist hier dramatisches oder episches Geschehen geworden, und
875 3112 2399 3163 Tolstois Einsicht: „Menschen sind wie Flüsse, das Wasser ist in allen
883 3145 2398 3229 gleich und überall ein und dasselbe, aber jeder Fluß ist bald eng,
881 3212 2390 3275 bald schnell, bald breit, bald still, bald rein, bald kalt, bald trübe,
888 3270 2397 3339 bald warm... Bei einigen Menschen treten diese Veränderungen
883 3326 2404 3404 besonders scharf hervor“. So sind die Schnitzlerschen Menschen,
877 3401 2401 3457 ganz in Fluß, ganz Fluß, heute munter und morgen matt, heute
889 3443 2406 3516 verliebt und morgen gleichgültig, heut voller Illusionen und morgen
