3392 4352
285 315 1623 455 6oth Birthday box 39/3
807 1204 1323 1375 Der houe weg, aana
896 1476 1364 1618 5. S. 1L,
586 1725 2800 1901 Zum 60. Geburtstage Arthur Schnitzlers
1400 1889 2031 2021 am 15. Mai 1922.
1096 1988 1686 2112 Hochgeehrter Herr Doktor!
609 2046 2975 2170 Die Genossenschaft Deutscher Bühnenangehörigen, die berufene Vertreterin der Schauspieler Deutschlands, beehrt sich
431 2148 2509 2245 Ihnen, hochgeehrter Herr Doktor, die wärmsten Glückwünsche zu Ihrem 60. Geburtstage auszusprechen.
617 2197 2979 2319 In dieser einfachen, vielgebrauchten Formel liegt die ganze Herzlichkeit eingeschlossen, mit der wir Bühnenkünstler
437 2303 2978 2378 diesen Tag feiern. Wir grüßen den Dichter, den tifschürfenden Psychologen, den Meister jener Seelenzustände, die — ein
449 2357 2965 2449 unerforschtes Land — zwischen Bewußtem und Unbewußtem liegen. Wir grüßen den Dichter, der den Bühnenkünstlern
455 2422 2962 2509 unzählige herrliche Aufgaben geschaffen, der ohne Zugeständnisse an den Tag und seine Ereignisse den Umfang der Bühnenkunst
451 2481 2974 2587 in reichem Maße erweitert und ihr durch seine Werke die Möglichkeit gegeben hat, den Ausdruck des geistigen und seelischen
447 2565 2982 2654 Inhalts einer Epoche erschöpfend wiederzugeben. Wir schreiten an der Spitze von Tausenden und Abertausenden, deren Erkenntnis
453 2625 2973 2728 intimster Seelenvorgänge durch Ihr Schaffen bereichert, deren Empfindungen durch die Auswirkung Ihrer Persönlichkeit gesteigert
448 2690 2971 2810 wurden, Ihrer Persönlichkeit, die einen Sammel= und Höhepunkt der altösterreichischen Kultur, des geschmacksicheren, graziösen,
447 2790 2976 2870 elastischen und dennoch tiefen österreichischen Schrifttums bedeutet. Nur wer mit so hoher Sittlichkeit, mit solch liebevollem
461 2862 2975 2928 Ernst, mit so stiller Ehrfurcht allem Menschlichen gegenübersteht, darf den Mut haben, Eros in die Mitte seines Schaffens zu
444 2891 2985 3005 stellen und dessen verschlungenen, wirren Pfaden zu folgen; nur er kann die Kraft haben, an die letzten Dinge zu rühren, die?
456 2977 2982 3084 Ihre Meisterhand durch Gestaltung transparent machte. Nur wer dem Leben so festlich und doch skeptisch, mit so gründlichem!
448 3070 2506 3148 Wissen um seine Quellen gegenübersteht, darf es wagen, die letzten Stunden des Menschen zu deuten.
620 3103 2973 3213 Wie Pallas Athene aus dem Kopfe des Zeus, so entsprang Ihr Werk Ihrem Wesen. Der Beginn Ihres Schaffens
458 3166 2974 3292 zeigt fast gleiche Vollendung wie Ihre reisste Zeit. Rund und klar lag die Frucht in der Schale, die plötzlich sprang, ihren
451 3229 2980 3378 Keri zu enthüllen: Ihre dichterische Sendung. Sie blieben ihr treu, indem Sie sich die Treue hielten und unser Anspruch
459 3314 2989 3427 an die kommenden Jahre ist erfüllt von dem heißen Wunsch, noch viele Pfade des „weiten Landes“ mit Ihnen als Führer
446 3407 1235 3517 und Weggenossen betreten zu können.
1924 3453 2683 3541 Der Verwaltungsrat
1738 3518 2861 3608 der Genossenschaft Deutscher Bühnenangehörigen.
2353 3574 2852 3671 Wallauer, Präsident.
1731 3584 2168 3674 Rickelt, Präsident.
1951 3628 2752 3755 Lind, Mitglied des Verwaltungsrats.
