3344 4352
207 241 1534 368 6oth Birthday box 39/3
1236 1700 2138 1746 Arthur Schnitzler ist, was sich hieraus ergibt,
1206 1733 2127 1789 ein dichterisch verankerter und gefestigter Lite¬
368 1688 1006 1843 Arthur Schnitzler
1215 1774 2131 1827 rat. Er stand zugleich im Volk, dessen Seele in
1223 1814 2137 1872 ihm war, und in der Literatur, mit deren Ner¬
385 1802 1169 1907 Zu seinem sechzigsten Geburtstag
1214 1850 2130 1901 ven auch die seinen schwangen. Dabei floß aus
1211 1891 2131 1950 ihm als sein eigenstes Erbe und sein persönlich¬
297 1887 1199 1939 Arthur Schnitzler ist ein ganz österreichi¬
1226 1918 2143 1992 ster Besitz die lyrische Stimmung in sein Werk.
264 1929 1194 2010 scher Dichter und ein ganz österreichischer Mensch
1226 1961 2144 2022 Sein zarter, musikalischer Lyrismus eben hat ihn
313 1973 1198 2028 eine Figur also zugleich der Dichtung und des
1219 2006 2148 2066 davor bewahrt, daß er dem Literatentum ver¬
264 2010 1206 2082 Lebens des Landes, somit ein Repräsentant sei¬
1217 2042 2143 2112 fiel, und er hat ihn immer die Nähe des Volkes,
271 2045 1207 2105 ner Kultur in ihrem ganzen Umfang. Das
1230 2084 2148 2145 des österreichischen und Wiener Volkes, dem
276 2084 1201 2148 Weiche, Zarte, Lässige, Melancholische, Bittere,
1219 2126 2151 2179 Lyrik und Musik ins Blut gemischt ist, wünschen
269 2128 1210 2189 Resignierte — jene Mischung der gelockerten und
1215 2162 2138 2232 lassen. So entstand sein bedeutendstes Bühnen¬
270 2173 1199 2231 allzu gelockerten deutschen Art macht Schnitzlers
1223 2212 2152 2256 werk „Liebelei“, diese kleine köstlich bittere Tra¬
270 2206 1201 2267 menschliche und dichterische Art aus. Ernsteste
1232 2237 2152 2309 gödie eines einfachen und einsamen Mädchens.
269 2245 1205 2316 Lebensprobleme senken sich ihm gleichsam durch
1221 2293 2151 2350 So auch entstanden die viel berufenen Dialoge
281 2284 1203 2343 ihre eigene Schwere tief ins Volkstümliche ein,
1233 2318 2147 2379 des „Reigen“, denen es leider nicht erspart blieb,
275 2329 1212 2384 wandern aber auch durch ihre Entschwerung ins
1228 2354 2146 2417 den Dichter auf der Bühne, für die sie nicht ge¬
276 2362 1210 2416 Literatenhafte ab. Ihre Formung wächst des¬
1230 2399 2158 2458 schrieben sind, zu kompromittieren. Und eben¬
272 2405 1216 2466 gleichen aus primitiven Wurzeln auf und ver¬
1240 2435 2159 2505 falls konnten nur aus seiner Volksnähe die Sze¬
285 2444 1221 2504 ästelt sich rasch in psychologischem Schnörkel= und
1234 2471 2159 2536 nen des „Anatol“ erwachsen, in denen er aus dem
283 2479 1213 2539 Arabeskenwerk. Die Hand des Dichters faßt die
1241 2511 2151 2577 allmenschlichen Untergrund der Erotik den üb¬
282 2525 1218 2587 Probleme leicht und sicher an, läßt sie aber nicht
1236 2551 2157 2612 lichen Konversationston mit neuen Reizen er¬
287 2557 1212 2619 minder leicht in eine pessimistische Dialektik ent¬
1243 2587 2150 2658 füllte. Hier konnte die spielerische Art des Oester¬
279 2594 1217 2675 gleiten. Je männlicher der jung berühmte
1242 2624 2164 2687 reichers sich ganz ausleben, hier konnte sie mit
295 2638 1223 2704 Schnitzler wurde, desto stärker setzt sich in ihm
1236 2678 2157 2736 leichten Worten an schwere Probleme rühren,
286 2684 1217 2741 das Literatentum mit seiner Skepsis durch, und
1247 2695 2167 2772 und konnte ein möglichst unbelastetes Symbol
297 2714 1220 2788 je älter der männliche Schnitzler wurde, desto
1251 2748 2169 2814 für vielfach belastetes und verkrümmtes Leben
284 2759 1222 2816 menschlicher, lyrischer und besonnener wurde sein
1253 2788 2167 2856 finden. Sein Anatol schreitet wie ein Trost, aber
284 2796 1145 2863 Zweiflertum gegenüber allem Menschlichen.
1240 2826 2159 2882 wie ein nicht ganz aufrichtiger Trost, durch die
333 2850 1234 2916 Oesterreich bedeutet bei Schnitzler Wien, und
1251 2864 2166 2938 Dichtung und durch das Leben an der Wende des
297 2895 1235 2957 Wien bedeutet ihm die Welt, in der er fast alles
1244 2922 1554 2980 Jahrhunderts.
306 2934 1227 2999 ansiedelt, was ihn bewegt und erregt. Diese
1284 2940 2176 3006 Jener Zeit, die nun ach! so restlos verbraucht
307 2972 1226 3040 sichere Umgrenzung des Bodens, den er als Dich¬
1257 2984 2168 3044 ist, gehört Schnitzler an. Das Menschentum
1880 3034 1915 3061 04
296 3013 1224 3068 ter ausschreitet, gibt seinen Werken einen lie¬
1255 3039 2176 3083 hatte sich damals hoffnungslos spezialisiert, und
296 3049 1237 3128 benswürdigen und wahrhaftigen Atem des Hei¬
1254 3067 2164 3125 der einzelne Mensch, besonders der künstlerische,
306 3087 1230 3160 matlichen und des höchst Persönlichen. Der
1257 3108 2168 3164 hatte sich über alle Natur erhoben. Die Kunst
303 3125 1232 3204 Eindruck, daß er stets nur die nächsteigene Sache
1261 3143 2178 3204 adaptierte diesen Zustand und diese Zeitstimmung
309 3171 1231 3241 und die Sache des Nachbarn oder Freundes be¬
1247 3184 2172 3240 durch die Methode des Impressionismus. Es
310 3210 1234 3275 dichtet, hat von all seinen Werken von Anfang
1250 3218 2177 3282 war Zustand und Zeitstimmung des erhöhten und
309 3248 1247 3307 an den anderen Eindruck des nur Erdichteten
1260 3271 2183 3330 gewiß auch verfeinerten Literatentums, für das
317 3285 1239 3353 ferngehalten. Er suchte nie nach dichterischen
1260 3306 2179 3356 Schnitzler der bedeutendste und menschlich er¬
319 3327 1240 3397 Problemen, sondern die Prohleme suchten ihn,
1268 3339 2185 3408 schlossenste Zeuge und Gestalter wurde. Der
316 3366 1240 3435 und er zeigte sich ihnen im buchstäblichen Sinne
1258 3380 2181 3440 Künstler, der Virtnose und jeder zerbrechliche
313 3406 1243 3486 des Wortes gewachsen und geneigt. Seine Dich¬
1268 3418 2193 3485 halb beseelte und halb schon entseelte Mensch
326 3442 1246 3515 tungen wurden sein Leben und erwiesen dessen
1265 3456 2193 3520 wurde stehende Figur seiner Bühnendichtungen.
325 3484 1246 3557 Beherztheit, zunehmende Fülle und Tendenz nach
1265 3498 2200 3572 Nervöse Reizung, Belastung vom Milien und
318 3542 798 3606 menschlicher Abklärung.
2153 1665 3070 1731 Beruf her Verirrtheit des Herzens, des Gedan¬
2146 1693 3088 1761 kens Blässe und die Schwäche der Sentiments
2158 1740 3073 1807 vor dem Leben — dies alles ist in vielen seiner
2156 1763 3086 1847 Stücke zu zarten, zerschleierten Bildern gestaltet
2149 1825 3087 1888 und seelenärztlich erklärt, analysiert und ... be¬
2151 1862 3081 1939 lächelt. Schon die Titel deuten auf derlei: Der
2161 1904 3076 1966 einsame Weg, Der Ruf des Lebens, Das weite
2162 1946 3079 2005 Land. Fühlt man nicht schon aus diesen Titeln,
2160 1991 3087 2044 wie zwischen den Menschen die Verzweiflung
2157 2017 3083 2089 spielt, und eine Ahnung vom Ende? Der ein¬
2172 2069 3075 2124 same Weg endigte im Sumpf, der Ruf des Le¬
2167 2098 3092 2158 bees erstickte und das weite Land wurde Wüste.
2156 2141 3091 2196 Dies ist mehr als eine Spielerei mit Worten.
2169 2179 3094 2241 Denn wenn anders Schnitzler ein Dichter von
2167 2212 3104 2280 Wesentlichkeit ist, so kündigt sich durch ihn Vol¬
2166 2264 3090 2322 kes Schicksal und der Ablauf zivilisatorischer
2167 2288 3093 2347 Gänge an. Er ahnte Gräber, Verfall und Not¬
2177 2340 2811 2408 wendigkeit zu neuem Anfang ...
2200 2378 3097 2466 Die deutsche Bühne hat nicht viele Dichter von
2177 2421 3105 2499 der sprachlichen und seelischen Kultur Arthur
2176 2478 3100 2534 Schnitzlers aufzuweisen und noch weniger solche,
2173 2533 3093 2582 die so handwerklich ehrlich und ernst ihren Appa¬
2176 2566 3104 2618 rat für legitime Wirkungen des Wortes zu
2174 2590 3116 2654 nützen verstanden. Schnitzler schentte dem Thea¬
2183 2628 3111 2700 ter und seinem Publikum stille und besinnliche
2177 2693 3102 2730 Stunden. Behutsam, wie er sein Pfund und
2184 2707 3119 2779 das Pfund der Bühne verwaltete, ließ er seine!
2176 2751 3107 2815 Zartheit nie zur Mattigkeit heruntersinken und
2182 2792 3117 2860 versuchte auch nie, sie mit künstlichen Mitteln
2180 2813 3115 2890 athletenhaft aufzuplustern. Er war ein Mensch
2182 2867 3105 2928 auf der Bühne und traktierte Menschliches. So
2193 2914 3107 2971 auf der Bühne, so in der Novelle! Sein Talent
2193 2942 3114 3009 war ihm wichtig genug, es sorglich zu pflegen,
2194 2982 3127 3050 und stark genug, um über aller Gepflegtheit die
2183 3025 3119 3084 Ursprünglichkeit und die Verbindung mit den
2193 3063 3113 3137 Müttern nicht zu verlieren. Mag man diesen
2194 3106 3131 3168 nun sechzigjährigen Dichter lieben oder nicht, um
2185 3143 3122 3207 ihn ist — trotz „Reigen“! — die reine Atmosphäre
2193 3183 3124 3249 eines Menschen von Gesinnung und Wollen,
2204 3217 3126 3284 durch die die deutsche Literatur des anhebenden
2195 3266 3120 3327 Jahrhunderts an Reiz und Reichtum gewonnen
2970 3304 3111 3358 hs.
2197 3321 2299 3381 hat.
