3392 4320
1091 260 1546 366 box 39/3
710 271 828 345 hd
232 282 946 376 Both Birtnay
2531 612 2745 687 Seite 3
1696 612 2102 704 28. Februar 1922
1518 841 2599 962 ulen satten...
1524 928 2394 1087 für elektrisches Licht.
1514 1076 2806 1175 diesem Verrechnungsabschnitt eine Mindereinnahme
1518 1135 2807 1218 von rund 800 Millionen Kronen. Wenn die
1516 1187 2807 1265 Zahlungsmittel der Staaten, in denen die Gemeindebetriebe Kohle
1530 1219 2809 1311 einkaufen, weiter eine finkende Hailung aufweisen, so kann dieser
1535 1286 2808 1357 Abgang leichter ertragen werden. Sollte dies nicht zutreffen, so
1540 1316 2810 1396 muß bei der Bestimmung des Strompreises für den nächsten
1537 1396 2801 1471 Verrechnungsabschnitt dieser Abgang in Betracht gezogen werden.
1746 1463 2594 1551 Der neue Straßenbahntarif.
1646 1519 2819 1612 Dem Gemeinderatsausschuß für die städtischen Unternehmungen
1520 1579 2816 1650 lagen gestern die Berechnungen der Direktion der Straßenbahnen über
1528 1619 2805 1677 die Einführung des Zonentarifs vor. Der Vorschlag der Direktion, für
1536 1663 2815 1724 eine Fahrt bis zu zwei Teilstrecken 60 Kronen und für mehr als zwei
1546 1692 2822 1762 Teilstrecken 100 Kronen einzuheben, wurde vom Ausschuß nicht ver¬
1540 1730 2813 1807 handelt, da neuerliche Vorschläge ausgearbeitet worden
463 1665 1192 1831 Klose & Seidel
1547 1786 2811 1848 sind. Diese Vorschläge wurden vom Ausschuß dem Komitee zum Studium
1531 1816 2758 1889 des Zonentarifs zur weiteren Beratung zugewiesen.
530 1815 1159 1902 Burenu für Zeitungenusschrette
466 1867 1201 1964 Sariia NO. 43, Georgenkirchplat 21
1518 1903 2814 1977 wird, erlebt König Assud, der Held einer verschollenen Jugend¬
1549 1943 2817 2036 arbeit. Dem Dichter Filippo Loschi („Der Schleier der Beatrice")
551 1979 982 2099 deuos ianer
1556 1999 2826 2080 sind Träume verkleidete Erfüllungsphantasien unterdrückter
393 2043 648 2131 Zeitung:
1555 2078 1763 2150 Wünsche.
1766 2093 2193 2176 Begierden ohne Mut.
398 2114 529 2191 Ort:
1771 2117 2615 2223 Sind freche Wünsche, die das Licht des Tages
1770 2186 2506 2242 Zurückjagt in die Winkel unserer Seele,
389 2154 1073 2282 Datum: + FEED 142
1776 2217 2592 2287 Daraus sie erst bei Nacht zu kriechen wagen.
1666 2253 2827 2333 Das ungewöhnliche Liebespaar Medardus und Helene („Der
1564 2299 2819 2394 junge Medardus“) verblutet an einer komplizierten Ambirulenz
1554 2366 2825 2420 von Liebe und Haß. Daß sich in aller geistigen Tätigkeit nur ver¬
308 2269 1569 2456 Artur Schnitziers Gestalten und
1562 2409 2823 2490 haltene libido sublimiert, ahnt die schöne Sozialistin Theiese
1566 2457 2830 2528 Golowski („Der Weg ins Freie"), in der ein gutes Stück
726 2430 1184 2578 Probieme.
1565 2504 2830 2579 Abenteuerin steckt: „Wohin geriete man, wenn man sich nicht
1552 2553 2831 2641 für die Menschheit zu opfern hätte,“ spricht sie, „vielleicht ist
638 2554 1274 2652 Ein interessamtes Werk.
360 2638 2378 2685 — In einigen Wochen wird Aktur Schnitzler seinen 60. Ge= das alles nur eine Flucht von mir selbst.“
1670 2631 2832 2720 Auch andere Beispiele führt Josef Körner an, so das schöne
323 2670 1584 2755 buristag feiern, und dieses Ereignis wirft bereits seine Schatten
1572 2704 2827 2778 Wort des Schriftstellers Heinrich Bermann in demselben Stück,
330 2726 1576 2808 voraus Es war stets eine dankbare und interessante Aufgabe, sich
1581 2742 2836 2823 und meint dann, daß sich „Parazelsus in vollkommener Ueberein¬
330 2772 1570 2852 mit dem Dichter Artur Schnitzler zu beschäftigen, mit diesem
1571 2800 2831 2877 stimmung mit dem Grundprinzip psychoanalytischer Neurosen¬
330 2813 1566 2895 wienerischesten aller Wiener Dichter, in dessen Stücken und
1482 2840 2836 2915 die therapie befinde, wenn er zu Frau Justina sagt: „Scheut Ihre
332 2874 1494 2936 Rowanen der Dust und Abglanz der Wiener Landschaft ist,
333 2884 2835 2985 erhabene Schlnheit des Uenerwaldes und die sch#ere Süße des Erinnerung?“ Man kann ihr besser nicht die Schauer nehmen,
1563 2948 2434 3042 als wenn man sie zum Leben wieder weckt“
334 2964 1579 3038 Weines, der an feinen Hängen wüchst. Josef Körners Artur
1674 2965 2836 3056 In überaus kluger Weise behandelt Körner das Problem
334 2990 1586 3094 Schnitzlers Gestalten und Prrßleme“, das soeben im Amallhea=Verlag
330 3028 2833 3132 erschtenen ist, ist das Weik eines Mannes, der tief in das der dichterischen Entwicklung Artur Schnitzlers. Es ist richtig,
335 3095 2840 3197 dichterische Schaffen Artur Schnitzlers eingedrungen ist, eines wenn er sagt, daß sie in „seltener Geradlingkeit verlaufe“, die
1582 3128 2839 3205 nur durch geringe Rückfälle gestört wird. Nur ein Lebejüngling
340 3146 1586 3221 objektiven Kritiker, der nicht unbedingt alles lobt, was Schnitzler
330 3186 2838 3272 geschaffen hat und mitunter auch das Messer zu führen versteht. konnte den „Anatol“ schreiben, ein reiser Mann nur das „Zwischen¬
352 3221 2838 3324 „Der Dichter und die Protagonisten“ „Liebelei“ Das weite spiel“ einzig ein alternder „Casanovas Heimkehr": „Wirklich ist
1582 3268 2836 3355 in den Theaterstücken und Erzählungen einer mit dem Jahre 1897
813 3276 1574 3369 „Die Hirtenflöte", „Don Juan und
335 3309 809 3383 Land“, „Bacchusfest“.
1577 3324 2841 3393 etwa zu schließenden ersten Periode im Schaffen Schnitzlers die
345 3337 1581 3426 Brackenburg“ „Komkvie der Worte". „Der Ruf des Lebens“
1582 3364 2843 3440 Welt einzig aus der Lebemannsschau gesehen.“ Körner gibt aller¬
339 3362 1589 3453 Der Puppenspieler“ „Zerrbild“ „Extrablättchen“. Gehalt und
331 3445 2853 3511 Form des Romans „Der Weg ins Freie" und „Der Dichter und dings zu, daß diese Welt nicht bloß von Geisetten bevölkert ist, aber
1580 3460 2845 3531 die feinen Damen der Gesellschaft finden doch nur als ehe¬
337 3489 1588 3580 sein Werk“. Artur Schnitzler, selbst Arzt und in jungen Jahren
345 3549 2851 3604 noch schwankend, sagt Körner, ob er seinen psychologischen Er- brecherische Liebchen hier Aufnahme. Der „Parazelsus“ eröffnet
1579 3545 2843 3630 die Aussicht auf die zweite Periode im Schaffen
330 3576 1598 3660 kenntnisdrang als Forscher oder als Dichter „betätigen sollte, ist
1580 3592 2841 3672 Schnitzlers, die bis an das Jahr 1913 heranreicht, sagt
340 3623 1592 3697 schon früh aus eigenem über den Weg gekommen, den
345 3641 2847 3748 nachmals Sienmund Freud bis ans Ende abschritt. Auch der Verfasser: „Die Liebe wird jetzt erst eigentliches Problem,
338 3704 2850 3788 er hat den Neurosen seine Aufmerksamkeit zugewendet und wird Räisel, wird Zentrum; die Ehe, für die Frühzeit überhaupt
1479 3743 2847 3827 eine kein Gegenstand und noch in den ersten Schriften der zweiten
908 3763 1500 3834 beizukommen getrachtet.
680 3781 869 3848 Hypnose
533 3781 650 3850 mit
343 3787 506 3855 ihnen
344 3843 2847 3907 Methode, die nach eigenem Geständnis auch Freud betrieb, bis Periode nur als Liebesproblem bedeutungsvoll, wird mit zu¬
1590 3842 2838 3914 nehmender Lebensreife des Dichters immer höher geachtet, ihr
346 3862 1589 3935 er ihre Erfolglosigkeit einiah und es anders versuchte. Aber auch
344 3890 2843 3978 die Grundsätze, z denen dieser in ernster Forschung gelangte, Sinn und Wert in einer über das Geschlechtliche hinausgehenden
345 3978 2839 4050 hat Schnitzlers Dichtung vorgeahnt und mehr oder minder deutlich Lebensgemeinschaft erkannt. (Bezeichnenderweise setzt Josef Körner
349 4022 2855 4080 ausgesprochen. Wie latente Eifersucht im Traum manisestiert als Motto zu dem Kapitel Bacchusfest die Stelle aus einem
