3392 4320
163 296 862 388 GthBrthday
1022 271 1468 364 box 39/3
1961 952 2067 1040 77
1275 998 1985 1118 geoen sansdanznbnden
1522 1113 1764 1219 E. E
1193 1219 2066 1298 badasree suursene eos Aussennueracao
1186 1300 2056 1360 BERLIN SO 16, RUNGESTRASSE 22-24
1808 1341 2158 1415 —
1209 1442 2056 1518 Königsberger Hartungsche Zeitung
1216 1510 1602 1584 Ausschnilt aus Nr.
1703 1490 2149 1577 A 2 MATIBA
1481 1558 1613 1597 endblatt
1422 1555 1844 1638 Ab Sortenblalt.
1326 1638 1935 1722 Artur Schnitzler.
1243 1703 2026 1791 Zum 60 Geburtstag (1. Mai).
1326 1755 1940 1835 Von Hugo von Hofmanusthal.
1286 1804 2288 1870 Der Versag von S. Fischer in Berlin widmet das
1213 1859 2292 1916 Maiheft der „Neuen Rundschau“, dem 60. Geburtstag
1217 1887 2289 1956 Artur Schnitzlers, indem es Würdigungsartikel von
1208 1942 2293 1995 Auernheimer, Hermann Bahr, Gerhart Hauptmann,
1260 1978 2295 2034 ugo Hofmannsthal, Alfred Kerr, Thumas Mann,
1221 2015 2291 2068 Stefan Zweig und andern berühmten Freunden des
1216 2069 2293 2117 Dichters veröffentlicht. Der folgende Beitrag Hofmanns¬
1206 2105 1978 2148 thals wird besonderes Interesse finden:
1051 2124 2284 2191 Schnitzlers Theaterstücke sind vollkommene Theaterstücke, gebaut.
977 2171 2294 2241 um zu fesseln, zu beschäftigen, zu unterhalten, in geistreicher Weise
992 2218 2296 2286 zu überraschen; sie tun dem Augenblick genug und vermögen nock
990 2263 2284 2311 nachträglich das Gemüt und die Gedanken zu beichäftigen; ihre Hand¬
989 2291 2283 2356 lung und ihr Dialog beschwingen einander wechselweise, ddie Charak¬
986 2340 2289 2404 tere sind vorzüglich ersunden, leben ihr eigenes Leben und dienen doch
1016 2439 2324 2496 nur dem Ganzen. Wenn man diese Stücke auf der Bühne sieht, hat
1022 2479 2332 2532 man das Gefühl: derjenige, der sie gemacht hat, ist auf den Brettern
1023 2517 2333 2572 zu Hause und hat keinen anderen Ehrgeiz, als durch das Theater zu
1022 2561 1195 2620 wirken.
1106 2567 2315 2646 Schnitzlers Erzählungen sind lebendig, sponnnd; sie haben immer
1019 2629 2323 2685 das nötige Detail, aber nie zuviel davon, sie haben Psychologie, aber
1025 2676 2330 2733 die Psychologie dient nur dazu, den Gang des Ganzen in einen rei¬
1022 2708 2334 2764 zenden Rhythmus bald zu verlangsamen bald zu beschleunigen, sie
1031 2745 2335 2805 stecken voll Beobachtung, aber auch die Beobachtung ist dem eigent¬
1031 2799 2323 2843 lichen Reiz der Erzählung untergeordnet. Man hat das Gefühl, daß
1028 2828 2337 2882 sie von einem Mann herrühren, dessen primäres Talent das Talent
1027 2867 2335 2921 des Erzählers kurzer oder eigentsich mittellanger Erzählungen ist.
1030 2904 2340 2962 In beiden Formen: Drama und Erzählung ist er durchaus ein Künst¬
1026 2952 2331 3001 ler, und war es vom ersten Tage an. Es ist ein erstaunlicher Ge¬
1023 2988 2328 3042 danke, daß die kleinen Szenen aus dem Leben einer erfundenen Figur
1035 3025 2336 3089 „Anate!“ die heute aller Welt in Europa und über Europa hinaus
1035 3072 2336 3130 geläufig ist, und eine kurze, in ihrer AArt vollkommen reife und
1034 3107 2328 3182 meisterhafte Erzählung „Reichtum“ das erste waren, womit er vor
1040 3156 1588 3213 so vielen Jahren hervortrat.
1097 3164 2343 3235 Ihm sind alle Instrumente zu Dienst, die das Handwerk einem
1030 3231 2336 3275 erfahrenen und sehr nachdenklichen Künstler in die Hand gibt, um
1033 3266 2329 3325 selbst den scheinbar unergiebigen Stoff ganz zu bezwingen und der
1031 3310 2340 3366 Materie ihren inneren Reichtum zu entlocken. Keines davon gebraucht
1112 3344 2259 3393 mit größerer und reizvollerer Virtuosität als die Ironie.
1027 3379 2336 3428 kühner er diese anwendet, je mehr er seinen Stoff und seine Motive
1027 3420 2338 3480 mit ihr in die Enge treiht, desto weiter erscheint paradoxerweise sein
1015 3466 2335 3523 geistiger Horizont. So würde ich sagen, daß neben der „Liebelei“ die
1034 3496 2350 3553 eine Arbeit von ganz einziger Art ist, einige seiner kleinen Kunst¬
1028 3534 2345 3599 werke — Erzählungen oder Dramen — durch den Zauber der Ironie
1037 3588 2350 3635 aks die größten erscheinen. Ihnen allen wohnt nicht nur die Andeu¬
1046 3627 2338 3670 tung inne, daß der Schöpfer dieser kleinen Welten mehr von der
1034 3668 2341 3709 Welt weiß, als er zu sagen vor hat — dies ist ein gewöhnlicher Reflex
1036 3697 2345 3754 aller Ironie — sondern auch dieses Besondere: man ahnt, er hätte
1037 3732 2341 3788 noch mehr und vielleicht noch Stärkeres zu geben, als ihm bisher zu
1036 3777 2337 3837 geben gefallen hat oder gestattet war. Unter diesen Umständen kann
1038 3819 2328 3868 man nicht vom Alter eines solchen Menschen sprechen, denn es ist
1049 3858 2336 3912 durchaus möglich, daß ein solcher von einem Teil seiner Kräfte noch
1047 3890 2338 3952 niemals sichtbaren Gebrauch gemacht und auch einen Teil seiner
1027 3936 2036 4021 Jugend irgendwo zurückbehalten oder verborgen hat.
