3392 4352
1042 362 1525 449 box 39/3
183 349 918 472 6oth Birthdar
3048 1899 3303 1965 klugen Wic
2103 1902 3054 1973 ständlich, daß dieser Poet gerade in der Dar¬
929 1924 2097 2012 gleichgül.ig ist, für was er sich begeistert, und
3055 1940 3284 2001 Oronaro 1#
2105 1955 3044 2016 stellung des Todes die feinste Hand zeigt.
1135 1959 2105 2032 der, wenn ich nicht irre, auch der Schöpfer des
286 1964 1144 2060 AArthur Schnitzier. 1##1#
3050 1982 3302 2034 lichkeit nich
2093 1986 3051 2049 Immer wird man sich an der Feinheit seiner
1132 1997 2106 2056 unglückseligen Modewortes „Expressio¬
3054 2019 3309 2081 stellung vo#
2092 2036 3050 2092 Gedanken, an der Stimmungsmal rei, an der
1507 2036 2106 2102 steht uns und der jungen
169 2039 1143 2101 Zu seinem 69. Geburtstag am 15. Mal.
1427 2042 1532 2095 ist,
1135 2034 1410 2101 nismus“
3056 2054 3311 2123 ob die klei#
2089 2074 3051 2126 Seelenanalyse und an seiner virtnosen Fähig¬
1141 2074 2103 2133 Generation wenigstens in dem näher, was sie
266 2088 1143 2149 Akthur Schnitzlers Anfänge fallen un¬
3050 2101 3290 2156 scheidende
2090 2096 3061 2153 keit erfreuen, den Dialog zu führen, aus heite¬
1140 2110 2094 2169 will. Es ist hier ja schon oft dargelegt wor¬
176 2104 1134 2189 gefähr zusammen mit den Anfängen Gerhart
3046 2116 3282 2196 doch nicht
2094 2142 3060 2191 rer Nachdenklichkeit heraus die Tragik zu strei¬
1137 2148 2100 2224 den, daß zwischen Kunst=Willen und Kunstver¬
177 2162 1143 2213 Hauptmanns, dessen 60. Geburtstag ebenfalls
3051 2160 3300 2231 sich von ih
2099 2173 3061 2234 fen, um dann mit einem wehmütig lächelnden
1140 2186 2103 2251 mögen bei unseren Jüngsten ein Abgrund
182 2202 1133 2252 in dieses Juhr fällt. Schnitzlers literarisches
3052 2217 3304 2272 die Wahrh#
2100 2212 3055 2279 Fragezeichen zu schließen, hinter dem eine ganz
1134 2224 2096 2292 klaht, daß ihr Programm sehr viel größer ist
167 2236 1145 2309 Schaffen setzt also ein, als man, d. h. das kri¬
3052 2259 3296 2306 es nur gan
2199 2249 3061 2307 gar nicht künstlerische Sentimentalität
2095 2257 2226 2316 und
1151 2258 2098 2326 als dessen Erfullung. Aber sie wollen
171 2275 1134 2326 #tische junge Deutschland der neunziger Jahre,
3052 2286 3289 2345 nur wenia
2089 2291 3059 2354 lauert. Schnitzler macht Konversatlon — sogar
1151 2312 2093 2374 etwas — und Schnitzler will — ganz bewußt
186 2313 1144 2371 im Naiuralismus eine neue hoffnungsvolle
3051 2320 3283 2390 matiker S
2108 2342 3059 2391 in seinen historischen Dramen. Daher ist seine
1204 2353 1432 2408 nichts.
186 2353 1149 2411 Periode deutscher Dichtung begrüßte. Doch ge¬
3063 2362 3292 2421 sein unertr
2104 2366 2958 2444 Sprache auch ohne Eigenwuchs und Glanz.
1213 2367 2094 2457 Schnitzler ist der frühgereifte zarte und
183 2390 1142 2449 rade eine Gealt wie die Schnitzleis zeigt uns,
3059 2407 3268 2461 unerträgli
2186 2398 3063 2472 „Ich fühle, wie viel mir verloren ginge,
1143 2413 2102 2481 traurige, wie der ihm in vielem verwandte
186 2428 1137 2482 wie wen'g auf literarische Schlagworte zu geben
3051 2441 3269 2507 Zeit ergöt
2110 2454 3068 2515 wenn ich mich eines Tages stark fände, sagt
1135 2459 2101 2520 dritte Wiener, Hugo von Hofmannsthal ihn
176 2459 1139 2522 ist. Daß es nicht auf die Befolgung kritischer
3060 2475 3304 2546 gerade aus
2100 2490 3066 2549 Anatol, der Held seines ersten Buches einer
1142 2489 2109 2554 genannt hat. Bei Schnitzler wächst das Drama
187 2504 1141 2562 Grundsätze ankommt, sondern auf das künstleri¬
3058 2518 3288 2582 zustellen he
2097 2520 3063 2585 Sammlung von amüsanten Dlalogen, die wir
1147 2532 2101 2594 nicht aus der kämpferischen Ei stellung der Men¬
189 2553 1147 2601 sche Gestaltungsvermögen. Wie häufig ist es in
3057 2566 3290 2622 Schnitzler
2102 2555 3068 2633 vor einiger Zeit auch im „Schauspielhaus“ sahen.
1143 2569 2097 2633 schen hervor, nicht aus seelischer Tragik, son¬
185 2581 1151 2635 der Geschichte unserer Literatur geschehen, daß
3050 2596 3295 2653 Denn gera
2104 2603 3066 2665 Das ist ein Selbstbekenninis des Dichters, und
1145 2616 2104 2675 dern aus der Stimmung, aus der müden, wei¬
190 2624 1149 2674 Werke, und vornelmlich Bühnen werke, Er¬
3063 2630 3298 2694 seiner dicht
2100 2637 3062 2704 im Grunde sind alle seine männlichen Gestalten:
1141 2659 2099 2714 chen, melancholischen, überreifen Stimmung des
180 2651 1166 2715 folg hatten, weil sie den kritischen Forderungen
3063 2673 3312 2736 Novelle hin
2108 2676 3063 2739 Anatol. Im Zeitalter der Empfindsamkeit, aus
1140 2693 2102 2754 ka#serlichen Wien. Insofern könnt: mai Sch itz'er
173 2692 1143 2750 richtungseben er Aesthetiker entsprachen und Miß¬
3064 2723 3316 2781 die bekang
2107 2716 3062 2782 dem der junge Gocthe hervorgewachsen ist, gab
1146 2741 2089 2786 vielleicht einen Naturaiisten nennen, als er,
177 2735 1143 2793 erfolg, weil sie ihnen widersprachen. Wie bald
3056 2749 3279 2816 „Anatol“,
2105 2757 3075 2815 es keinen größeren Vorwurf für den Schaffen¬
1140 2769 2106 2842 welt ab von dem Wunsche, die Menschheit zu
185 2777 1135 2830 hat dann die svötere Mi welt oder die Nach¬
3056 2783 3315 2858 Weg“, wie
2098 2788 3053 2856 den, als wenn man ihn einen Virtuosen nannte.
1140 2808 2103 2858 bessern uid zu erwecken, nur objektiv, sein will,
181 2823 1147 2873 welt das Urteil korrigiert und oft sorar in das
3058 2822 3302 2890 Lebens“, u
2109 2849 3064 2903 Virtnosentum war gleichbedeutend mit Fran¬
1138 2856 2089 2899 registrierend, nicht Tatsachen, sondern Stimmun¬
170 2854 1143 2900 Gegen eil verkehrt. Schnitzler ist vom Naturalis¬
3060 2864 3309 2930 er sich in se
2104 2878 3071 2936 zosentum, und das wollte man abschütteln.
1149 2898 2100 2949 gen. Ihm kommt es an auf die Darstellung
180 2897 1142 2947 mus eirenllich ganz frei geblieben. Er hat ge¬
3052 2896 3307 2959 zugewank!
2114 2905 3065 2969 Schnluler ist solch ein Virtnose dessen Können
1150 2929 2108 2982 seinster Sümmungen, auf das Einfangen fast
187 2932 1141 3000 wiß, wie alle Dichter der damaligen Zeit, Ibsen
3064 2936 3309 3006 mächtni
2103 2954 3061 3019 man nicht unterschätzen soll. im Gegenteil! et¬
1142 2965 2108 3019 nicht wahrnehmbarer Nnancen. Mit resionier¬
182 2963 1148 3025 seinen Tribut gezollt. Aber er ist, vielleicht
3057 2984 3303 3045 frage und
2119 2981 3070 3047 was davon möchte man unsern stammelnden
1154 2992 2105 3062 tem. seir steplischem Lächeln sicht Scheitler d'm
172 3010 1138 3056 mehr als irgend ein anderer der Epoche, selb¬
3063 3025 3290 3082 sagen hat.
2107 3039 3066 3094 Stürmern von Herzen gönnen, aber auch ihm,
1140 3033 2098 3100 Treiben seiner „Helden“ zu, den ebenso stepti¬
177 3049 1147 3116 ständige Persönlichkeit, eben Artbur Schnitler
3068 3052 3309 3121 und selbst
2105 3066 3071 3131 dem heute Sechzigjährtgen etwas von ihrer Be¬
1147 3074 2094 3139 schen, ebenso müden, ebenso irontschen, ebenso
916 3086 1144 3149 wir den
183 3094 937 3151 geblieben Steht er daher uns, die
3062 3093 3315 3157 Werk wie
2114 3107 3057 3172 geisterungsfäbigkeit, von ihrer Hingabe an die
1144 3113 2106 3177 eleganten und gebildeten Veriretern der Wiener
189 3132 1144 3175 Naueliimes glöcklich überwunden haben, in
3061 3133 3313 3202 das religiö
2103 3138 3073 3198 Idee des Menschen und des Menschentums, von
1152 3153 2103 3218 „goldenen Jugend“, diesen Lebemännern ohne
188 3161 1150 3224 demselben Ma#e nabe wie dessen Worlführer
3055 3179 3315 3233 zu sehr A
2116 3183 3067 3239 ihrer Bereitwilliakeit, sich seelisch zu verschwen¬
1143 3192 2109 3245 Leidenschaft und voll koketter Schwermst.
248 3194 651 3270 pietlescht — fere?
3054 3199 3303 3279 Kunstwerk
2114 3220 3061 3278 den. und von ihrer Sehnsucht, diese angeblich
1154 3227 2104 3289 Schnitler hat den „Ruf des Lebens“ in Wahr¬
298 3232 1140 3297 Diese Fra#e ist nur bedingt zu bejahen.
3145 3249 3315 3311 So kon
2115 3246 3074 3319 beste aller Welten zu einem Garten des Friedens
1133 3270 2107 3336 heit nur selten vervommen, es ist ihm nur ein
173 3270 1147 3325 Einer, der viel mit Schritzler zusommen ge¬
2119 3283 3317 3355 umzuschaffen. Dennoch: etwas von der Empsind= leicht D an
1146 3307 2116 3378 Zwischenspiel“ das die Zeit von der Geburt
189 3310 1155 3388 nennt wird, Ler###nn Bahr, der ewig
183 3368 3313 3426 Wechselvolle, der Enthusiast, dem es ziemlich 1 bis zum Sterben ausfüllt. Es ist fast selbsiver= samkeit des 18. Jahrhunderts steckt auch in dem 1 hat. Die
