3344 4320
267 244 1575 339 6oth Birthdaz box 39/3
1098 1430 2188 1585 Arthur Schnitzler
1085 1628 2188 1717 Arthur Schnitzler feiert am 15.Mai seinen 60. Geburts¬
1088 1709 2189 1786 tag. Nicht bloß für seine Stadt - Wien - und nicht
1087 1767 2193 1835 allein für sein Land - das alte Oesterreich -, die in
1090 1840 2192 1907 seinem Werke auf eine anmutig bedeutende Weise ihre
1079 1913 2197 1987 geistige Gestalt gewinnen, ist dieses Datum ein Anlaß
1083 1989 2188 2055 zu dankbarer Huldigung, sondern für den gesamten
1082 2058 2190 2124 deutschen Sprachbezirk und einen großen Teil des
1092 2118 2192 2194 Auslandes. Schnitzler hat als Oramatiker und Epiker
1079 2186 2198 2251 eine jetzt vergehende Kultur geliebt und bekannt, aber
1089 2260 2189 2334 er hat sie vorher wirklich erfahren, durchdacht und
1081 2322 2187 2384 durchfühlt, er hat die dauernden Werte darin als ein
1089 2386 2192 2454 bedeutender Dichter entdeckt und sie in lebensgültigen
1087 2458 2187 2532 Formen befestigt. Sind die meisten seiner Figuren von
1079 2534 2190 2591 der Heimat gezeugt und von ihrer Almosphäre der
1081 2583 2184 2670 leichten Daseinsweisheit genährt, so mußten sie, bevor
1083 2661 2183 2737 sie in den zahlreichen Werken des Dichters zur be¬
1080 2729 2193 2823 zaubernden Erscheinung wurden, durch die Strenge
1092 2813 2178 2876 der Arbeit, die Melancholie und Klugheit eines tief¬
1089 2871 2196 2934 wissenden und verantwortungsbewußten Künstlers
1087 2940 2181 3005 schreiten. Das rückt ihre irdische Grazie, den Reiz ihrer
1083 3023 2180 3088 Schönheit und Vergänglichkeit in den Bezirk des Aber¬
1086 3087 2181 3156 zeitlichen, das gibt der Leistung Schnitzlers die blühende
1233 3149 2031 3232 Mannigfaltigkeit und Geschlossenheit.
1065 3314 2196 3377 S. FISCHER: VERLAG T BERLIN
