<?xml version="1.0" encoding="UTF-8" standalone="yes"?>
<PcGts xmlns="http://schema.primaresearch.org/PAGE/gts/pagecontent/2013-07-15" xmlns:xsi="http://www.w3.org/2001/XMLSchema-instance" xsi:schemaLocation="http://schema.primaresearch.org/PAGE/gts/pagecontent/2013-07-15 http://schema.primaresearch.org/PAGE/gts/pagecontent/2013-07-15/pagecontent.xsd">
    <Metadata>
        <Creator>prov=University of Rostock/Institute of Mathematics/CITlab/Gundram Leifert/gundram.leifert@uni-rostock.de:name=ONB_Newseye_GT_M1+(htr_id=10810)::::v=2.4.2
prov=University of Rostock/Institute of Mathematics/CITlab/Tobias Gruening/tobias.gruening@uni-rostock.de:name=de.uros.citlab.module.baseline2polygon.B2PSeamMultiOriented:v=2.4.2
prov=University of Rostock/Institute of Mathematics/CITlab/Tobias Gruening/tobias.gruening@uni-rostock.de:name=/mnt/transkribus/LA/DEA/URO/LA_news_onb_att.pb:de.uros.citlab.segmentation.CITlab_LA_ML:v=2.4.2
Transkribus</Creator>
        <Created>2019-10-07T20:32:06.940+02:00</Created>
        <LastChange>2019-10-09T09:14:30.649+02:00</LastChange>
        <TranskribusMetadata docId="224438" pageId="9576980" pageNr="217" tsid="16633039" status="IN_PROGRESS" userId="40391" imgUrl="https://files.transkribus.eu/Get?id=MULNSYAOPYJTUOYXCWCVYYSA&amp;fileType=view" xmlUrl="https://files.transkribus.eu/Get?id=ICKKVRKCIEEECPTXJGGCAUMA" imageId="6207624"/>
    </Metadata>
    <Page imageFilename="224438_0217.jpeg" imageWidth="3436" imageHeight="4352">
        <ReadingOrder>
            <OrderedGroup id="ro_1711442733098" caption="Regions reading order">
                <RegionRefIndexed index="0" regionRef="r1"/>
                <RegionRefIndexed index="1" regionRef="r2"/>
                <RegionRefIndexed index="2" regionRef="r3"/>
            </OrderedGroup>
        </ReadingOrder>
        <TextRegion orientation="0.0" id="r1" custom="readingOrder {index:0;}">
            <Coords points="0,3084 0,3236 34,3236 34,3084"/>
            <TextLine id="r1l1" custom="readingOrder {index:0;}">
                <Coords points="-11,3199 6,3198 11,3195 21,3197 33,3191 48,3190 44,3126 26,3127 22,3130 7,3128 -16,3130"/>
                <Baseline points="0,3186 34,3184"/>
                <TextEquiv>
                    <Unicode>e</Unicode>
                </TextEquiv>
            </TextLine>
            <TextEquiv>
                <Unicode>e</Unicode>
            </TextEquiv>
        </TextRegion>
        <TextRegion orientation="0.0" id="r2" custom="readingOrder {index:1;}">
            <Coords points="202,402 202,3367 2180,3367 2180,402"/>
            <TextLine id="r2l1" custom="readingOrder {index:0;}">
                <Coords points="1116,451 1192,431 1247,446 1304,438 1321,453 1405,437 1531,444 1571,421 1571,384 1551,392 1521,365 1432,358 1385,373 1335,353 1293,374 1261,359 1234,379 1214,367 1182,379 1162,364 1115,384"/>
                <Baseline points="1127,427 1152,427 1177,426 1203,425 1228,425 1254,425 1279,425 1304,425 1330,426 1355,426 1381,426 1406,426 1431,425 1457,425 1482,425 1508,424 1533,423 1559,422"/>
                <TextEquiv>
                    <Unicode>box 39/3</Unicode>
                </TextEquiv>
            </TextLine>
            <TextLine id="r2l2" custom="readingOrder {index:1;}">
                <Coords points="247,447 308,479 667,455 850,474 1050,451 1050,412 986,422 939,385 823,373 667,393 555,374 511,406 459,379 246,383"/>
                <Baseline points="258,433 299,438 340,442 381,445 422,447 463,449 504,450 545,450 586,450 627,449 668,448 709,447 750,445 791,444 832,443 873,442 914,441 955,440 996,440 1037,440"/>
                <TextEquiv>
                    <Unicode>6oth Birthdar</Unicode>
                </TextEquiv>
            </TextLine>
            <TextLine id="r2l3" custom="readingOrder {index:2;}">
                <Coords points="649,1871 1800,1847 1798,1805 1694,1790 648,1817"/>
                <Baseline points="662,1854 718,1853 774,1852 830,1851 886,1850 943,1848 999,1847 1055,1846 1111,1844 1167,1843 1224,1841 1280,1839 1336,1838 1392,1836 1448,1835 1505,1833 1561,1832 1617,1830 1673,1829 1729,1828 1786,1827"/>
                <TextEquiv>
                    <Unicode>   </Unicode>
                </TextEquiv>
            </TextLine>
            <TextLine id="r2l4" custom="readingOrder {index:3;}">
                <Coords points="1203,1898 2140,1885 2139,1835 1202,1859"/>
                <Baseline points="1214,1894 1259,1892 1305,1889 1350,1887 1396,1885 1442,1884 1487,1882 1533,1881 1579,1880 1624,1879 1670,1878 1716,1878 1761,1877 1807,1876 1853,1875 1898,1875 1944,1874 1990,1873 2035,1873 2081,1872 2127,1871"/>
                <TextEquiv>
                    <Unicode>klugen Wiener Dichter des zwanzigsten. Goethes</Unicode>
                </TextEquiv>
            </TextLine>
            <TextLine id="r2l5" custom="readingOrder {index:4;}">
                <Coords points="246,1921 1053,1914 1176,1898 1175,1859 245,1887"/>
                <Baseline points="259,1922 304,1920 349,1919 394,1917 440,1916 485,1915 530,1914 575,1912 621,1911 666,1910 711,1909 756,1908 802,1907 847,1906 892,1905 937,1903 983,1903 1028,1901 1073,1901 1118,1899 1164,1899"/>
                <TextEquiv>
                    <Unicode>ständlich, daß dieser Poet gerade in der Dar¬</Unicode>
                </TextEquiv>
            </TextLine>
            <TextLine id="r2l6" custom="readingOrder {index:5;}">
                <Coords points="1195,1927 2148,1909 2147,1865 1195,1899"/>
                <Baseline points="1209,1935 1255,1933 1301,1931 1347,1929 1394,1928 1440,1926 1486,1925 1532,1924 1579,1923 1625,1922 1671,1922 1717,1921 1764,1920 1810,1919 1856,1918 1902,1917 1949,1915 1995,1914 2041,1911 2087,1909 2134,1906"/>
                <TextEquiv>
                    <Unicode>Oronaro kann das geliebte Weib in der Wirk¬</Unicode>
                </TextEquiv>
            </TextLine>
            <TextLine id="r2l7" custom="readingOrder {index:6;}">
                <Coords points="245,1972 1182,1945 1181,1903 243,1920"/>
                <Baseline points="257,1960 302,1959 348,1957 393,1956 439,1954 485,1953 530,1952 576,1950 622,1949 667,1948 713,1947 759,1946 804,1945 850,1944 896,1943 941,1943 987,1942 1033,1942 1078,1942 1124,1942 1170,1942"/>
                <TextEquiv>
                    <Unicode>stellung des Todes die feinste Hand zeigt.</Unicode>
                </TextEquiv>
            </TextLine>
            <TextLine id="r2l8" custom="readingOrder {index:7;}">
                <Coords points="1201,1979 2151,1950 2130,1908 1200,1937"/>
                <Baseline points="1213,1971 1259,1970 1305,1968 1351,1966 1398,1965 1444,1964 1490,1963 1536,1963 1583,1961 1629,1961 1675,1960 1721,1959 1768,1958 1814,1958 1860,1957 1906,1955 1953,1954 1999,1952 2045,1951 2091,1948 2138,1946"/>
                <TextEquiv>
                    <Unicode>lichkeit nicht ertragen, sondern nur die Vor¬</Unicode>
                </TextEquiv>
            </TextLine>
            <TextLine id="r2l9" custom="readingOrder {index:8;}">
                <Coords points="242,2009 1095,1990 1189,1981 1188,1941 241,1972"/>
                <Baseline points="254,2001 300,1998 346,1995 392,1993 438,1992 484,1990 530,1988 577,1987 623,1986 669,1986 715,1985 761,1984 807,1984 853,1983 900,1982 946,1982 992,1981 1038,1980 1084,1979 1130,1978 1177,1976"/>
                <TextEquiv>
                    <Unicode>Immer wird man sich an der Feinheit seiner</Unicode>
                </TextEquiv>
            </TextLine>
            <TextLine id="r2l10" custom="readingOrder {index:9;}">
                <Coords points="1193,2034 1365,2005 2122,2000 2136,1953 1191,1979"/>
                <Baseline points="1205,2009 1251,2009 1297,2007 1343,2006 1389,2005 1435,2004 1481,2002 1527,2001 1573,1999 1619,1998 1665,1997 1711,1996 1757,1995 1803,1994 1849,1993 1895,1992 1941,1991 1987,1991 2033,1991 2079,1990 2125,1990"/>
                <TextEquiv>
                    <Unicode>stellung von ihr. Anatol möchte wohl wissen,</Unicode>
                </TextEquiv>
            </TextLine>
            <TextLine id="r2l11" custom="readingOrder {index:10;}">
                <Coords points="243,2048 1163,2023 1195,2015 1194,1975 242,2008"/>
                <Baseline points="256,2037 302,2036 348,2034 395,2032 441,2031 487,2030 534,2029 580,2028 626,2026 673,2025 719,2024 765,2023 812,2022 858,2021 904,2020 951,2019 997,2018 1043,2017 1090,2016 1136,2015 1183,2014"/>
                <TextEquiv>
                    <Unicode>Gedanken, an der Stimmungsmal rei, an der</Unicode>
                </TextEquiv>
            </TextLine>
            <TextLine id="r2l12" custom="readingOrder {index:11;}">
                <Coords points="1190,2051 2145,2024 2144,1990 1854,1990 1190,2034"/>
                <Baseline points="1203,2050 1249,2048 1295,2047 1342,2046 1388,2044 1435,2043 1481,2042 1527,2041 1574,2040 1620,2039 1667,2038 1713,2037 1759,2036 1806,2035 1852,2033 1899,2032 1945,2031 1991,2030 2038,2028 2084,2026 2131,2025"/>
                <TextEquiv>
                    <Unicode>1 ob die kleine Cora ihm treu ist, aber die ent¬</Unicode>
                </TextEquiv>
            </TextLine>
            <TextLine id="r2l13" custom="readingOrder {index:12;}">
                <Coords points="253,2077 829,2056 968,2080 1034,2054 1153,2066 1185,2055 1184,2013 252,2045"/>
                <Baseline points="265,2076 310,2074 355,2072 401,2070 446,2069 492,2067 537,2066 582,2065 628,2064 673,2063 719,2062 764,2061 809,2061 855,2060 900,2059 946,2058 991,2057 1036,2056 1082,2054 1127,2052 1173,2051"/>
                <TextEquiv>
                    <Unicode>Seelenanalyse und an seiner virtnosen Fähig¬</Unicode>
                </TextEquiv>
            </TextLine>
            <TextLine id="r2l14" custom="readingOrder {index:13;}">
                <Coords points="1195,2087 2001,2082 2147,2065 2146,2026 1194,2053"/>
                <Baseline points="1207,2087 1253,2086 1299,2086 1346,2085 1392,2083 1439,2082 1485,2081 1531,2080 1578,2078 1624,2077 1671,2076 1717,2074 1763,2073 1810,2071 1856,2070 1903,2068 1949,2067 1995,2066 2042,2065 2088,2064 2135,2062"/>
                <TextEquiv>
                    <Unicode>scheidende „Frage an das Schieksal“ vermag er</Unicode>
                </TextEquiv>
            </TextLine>
            <TextLine id="r2l15" custom="readingOrder {index:14;}">
                <Coords points="248,2119 1185,2101 1198,2042 964,2078 246,2077"/>
                <Baseline points="259,2114 305,2113 351,2112 398,2112 444,2110 491,2109 537,2108 584,2107 630,2106 677,2105 723,2104 769,2103 816,2101 862,2100 909,2099 955,2097 1002,2096 1048,2094 1095,2092 1141,2090 1188,2088"/>
                <TextEquiv>
                    <Unicode>keit erfreuen, den Dialog zu führen, aus heite¬</Unicode>
                </TextEquiv>
            </TextLine>
            <TextLine id="r2l16" custom="readingOrder {index:15;}">
                <Coords points="1199,2120 2050,2116 2142,2106 2141,2067 1198,2085"/>
                <Baseline points="1211,2124 1256,2123 1302,2122 1348,2121 1394,2120 1440,2119 1486,2118 1532,2117 1578,2116 1624,2116 1670,2114 1715,2113 1761,2112 1807,2111 1853,2110 1899,2109 1945,2107 1991,2105 2037,2103 2083,2101 2129,2099"/>
                <TextEquiv>
                    <Unicode>doch nicht zu stellen, denn die Meinung, die er</Unicode>
                </TextEquiv>
            </TextLine>
            <TextLine id="r2l17" custom="readingOrder {index:16;}">
                <Coords points="243,2153 1182,2122 1152,2093 242,2119"/>
                <Baseline points="256,2156 301,2154 347,2152 393,2151 439,2150 484,2149 530,2147 576,2146 622,2145 667,2144 713,2143 759,2142 805,2141 850,2139 896,2138 942,2137 988,2135 1033,2133 1079,2131 1125,2129 1171,2127"/>
                <TextEquiv>
                    <Unicode>rer Nachdenklichkeit heraus die Tragik zu strei¬</Unicode>
                </TextEquiv>
            </TextLine>
            <TextLine id="r2l18" custom="readingOrder {index:17;}">
                <Coords points="1205,2160 2086,2153 2155,2148 2154,2104 1204,2138"/>
                <Baseline points="1217,2162 1263,2161 1309,2160 1355,2160 1402,2159 1448,2158 1494,2157 1541,2156 1587,2155 1633,2154 1680,2153 1726,2152 1772,2151 1818,2149 1865,2148 1911,2146 1957,2145 2004,2144 2050,2142 2096,2140 2143,2138"/>
                <TextEquiv>
                    <Unicode>sich von ihr geschaffen, ist ihm wesentlicher als</Unicode>
                </TextEquiv>
            </TextLine>
            <TextLine id="r2l19" custom="readingOrder {index:18;}">
                <Coords points="255,2197 1187,2170 1186,2133 1072,2127 254,2158"/>
                <Baseline points="268,2194 313,2193 358,2191 404,2190 449,2188 494,2187 540,2185 585,2185 630,2184 676,2183 721,2181 766,2180 812,2179 857,2177 902,2176 948,2174 993,2172 1038,2170 1084,2168 1129,2166 1175,2163"/>
                <TextEquiv>
                    <Unicode>fen, um dann mit einem wehmütig lächelnden</Unicode>
                </TextEquiv>
            </TextLine>
            <TextLine id="r2l20" custom="readingOrder {index:19;}">
                <Coords points="1199,2200 2152,2192 2151,2153 2054,2140 1273,2174 1198,2153"/>
                <Baseline points="1211,2202 1257,2200 1303,2199 1350,2197 1396,2196 1443,2195 1489,2194 1535,2193 1582,2192 1628,2191 1675,2190 1721,2189 1767,2188 1814,2187 1860,2185 1907,2184 1953,2183 1999,2181 2046,2179 2092,2176 2139,2174"/>
                <TextEquiv>
                    <Unicode>i die Wahrheit — worin er übrigens, wenn man</Unicode>
                </TextEquiv>
            </TextLine>
            <TextLine id="r2l21" custom="readingOrder {index:20;}">
                <Coords points="252,2239 1186,2211 1185,2171 251,2197"/>
                <Baseline points="265,2234 310,2233 356,2232 401,2230 447,2229 492,2228 538,2226 583,2225 629,2224 674,2222 720,2221 765,2220 811,2218 856,2216 902,2215 947,2214 993,2212 1038,2211 1084,2209 1129,2208 1175,2207"/>
                <TextEquiv>
                    <Unicode>Fragezeichen zu schließen, hinter dem eine ganz</Unicode>
                </TextEquiv>
            </TextLine>
            <TextLine id="r2l22" custom="readingOrder {index:21;}">
                <Coords points="1199,2253 2151,2208 2133,2179 1198,2216"/>
                <Baseline points="1211,2240 1257,2239 1303,2237 1350,2236 1396,2235 1442,2234 1489,2233 1535,2232 1581,2231 1628,2230 1674,2229 1720,2228 1767,2227 1813,2225 1859,2224 1906,2223 1952,2221 1998,2220 2045,2218 2091,2216 2138,2214"/>
                <TextEquiv>
                    <Unicode>es nur ganz richtig versteht, recht hat. Es sind</Unicode>
                </TextEquiv>
            </TextLine>
            <TextLine id="r2l23" custom="readingOrder {index:22;}">
                <Coords points="255,2270 1024,2266 1187,2247 1186,2212 254,2238"/>
                <Baseline points="267,2266 312,2266 357,2266 403,2266 448,2265 494,2265 539,2264 584,2263 630,2263 675,2262 721,2260 766,2259 811,2258 857,2257 902,2255 948,2254 993,2252 1038,2250 1084,2247 1129,2246 1175,2243"/>
                <TextEquiv>
                    <Unicode>und gar nicht künstlerische Sentimentalität</Unicode>
                </TextEquiv>
            </TextLine>
            <TextLine id="r2l24" custom="readingOrder {index:23;}">
                <Coords points="1207,2296 2023,2272 2144,2261 2144,2229 1206,2244"/>
                <Baseline points="1219,2279 1264,2278 1310,2276 1356,2275 1401,2274 1447,2273 1493,2272 1538,2271 1584,2270 1630,2269 1676,2268 1721,2267 1767,2266 1813,2264 1858,2263 1904,2262 1950,2260 1995,2258 2041,2256 2087,2255 2133,2253"/>
                <TextEquiv>
                    <Unicode>nur wenige „Lebendige Stunden“, die der Dra¬</Unicode>
                </TextEquiv>
            </TextLine>
            <TextLine id="r2l25" custom="readingOrder {index:24;}">
                <Coords points="254,2313 1169,2295 1186,2248 253,2273"/>
                <Baseline points="267,2303 312,2303 357,2303 403,2302 448,2301 493,2301 539,2300 584,2299 629,2298 675,2297 720,2296 765,2295 811,2294 856,2293 901,2292 947,2291 992,2289 1037,2288 1083,2286 1128,2285 1174,2284"/>
                <TextEquiv>
                    <Unicode>lauert. Schnitzler macht Konversation — sogar</Unicode>
                </TextEquiv>
            </TextLine>
            <TextLine id="r2l26" custom="readingOrder {index:25;}">
                <Coords points="1207,2319 2142,2311 2156,2269 1206,2292"/>
                <Baseline points="1220,2320 1266,2317 1312,2316 1358,2314 1405,2312 1451,2311 1497,2310 1543,2310 1590,2309 1636,2309 1682,2308 1728,2307 1775,2307 1821,2306 1867,2304 1913,2303 1960,2302 2006,2300 2052,2297 2098,2294 2145,2290"/>
                <TextEquiv>
                    <Unicode>matiker Schnitzler uns geschenlt hat, und wenn</Unicode>
                </TextEquiv>
            </TextLine>
            <TextLine id="r2l27" custom="readingOrder {index:26;}">
                <Coords points="253,2359 1193,2325 1192,2291 1055,2279 856,2312 727,2290 252,2315"/>
                <Baseline points="266,2344 311,2343 357,2342 402,2341 448,2340 494,2339 539,2338 585,2337 631,2336 676,2335 722,2334 768,2333 813,2332 859,2330 905,2329 950,2328 996,2326 1042,2325 1087,2323 1133,2322 1179,2320"/>
                <TextEquiv>
                    <Unicode>in seinen historischen Dramen. Daher ist seine</Unicode>
                </TextEquiv>
            </TextLine>
            <TextLine id="r2l28" custom="readingOrder {index:27;}">
                <Coords points="1222,2368 2159,2338 2158,2306 2032,2297 1221,2323"/>
                <Baseline points="1233,2359 1278,2358 1324,2356 1370,2354 1415,2353 1461,2352 1507,2350 1552,2349 1598,2348 1644,2347 1690,2346 1735,2345 1781,2344 1827,2342 1872,2341 1918,2340 1964,2338 2009,2336 2055,2334 2101,2333 2147,2330"/>
                <TextEquiv>
                    <Unicode>sein unerträglicher „Reigen“ — auf der Bühne</Unicode>
                </TextEquiv>
            </TextLine>
            <TextLine id="r2l29" custom="readingOrder {index:28;}">
                <Coords points="257,2407 425,2376 1066,2380 1110,2354 1109,2332 1015,2324 256,2348"/>
                <Baseline points="270,2382 311,2381 352,2380 394,2379 435,2378 476,2378 518,2377 559,2376 600,2375 642,2374 683,2373 724,2372 766,2371 807,2370 848,2369 890,2368 931,2368 972,2367 1014,2366 1055,2365 1097,2365"/>
                <TextEquiv>
                    <Unicode>Sprache auch ohne Eigenwuchs und Glanz.</Unicode>
                </TextEquiv>
            </TextLine>
            <TextLine id="r2l30" custom="readingOrder {index:29;}">
                <Coords points="1217,2408 2077,2383 2154,2368 2153,2336 1215,2358"/>
                <Baseline points="1228,2396 1273,2394 1319,2393 1365,2391 1410,2390 1456,2389 1502,2388 1547,2387 1593,2386 1639,2385 1685,2384 1730,2383 1776,2382 1822,2381 1867,2380 1913,2379 1959,2377 2004,2375 2050,2373 2096,2371 2142,2368"/>
                <TextEquiv>
                    <Unicode>unerträglich — eine aus den Fugen gegangene</Unicode>
                </TextEquiv>
            </TextLine>
            <TextLine id="r2l31" custom="readingOrder {index:30;}">
                <Coords points="334,2423 1190,2410 1188,2360 1099,2355 333,2396"/>
                <Baseline points="347,2425 388,2423 430,2421 471,2420 513,2418 554,2417 596,2416 637,2415 679,2414 720,2413 762,2412 803,2412 845,2410 886,2410 928,2408 969,2407 1011,2406 1052,2404 1094,2403 1135,2401 1177,2399"/>
                <TextEquiv>
                    <Unicode>„Ich fühle, wie viel mir verloren ginge,</Unicode>
                </TextEquiv>
            </TextLine>
            <TextLine id="r2l32" custom="readingOrder {index:31;}">
                <Coords points="1216,2441 2126,2420 2155,2368 1215,2406"/>
                <Baseline points="1228,2436 1273,2434 1319,2432 1365,2431 1411,2429 1456,2428 1502,2427 1548,2426 1594,2425 1639,2424 1685,2423 1731,2422 1777,2420 1822,2419 1868,2418 1914,2417 1960,2415 2005,2413 2051,2412 2097,2410 2143,2407"/>
                <TextEquiv>
                    <Unicode>Zeit ergötzt, so wird ein Chronist späterer Tage</Unicode>
                </TextEquiv>
            </TextLine>
            <TextLine id="r2l33" custom="readingOrder {index:32;}">
                <Coords points="252,2464 1197,2444 1196,2412 1122,2404 251,2412"/>
                <Baseline points="264,2462 310,2461 356,2460 402,2459 448,2458 494,2457 540,2456 586,2455 632,2454 678,2453 724,2453 770,2452 816,2451 862,2450 908,2449 954,2448 1000,2447 1046,2446 1092,2444 1138,2443 1184,2442"/>
                <TextEquiv>
                    <Unicode>wenn ich mich eines Tages stark fände, sagt</Unicode>
                </TextEquiv>
            </TextLine>
            <TextLine id="r2l34" custom="readingOrder {index:33;}">
                <Coords points="1218,2492 2076,2463 2157,2453 2156,2408 1216,2442"/>
                <Baseline points="1229,2477 1274,2476 1320,2474 1366,2472 1412,2471 1458,2469 1503,2468 1549,2467 1595,2466 1641,2465 1687,2464 1732,2462 1778,2461 1824,2460 1870,2459 1916,2456 1961,2455 2007,2453 2053,2451 2099,2449 2145,2446"/>
                <TextEquiv>
                    <Unicode>gerade aus diesem Umstand ihre Barbarei fest¬</Unicode>
                </TextEquiv>
            </TextLine>
            <TextLine id="r2l35" custom="readingOrder {index:34;}">
                <Coords points="261,2502 1201,2483 1200,2458 1108,2443 260,2465"/>
                <Baseline points="273,2504 318,2502 364,2500 410,2499 456,2498 502,2497 547,2495 593,2494 639,2493 685,2492 731,2492 776,2490 822,2490 868,2488 914,2487 960,2486 1005,2484 1051,2483 1097,2481 1143,2479 1189,2477"/>
                <TextEquiv>
                    <Unicode>Anatol, der Held seines ersten Buches, einer</Unicode>
                </TextEquiv>
            </TextLine>
            <TextLine id="r2l36" custom="readingOrder {index:35;}">
                <Coords points="1220,2525 2130,2500 2156,2442 1219,2485"/>
                <Baseline points="1233,2516 1278,2514 1324,2513 1369,2511 1415,2509 1461,2508 1506,2506 1552,2505 1597,2504 1643,2503 1689,2501 1734,2500 1780,2499 1825,2497 1871,2496 1917,2494 1962,2492 2008,2490 2053,2489 2099,2487 2145,2484"/>
                <TextEquiv>
                    <Unicode>zustellen haben. Seltsam überhaupt, daß dieser</Unicode>
                </TextEquiv>
            </TextLine>
            <TextLine id="r2l37" custom="readingOrder {index:36;}">
                <Coords points="260,2545 1175,2526 1206,2480 258,2500"/>
                <Baseline points="273,2539 319,2538 365,2537 411,2536 457,2535 503,2534 549,2533 595,2532 641,2531 687,2530 734,2529 780,2527 826,2526 872,2525 918,2523 964,2522 1010,2521 1056,2519 1102,2518 1148,2516 1195,2515"/>
                <TextEquiv>
                    <Unicode>Sammlung von amüsanten Dialogen, die wir</Unicode>
                </TextEquiv>
            </TextLine>
            <TextLine id="r2l38" custom="readingOrder {index:37;}">
                <Coords points="1211,2559 2114,2536 2148,2530 2147,2490 1210,2529"/>
                <Baseline points="1223,2553 1268,2551 1314,2549 1360,2548 1405,2547 1451,2545 1497,2544 1542,2543 1588,2542 1634,2541 1680,2540 1725,2539 1771,2538 1817,2537 1862,2535 1908,2534 1954,2533 1999,2530 2045,2528 2091,2526 2137,2523"/>
                <TextEquiv>
                    <Unicode>Schnitzler so häusig zum Drama getrieben wurde.</Unicode>
                </TextEquiv>
            </TextLine>
            <TextLine id="r2l39" custom="readingOrder {index:38;}">
                <Coords points="253,2575 820,2581 1208,2548 1207,2515 1002,2505 745,2544 253,2545"/>
                <Baseline points="266,2576 312,2576 358,2575 405,2574 451,2573 498,2572 544,2571 591,2570 637,2569 684,2568 730,2567 776,2566 823,2565 869,2563 916,2563 962,2561 1009,2560 1055,2559 1102,2557 1148,2556 1195,2555"/>
                <TextEquiv>
                    <Unicode>vor einiger Zeit auch im „Schausplelhaus“ sahen.</Unicode>
                </TextEquiv>
            </TextLine>
            <TextLine id="r2l40" custom="readingOrder {index:39;}">
                <Coords points="1208,2591 2165,2566 2163,2529 1207,2559"/>
                <Baseline points="1219,2591 1265,2590 1312,2589 1359,2588 1405,2587 1452,2585 1499,2584 1545,2582 1592,2581 1639,2579 1686,2578 1732,2576 1779,2574 1826,2573 1872,2571 1919,2569 1966,2567 2012,2566 2059,2564 2106,2563 2153,2561"/>
                <TextEquiv>
                    <Unicode> Denn gerade die dargelegten Eigentümlichkeiten</Unicode>
                </TextEquiv>
            </TextLine>
            <TextLine id="r2l41" custom="readingOrder {index:40;}">
                <Coords points="260,2617 1185,2608 1206,2556 259,2587"/>
                <Baseline points="273,2616 319,2615 365,2614 411,2613 457,2612 503,2612 549,2611 595,2610 641,2609 687,2608 733,2607 779,2606 825,2605 871,2604 917,2603 963,2602 1009,2600 1055,2599 1101,2597 1147,2596 1194,2594"/>
                <TextEquiv>
                    <Unicode>Das ist ein Selbsthekenntnis des Dichters, und</Unicode>
                </TextEquiv>
            </TextLine>
            <TextLine id="r2l42" custom="readingOrder {index:41;}">
                <Coords points="1215,2629 2165,2611 2164,2577 2119,2568 1214,2592"/>
                <Baseline points="1228,2632 1274,2630 1320,2628 1366,2626 1412,2625 1459,2623 1505,2621 1551,2620 1597,2619 1643,2618 1690,2616 1736,2615 1782,2613 1828,2612 1874,2611 1921,2610 1967,2608 2013,2606 2059,2604 2105,2602 2152,2600"/>
                <TextEquiv>
                    <Unicode>seiner dickterischen Struktur wiesen ihn auf die</Unicode>
                </TextEquiv>
            </TextLine>
            <TextLine id="r2l43" custom="readingOrder {index:42;}">
                <Coords points="263,2660 1201,2633 1199,2596 1098,2594 262,2620"/>
                <Baseline points="276,2658 321,2657 367,2656 412,2655 458,2654 504,2653 549,2652 595,2650 641,2648 686,2647 732,2646 778,2645 823,2643 869,2642 915,2640 960,2638 1006,2637 1052,2635 1097,2633 1143,2632 1189,2630"/>
                <TextEquiv>
                    <Unicode>im Grunde sind alle seine männlichen Gestalten:</Unicode>
                </TextEquiv>
            </TextLine>
            <TextLine id="r2l44" custom="readingOrder {index:43;}">
                <Coords points="1223,2671 2046,2659 2167,2638 2166,2601 1221,2629"/>
                <Baseline points="1234,2668 1280,2666 1326,2665 1372,2664 1418,2662 1464,2661 1510,2660 1556,2659 1602,2659 1648,2658 1694,2656 1740,2655 1786,2654 1832,2653 1878,2652 1924,2650 1970,2648 2016,2645 2062,2642 2108,2640 2155,2636"/>
                <TextEquiv>
                    <Unicode>Novelle hin. In Wahrheit sind ja auch gerade</Unicode>
                </TextEquiv>
            </TextLine>
            <TextLine id="r2l45" custom="readingOrder {index:44;}">
                <Coords points="263,2698 1092,2692 1203,2681 1202,2632 262,2658"/>
                <Baseline points="275,2695 320,2694 366,2694 412,2693 458,2692 504,2691 549,2689 595,2688 641,2687 687,2685 733,2684 778,2682 824,2681 870,2679 916,2678 962,2677 1007,2675 1053,2674 1099,2674 1145,2673 1191,2672"/>
                <TextEquiv>
                    <Unicode>Anatol. Im Zeitalter der Empfludsamkeit, aus</Unicode>
                </TextEquiv>
            </TextLine>
            <TextLine id="r2l46" custom="readingOrder {index:45;}">
                <Coords points="1213,2714 2066,2679 2171,2701 2169,2639 1212,2674"/>
                <Baseline points="1225,2705 1271,2704 1318,2703 1364,2702 1411,2701 1458,2700 1504,2699 1551,2698 1598,2697 1644,2695 1691,2694 1738,2692 1784,2691 1831,2690 1878,2688 1924,2686 1971,2685 2018,2683 2064,2681 2111,2679 2158,2678"/>
                <TextEquiv>
                    <Unicode>die bekanntesten seiner Bühnenarbeiten, wie</Unicode>
                </TextEquiv>
            </TextLine>
            <TextLine id="r2l47" custom="readingOrder {index:46;}">
                <Coords points="256,2747 1174,2720 1202,2670 255,2705"/>
                <Baseline points="268,2735 314,2734 360,2732 406,2731 452,2729 498,2728 544,2727 591,2726 637,2724 683,2723 729,2722 775,2720 821,2719 867,2718 914,2716 960,2715 1006,2713 1052,2712 1098,2711 1144,2709 1191,2707"/>
                <TextEquiv>
                    <Unicode>dem der junge Gocthe hervorgewachsen ist, gab</Unicode>
                </TextEquiv>
            </TextLine>
            <TextLine id="r2l48" custom="readingOrder {index:47;}">
                <Coords points="1225,2752 2164,2720 2163,2685 2051,2671 1948,2704 1224,2710"/>
                <Baseline points="1237,2745 1282,2744 1328,2743 1374,2742 1419,2740 1465,2739 1511,2738 1556,2737 1602,2736 1648,2735 1694,2733 1739,2732 1785,2731 1831,2729 1876,2727 1922,2726 1968,2723 2013,2722 2059,2719 2105,2716 2151,2714"/>
                <TextEquiv>
                    <Unicode>„Anatol“ wie „Reigen“ wie der „Einsame</Unicode>
                </TextEquiv>
            </TextLine>
            <TextLine id="r2l49" custom="readingOrder {index:48;}">
                <Coords points="261,2779 1171,2761 1201,2753 1200,2711 260,2742"/>
                <Baseline points="274,2773 319,2772 365,2770 411,2769 457,2768 502,2767 548,2766 594,2765 640,2764 685,2763 731,2762 777,2760 823,2759 868,2758 914,2756 960,2755 1006,2753 1051,2752 1097,2750 1143,2748 1189,2745"/>
                <TextEquiv>
                    <Unicode>es keinen größeren Vorwurf für den Schaffen¬</Unicode>
                </TextEquiv>
            </TextLine>
            <TextLine id="r2l50" custom="readingOrder {index:49;}">
                <Coords points="1230,2793 1356,2767 1409,2792 2163,2771 2161,2722 1229,2751"/>
                <Baseline points="1243,2783 1288,2783 1333,2782 1379,2781 1424,2781 1469,2780 1515,2778 1560,2777 1605,2776 1651,2774 1696,2773 1741,2771 1787,2769 1832,2768 1877,2766 1923,2765 1968,2763 2013,2761 2059,2760 2104,2758 2150,2757"/>
                <TextEquiv>
                    <Unicode>Weg“, wie „Zwischensviel“ und „Der Ruf des</Unicode>
                </TextEquiv>
            </TextLine>
            <TextLine id="r2l51" custom="readingOrder {index:50;}">
                <Coords points="252,2822 1177,2798 1195,2750 251,2790"/>
                <Baseline points="264,2808 310,2808 356,2808 402,2808 448,2807 494,2806 540,2806 586,2804 632,2803 678,2802 724,2800 770,2799 816,2797 862,2796 908,2794 954,2793 1000,2792 1046,2790 1092,2789 1138,2788 1185,2787"/>
                <TextEquiv>
                    <Unicode>1den, als wenn man ihn einen Virtuosen nannte.</Unicode>
                </TextEquiv>
            </TextLine>
            <TextLine id="r2l52" custom="readingOrder {index:51;}">
                <Coords points="1230,2823 2167,2810 2171,2755 1229,2786"/>
                <Baseline points="1241,2821 1286,2821 1332,2820 1378,2819 1424,2818 1470,2817 1516,2816 1562,2816 1608,2814 1654,2813 1700,2812 1745,2810 1791,2809 1837,2807 1883,2805 1929,2803 1975,2802 2021,2799 2067,2798 2113,2795 2159,2793"/>
                <TextEquiv>
                    <Unicode>Lebens“ nur dialogißerte Novellen. Gewiß hat</Unicode>
                </TextEquiv>
            </TextLine>
            <TextLine id="r2l53" custom="readingOrder {index:52;}">
                <Coords points="257,2849 490,2865 657,2834 856,2858 1202,2822 1201,2790 256,2817"/>
                <Baseline points="270,2849 318,2848 366,2846 415,2845 463,2844 511,2843 560,2842 608,2841 656,2840 705,2839 753,2838 802,2837 850,2836 898,2834 947,2833 995,2831 1043,2829 1092,2828 1140,2825 1189,2823"/>
                <TextEquiv>
                    <Unicode>Virtnosentum war gleichbedeutend mit Fran¬</Unicode>
                </TextEquiv>
            </TextLine>
            <TextLine id="r2l54" custom="readingOrder {index:53;}">
                <Coords points="1220,2882 2172,2842 2170,2793 1218,2823"/>
                <Baseline points="1231,2860 1277,2859 1323,2859 1370,2858 1416,2857 1463,2856 1509,2855 1556,2854 1602,2853 1649,2852 1695,2850 1741,2849 1788,2848 1834,2846 1881,2844 1927,2843 1974,2841 2020,2839 2067,2837 2113,2835 2160,2832"/>
                <TextEquiv>
                    <Unicode>er sich in seiner Jugend auch sozialen Problemen</Unicode>
                </TextEquiv>
            </TextLine>
            <TextLine id="r2l55" custom="readingOrder {index:54;}">
                <Coords points="260,2900 1140,2878 1209,2863 1208,2831 258,2850"/>
                <Baseline points="273,2892 319,2890 365,2889 411,2887 457,2886 504,2884 550,2883 596,2881 642,2879 688,2878 735,2876 781,2875 827,2873 873,2872 919,2870 966,2869 1012,2867 1058,2866 1104,2864 1150,2863 1197,2861"/>
                <TextEquiv>
                    <Unicode>zosentum, und das wollte man abschütteln.</Unicode>
                </TextEquiv>
            </TextLine>
            <TextLine id="r2l56" custom="readingOrder {index:55;}">
                <Coords points="1228,2913 2175,2872 2174,2847 2048,2842 1227,2861"/>
                <Baseline points="1241,2901 1287,2900 1333,2899 1379,2898 1425,2897 1471,2897 1517,2895 1563,2894 1609,2893 1655,2892 1702,2891 1748,2889 1794,2888 1840,2886 1886,2884 1932,2882 1978,2880 2024,2877 2070,2875 2116,2872 2163,2870"/>
                <TextEquiv>
                    <Unicode>zugewandt. im „Freiwild“ und im „Ver¬</Unicode>
                </TextEquiv>
            </TextLine>
            <TextLine id="r2l57" custom="readingOrder {index:56;}">
                <Coords points="271,2928 1211,2909 1193,2868 270,2891"/>
                <Baseline points="284,2925 329,2924 375,2924 421,2923 467,2922 512,2921 558,2920 604,2919 650,2918 695,2917 741,2915 787,2914 833,2913 878,2911 924,2910 970,2909 1016,2908 1061,2906 1107,2905 1153,2905 1199,2904"/>
                <TextEquiv>
                    <Unicode>Schnltzler ist solch ein Virtnose, dessen Können</Unicode>
                </TextEquiv>
            </TextLine>
            <TextLine id="r2l58" custom="readingOrder {index:57;}">
                <Coords points="1224,2942 2169,2918 2167,2878 2133,2875 1223,2917"/>
                <Baseline points="1236,2938 1282,2937 1328,2936 1374,2936 1420,2934 1466,2934 1512,2933 1558,2932 1604,2931 1650,2930 1696,2928 1742,2927 1788,2926 1834,2924 1880,2922 1926,2920 1972,2918 2018,2916 2064,2914 2110,2911 2157,2908"/>
                <TextEquiv>
                    <Unicode>mächtnis“. Aber was Schnitler zur Duell¬</Unicode>
                </TextEquiv>
            </TextLine>
            <TextLine id="r2l59" custom="readingOrder {index:58;}">
                <Coords points="262,2965 1162,2953 1223,2931 1222,2894 988,2918 896,2896 835,2932 261,2933"/>
                <Baseline points="275,2966 321,2965 368,2963 415,2962 462,2961 509,2960 555,2959 602,2958 649,2957 696,2956 743,2955 789,2954 836,2953 883,2951 930,2950 977,2948 1023,2947 1070,2945 1117,2943 1164,2940 1211,2938"/>
                <TextEquiv>
                    <Unicode>man nicht unterschätzen soll. im Gegenteill, et¬</Unicode>
                </TextEquiv>
            </TextLine>
            <TextLine id="r2l60" custom="readingOrder {index:59;}">
                <Coords points="1223,2980 2175,2965 2173,2906 1222,2943"/>
                <Baseline points="1235,2979 1281,2978 1327,2977 1374,2976 1420,2975 1467,2973 1513,2972 1559,2971 1606,2970 1652,2969 1699,2968 1745,2966 1791,2965 1838,2963 1884,2962 1931,2960 1977,2959 2023,2958 2070,2956 2116,2954 2163,2953"/>
                <TextEquiv>
                    <Unicode>frage und zur Frage der unehelichen Mütter zu</Unicode>
                </TextEquiv>
            </TextLine>
            <TextLine id="r2l61" custom="readingOrder {index:60;}">
                <Coords points="272,3006 1182,2997 1208,2942 271,2967"/>
                <Baseline points="284,3004 329,3003 375,3002 420,3001 466,3000 512,2999 557,2998 603,2997 649,2996 694,2995 740,2994 786,2993 831,2992 877,2990 923,2988 968,2987 1014,2985 1060,2982 1105,2980 1151,2978 1197,2975"/>
                <TextEquiv>
                    <Unicode>was davon möchte man unsern stammelnden</Unicode>
                </TextEquiv>
            </TextLine>
            <TextLine id="r2l62" custom="readingOrder {index:61;}">
                <Coords points="1222,3024 2169,3004 2168,2964 1220,2980"/>
                <Baseline points="1235,3019 1281,3018 1327,3017 1373,3016 1419,3015 1465,3014 1511,3013 1557,3011 1603,3010 1649,3008 1696,3007 1742,3006 1788,3003 1834,3002 1880,3000 1926,2998 1972,2997 2018,2995 2064,2993 2110,2992 2157,2990"/>
                <TextEquiv>
                    <Unicode>sagen hat, das interessiert uns heute nicht mehr.</Unicode>
                </TextEquiv>
            </TextLine>
            <TextLine id="r2l63" custom="readingOrder {index:62;}">
                <Coords points="267,3049 1207,3031 1205,2986 1168,2985 266,3012"/>
                <Baseline points="279,3043 324,3042 370,3042 416,3040 461,3039 507,3038 553,3037 598,3036 644,3035 690,3033 736,3032 781,3030 827,3029 873,3028 918,3027 964,3025 1010,3024 1055,3023 1101,3021 1147,3020 1193,3019"/>
                <TextEquiv>
                    <Unicode>Stürmern von Herzen gönnen, aber auch ihm,</Unicode>
                </TextEquiv>
            </TextLine>
            <TextLine id="r2l64" custom="readingOrder {index:63;}">
                <Coords points="1235,3060 2165,3038 2163,2996 2136,2994 1234,3025"/>
                <Baseline points="1247,3053 1292,3053 1337,3054 1382,3054 1428,3054 1473,3053 1518,3053 1564,3052 1609,3051 1654,3050 1700,3048 1745,3046 1790,3044 1835,3042 1881,3040 1926,3038 1971,3036 2017,3034 2062,3031 2107,3029 2153,3027"/>
                <TextEquiv>
                    <Unicode>und selbst ein in mancher Hinsicht interessantes</Unicode>
                </TextEquiv>
            </TextLine>
            <TextLine id="r2l65" custom="readingOrder {index:64;}">
                <Coords points="274,3090 756,3083 788,3057 1117,3075 1211,3057 1210,3025 272,3048"/>
                <Baseline points="285,3082 330,3081 376,3080 422,3079 467,3078 513,3077 559,3076 604,3074 650,3073 696,3072 742,3070 787,3069 833,3068 879,3066 924,3065 970,3063 1016,3062 1061,3060 1107,3058 1153,3056 1199,3054"/>
                <TextEquiv>
                    <Unicode>dem heute Sechziajährtgen etwas von ihrer Be¬</Unicode>
                </TextEquiv>
            </TextLine>
            <TextLine id="r2l66" custom="readingOrder {index:65;}">
                <Coords points="1751,3084 1779,3091 1820,3075 1853,3091 1902,3075 1917,3089 1974,3075 2019,3091 2036,3073 2083,3082 2152,3072 2151,3035 2133,3031 2000,3045 1750,3040"/>
                <Baseline points="1764,3078 1789,3077 1814,3077 1839,3076 1864,3076 1889,3076 1914,3076 1939,3075 1964,3075 1989,3074 2014,3073 2039,3072 2064,3071 2089,3069 2114,3067 2139,3064"/>
                <TextEquiv>
                    <Unicode>r Bernhardi“.</Unicode>
                </TextEquiv>
            </TextLine>
            <TextLine id="r2l67" custom="readingOrder {index:66;}">
                <Coords points="1228,3093 1327,3107 1364,3087 1497,3104 1556,3086 1584,3100 1616,3085 1727,3092 1727,3047 1551,3059 1519,3046 1487,3064 1442,3049 1227,3049"/>
                <Baseline points="1241,3089 1267,3089 1293,3089 1320,3090 1346,3090 1372,3091 1399,3091 1425,3091 1451,3091 1478,3092 1504,3091 1530,3091 1557,3091 1583,3090 1609,3089 1636,3088 1662,3087 1688,3085 1715,3083"/>
                <TextEquiv>
                    <Unicode>Werk wie „Profess</Unicode>
                </TextEquiv>
            </TextLine>
            <TextLine id="r2l68" custom="readingOrder {index:67;}">
                <Coords points="274,3130 1214,3100 1212,3051 273,3091"/>
                <Baseline points="287,3124 332,3122 378,3121 424,3120 470,3119 515,3117 561,3116 607,3114 653,3113 698,3112 744,3110 790,3109 836,3108 881,3106 927,3105 973,3103 1019,3102 1064,3101 1110,3100 1156,3099 1202,3098"/>
                <TextEquiv>
                    <Unicode>geisterungsfählgkeit, von ihrer Hingabe an die</Unicode>
                </TextEquiv>
            </TextLine>
            <TextLine id="r2l69" custom="readingOrder {index:68;}">
                <Coords points="1232,3148 2177,3111 2160,3052 2079,3080 1231,3096"/>
                <Baseline points="1245,3130 1293,3131 1341,3131 1390,3131 1438,3130 1486,3130 1535,3129 1583,3127 1631,3126 1680,3124 1728,3123 1777,3121 1825,3119 1873,3117 1922,3115 1970,3113 2018,3111 2067,3109 2115,3107 2164,3105"/>
                <TextEquiv>
                    <Unicode>das religiöse und Rassefragen behandelt, ist viel</Unicode>
                </TextEquiv>
            </TextLine>
            <TextLine id="r2l70" custom="readingOrder {index:69;}">
                <Coords points="286,3164 934,3163 1104,3123 1186,3148 1212,3100 285,3127"/>
                <Baseline points="298,3159 343,3159 388,3158 433,3158 478,3157 523,3155 568,3154 614,3153 659,3151 704,3150 749,3149 794,3147 839,3145 884,3143 930,3141 975,3140 1020,3139 1065,3137 1110,3136 1155,3134 1201,3133"/>
                <TextEquiv>
                    <Unicode>Idee des Menschen und des Menschentums von</Unicode>
                </TextEquiv>
            </TextLine>
            <TextLine id="r2l71" custom="readingOrder {index:70;}">
                <Coords points="1234,3175 2184,3155 2183,3115 2123,3107 1233,3130"/>
                <Baseline points="1247,3170 1293,3170 1339,3169 1385,3169 1431,3168 1478,3167 1524,3166 1570,3166 1616,3165 1662,3164 1709,3163 1755,3162 1801,3160 1847,3159 1893,3158 1940,3157 1986,3155 2032,3153 2078,3151 2124,3150 2171,3148"/>
                <TextEquiv>
                    <Unicode>zu sehr Abhandlung und Feuilleton, um als</Unicode>
                </TextEquiv>
            </TextLine>
            <TextLine id="r2l72" custom="readingOrder {index:71;}">
                <Coords points="274,3205 1199,3184 1218,3136 273,3163"/>
                <Baseline points="287,3197 333,3197 379,3196 425,3196 471,3195 517,3195 563,3194 609,3193 655,3192 701,3191 747,3190 793,3188 839,3187 885,3185 931,3183 977,3182 1023,3180 1069,3178 1115,3176 1161,3174 1207,3172"/>
                <TextEquiv>
                    <Unicode>ihrer Bereitwilliakeit, sich seelisch zu verschwen¬</Unicode>
                </TextEquiv>
            </TextLine>
            <TextLine id="r2l73" custom="readingOrder {index:72;}">
                <Coords points="1238,3233 1443,3206 1802,3212 1890,3195 1890,3160 1237,3171"/>
                <Baseline points="1249,3208 1280,3207 1311,3206 1343,3205 1374,3205 1406,3204 1437,3203 1468,3203 1500,3202 1531,3202 1563,3201 1594,3201 1625,3200 1657,3199 1688,3199 1720,3198 1751,3197 1782,3195 1814,3194 1845,3193 1877,3191"/>
                <TextEquiv>
                    <Unicode>Kunstwerk gewürdigt zu werden.</Unicode>
                </TextEquiv>
            </TextLine>
            <TextLine id="r2l74" custom="readingOrder {index:73;}">
                <Coords points="270,3247 1217,3228 1216,3181 269,3205"/>
                <Baseline points="283,3234 329,3232 375,3231 421,3230 467,3229 513,3228 559,3227 605,3226 651,3225 697,3224 744,3223 790,3222 836,3221 882,3220 928,3219 974,3218 1020,3217 1066,3215 1112,3213 1158,3212 1205,3210"/>
                <TextEquiv>
                    <Unicode>den. und von ihrer Sehnsucht, diese angeblich</Unicode>
                </TextEquiv>
            </TextLine>
            <TextLine id="r2l75" custom="readingOrder {index:74;}">
                <Coords points="1326,3251 2182,3230 2160,3177 1325,3212"/>
                <Baseline points="1338,3242 1379,3243 1421,3244 1462,3244 1504,3243 1546,3242 1587,3241 1629,3238 1670,3237 1712,3235 1754,3232 1795,3230 1837,3227 1878,3225 1920,3224 1962,3222 2003,3220 2045,3219 2086,3219 2128,3219 2170,3219"/>
                <TextEquiv>
                    <Unicode>So kommt es denn das Se#nitzler das viel¬</Unicode>
                </TextEquiv>
            </TextLine>
            <TextLine id="r2l76" custom="readingOrder {index:75;}">
                <Coords points="271,3276 1196,3263 1223,3257 1222,3212 270,3239"/>
                <Baseline points="283,3272 329,3271 375,3271 421,3270 468,3269 514,3268 560,3267 607,3266 653,3264 699,3263 746,3261 792,3260 838,3259 884,3257 931,3256 977,3254 1023,3253 1070,3251 1116,3250 1162,3249 1209,3247"/>
                <TextEquiv>
                    <Unicode>beste aller Welten zu einem Garten des Friedens</Unicode>
                </TextEquiv>
            </TextLine>
            <TextLine id="r2l77" custom="readingOrder {index:76;}">
                <Coords points="1222,3290 2187,3275 2186,3230 2121,3227 1221,3245"/>
                <Baseline points="1233,3289 1280,3287 1327,3285 1374,3284 1421,3282 1468,3281 1515,3280 1562,3279 1609,3278 1656,3278 1703,3277 1750,3277 1797,3276 1844,3275 1891,3274 1938,3273 1985,3271 2032,3269 2079,3267 2126,3265 2174,3262"/>
                <TextEquiv>
                    <Unicode> leicht Danernde auf evischem Gebiet geleistet</Unicode>
                </TextEquiv>
            </TextLine>
            <TextLine id="r2l78" custom="readingOrder {index:77;}">
                <Coords points="277,3316 553,3297 589,3328 1226,3285 1225,3258 1131,3253 276,3277"/>
                <Baseline points="289,3313 335,3313 381,3312 427,3312 474,3311 520,3310 566,3309 613,3308 659,3307 705,3306 752,3304 798,3303 844,3302 890,3301 937,3300 983,3298 1029,3296 1076,3295 1122,3294 1168,3292 1215,3291"/>
                <TextEquiv>
                    <Unicode>umzuschaffen. Dennach; etwas von der Empfind¬</Unicode>
                </TextEquiv>
            </TextLine>
            <TextLine id="r2l79" custom="readingOrder {index:78;}">
                <Coords points="191,3375 2192,3322 2178,3253 190,3326"/>
                <Baseline points="202,3357 300,3354 399,3352 498,3350 597,3347 696,3344 795,3342 894,3339 993,3337 1092,3334 1191,3331 1289,3329 1388,3326 1487,3323 1586,3320 1685,3318 1784,3315 1883,3312 1982,3310 2081,3308 2180,3305"/>
                <TextEquiv>
                    <Unicode>kr= samkeit des 18. Jahrhunderts steckt auch in dem hat. Die Novelle „Sterben“, in der physi¬</Unicode>
                </TextEquiv>
            </TextLine>
            <TextEquiv>
                <Unicode>box 39/3
6oth Birthdar
   
klugen Wiener Dichter des zwanzigsten. Goethes
ständlich, daß dieser Poet gerade in der Dar¬
Oronaro kann das geliebte Weib in der Wirk¬
stellung des Todes die feinste Hand zeigt.
lichkeit nicht ertragen, sondern nur die Vor¬
Immer wird man sich an der Feinheit seiner
stellung von ihr. Anatol möchte wohl wissen,
Gedanken, an der Stimmungsmal rei, an der
1 ob die kleine Cora ihm treu ist, aber die ent¬
Seelenanalyse und an seiner virtnosen Fähig¬
scheidende „Frage an das Schieksal“ vermag er
keit erfreuen, den Dialog zu führen, aus heite¬
doch nicht zu stellen, denn die Meinung, die er
rer Nachdenklichkeit heraus die Tragik zu strei¬
sich von ihr geschaffen, ist ihm wesentlicher als
fen, um dann mit einem wehmütig lächelnden
i die Wahrheit — worin er übrigens, wenn man
Fragezeichen zu schließen, hinter dem eine ganz
es nur ganz richtig versteht, recht hat. Es sind
und gar nicht künstlerische Sentimentalität
nur wenige „Lebendige Stunden“, die der Dra¬
lauert. Schnitzler macht Konversation — sogar
matiker Schnitzler uns geschenlt hat, und wenn
in seinen historischen Dramen. Daher ist seine
sein unerträglicher „Reigen“ — auf der Bühne
Sprache auch ohne Eigenwuchs und Glanz.
unerträglich — eine aus den Fugen gegangene
„Ich fühle, wie viel mir verloren ginge,
Zeit ergötzt, so wird ein Chronist späterer Tage
wenn ich mich eines Tages stark fände, sagt
gerade aus diesem Umstand ihre Barbarei fest¬
Anatol, der Held seines ersten Buches, einer
zustellen haben. Seltsam überhaupt, daß dieser
Sammlung von amüsanten Dialogen, die wir
Schnitzler so häusig zum Drama getrieben wurde.
vor einiger Zeit auch im „Schausplelhaus“ sahen.
 Denn gerade die dargelegten Eigentümlichkeiten
Das ist ein Selbsthekenntnis des Dichters, und
seiner dickterischen Struktur wiesen ihn auf die
im Grunde sind alle seine männlichen Gestalten:
Novelle hin. In Wahrheit sind ja auch gerade
Anatol. Im Zeitalter der Empfludsamkeit, aus
die bekanntesten seiner Bühnenarbeiten, wie
dem der junge Gocthe hervorgewachsen ist, gab
„Anatol“ wie „Reigen“ wie der „Einsame
es keinen größeren Vorwurf für den Schaffen¬
Weg“, wie „Zwischensviel“ und „Der Ruf des
1den, als wenn man ihn einen Virtuosen nannte.
Lebens“ nur dialogißerte Novellen. Gewiß hat
Virtnosentum war gleichbedeutend mit Fran¬
er sich in seiner Jugend auch sozialen Problemen
zosentum, und das wollte man abschütteln.
zugewandt. im „Freiwild“ und im „Ver¬
Schnltzler ist solch ein Virtnose, dessen Können
mächtnis“. Aber was Schnitler zur Duell¬
man nicht unterschätzen soll. im Gegenteill, et¬
frage und zur Frage der unehelichen Mütter zu
was davon möchte man unsern stammelnden
sagen hat, das interessiert uns heute nicht mehr.
Stürmern von Herzen gönnen, aber auch ihm,
und selbst ein in mancher Hinsicht interessantes
dem heute Sechziajährtgen etwas von ihrer Be¬
r Bernhardi“.
Werk wie „Profess
geisterungsfählgkeit, von ihrer Hingabe an die
das religiöse und Rassefragen behandelt, ist viel
Idee des Menschen und des Menschentums von
zu sehr Abhandlung und Feuilleton, um als
ihrer Bereitwilliakeit, sich seelisch zu verschwen¬
Kunstwerk gewürdigt zu werden.
den. und von ihrer Sehnsucht, diese angeblich
So kommt es denn das Se#nitzler das viel¬
beste aller Welten zu einem Garten des Friedens
 leicht Danernde auf evischem Gebiet geleistet
umzuschaffen. Dennach; etwas von der Empfind¬
kr= samkeit des 18. Jahrhunderts steckt auch in dem hat. Die Novelle „Sterben“, in der physi¬</Unicode>
            </TextEquiv>
        </TextRegion>
        <TextRegion orientation="0.0" id="r3" custom="readingOrder {index:2;}">
            <Coords points="2173,1828 2173,3262 3141,3262 3141,1828"/>
            <TextLine id="r3l1" custom="readingOrder {index:0;}">
                <Coords points="2166,1878 3121,1851 3120,1797 3028,1788 2166,1831"/>
                <Baseline points="2179,1867 2225,1866 2271,1864 2318,1863 2364,1861 2411,1860 2457,1858 2504,1858 2550,1856 2597,1856 2643,1854 2689,1854 2736,1853 2782,1852 2829,1851 2875,1851 2922,1850 2968,1849 3015,1849 3061,1848 3108,1848"/>
                <TextEquiv>
                    <Unicode>sches Siechtum und langsames Wellwerden einer</Unicode>
                </TextEquiv>
            </TextLine>
            <TextLine id="r3l2" custom="readingOrder {index:1;}">
                <Coords points="2169,1911 3111,1886 3093,1847 2168,1874"/>
                <Baseline points="2181,1905 2226,1904 2272,1903 2318,1902 2364,1901 2410,1900 2456,1899 2502,1898 2548,1897 2594,1896 2640,1895 2685,1895 2731,1893 2777,1892 2823,1892 2869,1891 2915,1890 2961,1888 3007,1887 3053,1886 3099,1885"/>
                <TextEquiv>
                    <Unicode>Liebe einander gegenübergestellt werden, ist in</Unicode>
                </TextEquiv>
            </TextLine>
            <TextLine id="r3l3" custom="readingOrder {index:2;}">
                <Coords points="2166,1954 3088,1935 3102,1886 2165,1910"/>
                <Baseline points="2177,1944 2222,1942 2268,1941 2314,1939 2359,1938 2405,1937 2451,1936 2496,1935 2542,1934 2588,1933 2634,1932 2679,1931 2725,1930 2771,1929 2816,1929 2862,1927 2908,1926 2953,1925 2999,1924 3045,1922 3091,1921"/>
                <TextEquiv>
                    <Unicode>seiner Art ein Meisterwerk nicht weniger als</Unicode>
                </TextEquiv>
            </TextLine>
            <TextLine id="r3l4" custom="readingOrder {index:3;}">
                <Coords points="2165,1996 2469,1968 3107,1976 3106,1924 2164,1954"/>
                <Baseline points="2177,1984 2222,1981 2268,1978 2314,1977 2360,1975 2406,1974 2452,1973 2498,1972 2544,1971 2590,1971 2636,1970 2681,1970 2727,1970 2773,1969 2819,1969 2865,1968 2911,1967 2957,1966 3003,1964 3049,1963 3095,1961"/>
                <TextEquiv>
                    <Unicode>„Leutnant Gustl“, in der eigentlich ohne</Unicode>
                </TextEquiv>
            </TextLine>
            <TextLine id="r3l5" custom="readingOrder {index:4;}">
                <Coords points="2163,2025 3071,2010 3103,1974 2163,1998"/>
                <Baseline points="2175,2020 2220,2020 2266,2019 2312,2019 2358,2018 2403,2017 2449,2017 2495,2016 2541,2016 2586,2015 2632,2015 2678,2014 2724,2013 2769,2012 2815,2011 2861,2010 2907,2008 2952,2006 2998,2004 3044,2002 3090,2000"/>
                <TextEquiv>
                    <Unicode>die geringste Handlung das Seelenleben eines</Unicode>
                </TextEquiv>
            </TextLine>
            <TextLine id="r3l6" custom="readingOrder {index:5;}">
                <Coords points="2168,2071 2409,2085 2683,2051 2797,2076 3034,2043 3079,2069 3123,2058 3122,2007 2167,2024"/>
                <Baseline points="2180,2062 2226,2061 2273,2059 2319,2057 2366,2056 2412,2055 2459,2055 2505,2054 2552,2053 2598,2052 2645,2051 2692,2051 2738,2050 2785,2049 2831,2048 2878,2047 2924,2045 2971,2043 3017,2042 3064,2039 3111,2036"/>
                <TextEquiv>
                    <Unicode>Menschen geschildert wird, der glaubt, sterben zu</Unicode>
                </TextEquiv>
            </TextLine>
            <TextLine id="r3l7" custom="readingOrder {index:6;}">
                <Coords points="2167,2123 2180,2123 2189,2115 2199,2122 2209,2112 2224,2109 2291,2114 2342,2103 2341,2071 2312,2072 2301,2062 2166,2071"/>
                <Baseline points="2179,2099 2204,2098 2229,2097 2254,2096 2279,2095 2304,2095 2329,2095"/>
                <TextEquiv>
                    <Unicode>müssen.</Unicode>
                </TextEquiv>
            </TextLine>
            <TextLine id="r3l8" custom="readingOrder {index:7;}">
                <Coords points="2239,2154 3077,2148 3119,2135 3118,2088 2710,2109 2628,2086 2582,2119 2522,2089 2453,2115 2361,2092 2238,2119"/>
                <Baseline points="2251,2152 2293,2152 2336,2152 2379,2152 2422,2151 2465,2151 2507,2150 2550,2149 2593,2149 2636,2147 2679,2147 2721,2146 2764,2144 2807,2143 2850,2142 2893,2141 2935,2140 2978,2138 3021,2137 3064,2137 3107,2135"/>
                <TextEquiv>
                    <Unicode>Dennoch: dieser Dichter der Novelle, der</Unicode>
                </TextEquiv>
            </TextLine>
            <TextLine id="r3l9" custom="readingOrder {index:8;}">
                <Coords points="2161,2212 3113,2172 3112,2138 3021,2135 2160,2155"/>
                <Baseline points="2173,2194 2219,2193 2265,2192 2312,2192 2358,2191 2405,2191 2451,2191 2497,2191 2544,2190 2590,2190 2637,2190 2683,2189 2729,2188 2776,2187 2822,2186 2869,2184 2915,2182 2961,2180 3008,2176 3054,2173 3101,2169"/>
                <TextEquiv>
                    <Unicode>müden, ironischen Stimmungskunst, hat ein¬</Unicode>
                </TextEquiv>
            </TextLine>
            <TextLine id="r3l10" custom="readingOrder {index:9;}">
                <Coords points="2164,2240 3086,2225 3105,2177 2163,2211"/>
                <Baseline points="2177,2233 2222,2233 2268,2233 2314,2233 2360,2233 2406,2232 2451,2232 2497,2232 2543,2231 2589,2230 2635,2229 2680,2228 2726,2227 2772,2226 2818,2224 2864,2222 2909,2220 2955,2218 3001,2214 3047,2212 3093,2208"/>
                <TextEquiv>
                    <Unicode>mal ein Bühnenwerk geschrieben, in dem er</Unicode>
                </TextEquiv>
            </TextLine>
            <TextLine id="r3l11" custom="readingOrder {index:10;}">
                <Coords points="2167,2283 3117,2244 3116,2219 3054,2211 2166,2236"/>
                <Baseline points="2179,2272 2225,2272 2271,2272 2317,2272 2364,2272 2410,2271 2456,2271 2503,2269 2549,2268 2595,2267 2642,2266 2688,2264 2734,2263 2780,2261 2827,2259 2873,2257 2919,2255 2966,2253 3012,2252 3058,2250 3105,2248"/>
                <TextEquiv>
                    <Unicode>wirklich die Kraft und den Mut fand zur Tragik.</Unicode>
                </TextEquiv>
            </TextLine>
            <TextLine id="r3l12" custom="readingOrder {index:11;}">
                <Coords points="2167,2313 2469,2323 2800,2284 2895,2312 3082,2297 3136,2246 2166,2276"/>
                <Baseline points="2179,2308 2226,2309 2273,2310 2320,2311 2368,2311 2415,2310 2462,2310 2510,2309 2557,2308 2604,2307 2652,2305 2699,2304 2746,2302 2793,2300 2841,2298 2888,2296 2935,2294 2983,2293 3030,2291 3077,2290 3125,2289"/>
                <TextEquiv>
                    <Unicode>Das Stück heißt „Liebelei“ aber es dürste</Unicode>
                </TextEquiv>
            </TextLine>
            <TextLine id="r3l13" custom="readingOrder {index:12;}">
                <Coords points="2176,2361 3076,2334 3123,2330 3122,2295 2890,2310 2790,2285 2175,2329"/>
                <Baseline points="2189,2351 2235,2350 2281,2350 2327,2349 2373,2347 2419,2346 2465,2345 2511,2345 2557,2343 2603,2342 2650,2341 2696,2340 2742,2338 2788,2337 2834,2335 2880,2333 2926,2331 2972,2329 3018,2327 3064,2324 3111,2321"/>
                <TextEquiv>
                    <Unicode>„Liebe“ heißen. Denn diese Christine, die einem</Unicode>
                </TextEquiv>
            </TextLine>
            <TextLine id="r3l14" custom="readingOrder {index:13;}">
                <Coords points="2178,2395 3085,2378 3134,2366 3133,2319 2177,2365"/>
                <Baseline points="2189,2392 2235,2390 2282,2389 2328,2387 2375,2386 2422,2384 2468,2383 2515,2382 2561,2381 2608,2380 2655,2378 2701,2378 2748,2376 2794,2375 2841,2374 2888,2372 2934,2370 2981,2368 3027,2366 3074,2364 3121,2361"/>
                <TextEquiv>
                    <Unicode>jungen Lebemann zum Zeitvertreib dient, ist nicht</Unicode>
                </TextEquiv>
            </TextLine>
            <TextLine id="r3l15" custom="readingOrder {index:14;}">
                <Coords points="2178,2437 3124,2400 3109,2361 2177,2397"/>
                <Baseline points="2190,2429 2236,2427 2282,2426 2328,2424 2374,2423 2420,2422 2466,2421 2513,2419 2559,2418 2605,2417 2651,2416 2697,2415 2743,2414 2789,2413 2836,2412 2882,2411 2928,2410 2974,2408 3020,2407 3066,2405 3113,2404"/>
                <TextEquiv>
                    <Unicode>das „süße Mädel“, nicht das typische Verhältnis,</Unicode>
                </TextEquiv>
            </TextLine>
            <TextLine id="r3l16" custom="readingOrder {index:15;}">
                <Coords points="2173,2468 2974,2461 3127,2432 3094,2391 2172,2428"/>
                <Baseline points="2184,2469 2230,2466 2277,2464 2323,2463 2370,2461 2416,2460 2463,2459 2509,2458 2556,2457 2602,2456 2649,2455 2696,2454 2742,2453 2789,2452 2835,2450 2882,2449 2928,2448 2975,2446 3021,2444 3068,2442 3115,2439"/>
                <TextEquiv>
                    <Unicode>das Schniller im Bunde mit Hartleben für die</Unicode>
                </TextEquiv>
            </TextLine>
            <TextLine id="r3l17" custom="readingOrder {index:16;}">
                <Coords points="2172,2499 3123,2495 3121,2438 3034,2436 2172,2474"/>
                <Baseline points="2185,2507 2231,2506 2277,2504 2323,2503 2369,2502 2416,2501 2462,2500 2508,2498 2554,2498 2600,2496 2647,2495 2693,2494 2739,2493 2785,2491 2831,2490 2878,2488 2924,2487 2970,2486 3016,2484 3062,2482 3109,2481"/>
                <TextEquiv>
                    <Unicode>deutsche Bühne entdeckt hat, sondern ein Weib,</Unicode>
                </TextEquiv>
            </TextLine>
            <TextLine id="r3l18" custom="readingOrder {index:17;}">
                <Coords points="2174,2544 2837,2547 3121,2517 3119,2465 2744,2510 2173,2509"/>
                <Baseline points="2185,2545 2231,2543 2277,2542 2323,2541 2369,2540 2415,2539 2461,2539 2508,2538 2554,2537 2600,2536 2646,2535 2692,2533 2738,2532 2784,2531 2831,2529 2877,2527 2923,2526 2969,2524 3015,2521 3061,2518 3108,2515"/>
                <TextEquiv>
                    <Unicode>das liebt, nicht liebelt. Eln Geschöpf, das zer¬</Unicode>
                </TextEquiv>
            </TextLine>
            <TextLine id="r3l19" custom="readingOrder {index:18;}">
                <Coords points="2181,2590 2740,2558 3134,2580 3115,2519 2180,2548"/>
                <Baseline points="2193,2581 2239,2580 2285,2579 2332,2578 2378,2578 2425,2577 2471,2576 2517,2576 2564,2574 2610,2574 2657,2573 2703,2572 2749,2570 2796,2569 2842,2567 2889,2565 2935,2564 2981,2562 3028,2560 3074,2557 3121,2554"/>
                <TextEquiv>
                    <Unicode>bricht, als sich ihr Freund um einer anderen</Unicode>
                </TextEquiv>
            </TextLine>
            <TextLine id="r3l20" custom="readingOrder {index:19;}">
                <Coords points="2173,2634 3127,2608 3127,2573 2172,2582"/>
                <Baseline points="2185,2622 2231,2620 2278,2619 2324,2617 2371,2616 2417,2615 2464,2614 2510,2614 2557,2613 2603,2612 2650,2612 2696,2611 2743,2610 2789,2609 2836,2608 2882,2606 2929,2604 2975,2603 3022,2600 3068,2597 3115,2593"/>
                <TextEquiv>
                    <Unicode>willen niederknallen läst, eine in ihrer Schlicht¬</Unicode>
                </TextEquiv>
            </TextLine>
            <TextLine id="r3l21" custom="readingOrder {index:20;}">
                <Coords points="2168,2670 3142,2640 3141,2605 3069,2597 2167,2623"/>
                <Baseline points="2181,2662 2228,2660 2275,2658 2323,2656 2370,2655 2418,2654 2465,2653 2512,2652 2560,2651 2607,2651 2655,2651 2702,2650 2749,2650 2797,2649 2844,2648 2892,2647 2939,2646 2986,2644 3034,2642 3081,2639 3129,2636"/>
                <TextEquiv>
                    <Unicode>heit erhabene Gestalt, an dem der alte Fontane.</Unicode>
                </TextEquiv>
            </TextLine>
            <TextLine id="r3l22" custom="readingOrder {index:21;}">
                <Coords points="2182,2704 2841,2714 2897,2685 3154,2685 3154,2645 2182,2666"/>
                <Baseline points="2195,2699 2242,2698 2289,2696 2336,2695 2384,2694 2431,2694 2478,2693 2526,2693 2573,2692 2620,2692 2668,2691 2715,2691 2762,2690 2809,2689 2857,2687 2904,2686 2951,2684 2999,2682 3046,2679 3093,2676 3141,2673"/>
                <TextEquiv>
                    <Unicode>der Dichter der Lene Nimptsch, seine Freude ge¬“</Unicode>
                </TextEquiv>
            </TextLine>
            <TextLine id="r3l23" custom="readingOrder {index:22;}">
                <Coords points="2194,2758 2214,2760 2226,2747 2256,2741 2278,2748 2288,2740 2311,2760 2325,2754 2333,2759 2382,2738 2397,2745 2416,2736 2416,2709 2398,2712 2361,2694 2309,2698 2297,2706 2282,2706 2269,2694 2262,2702 2193,2704"/>
                <Baseline points="2205,2737 2230,2735 2255,2735 2280,2734 2305,2733 2330,2732 2355,2732 2380,2731 2405,2730"/>
                <TextEquiv>
                    <Unicode>habt hätte.</Unicode>
                </TextEquiv>
            </TextLine>
            <TextLine id="r3l24" custom="readingOrder {index:23;}">
                <Coords points="2256,2792 3033,2788 3139,2767 3138,2715 3027,2738 2947,2713 2894,2745 2811,2715 2581,2721 2473,2754 2408,2731 2382,2759 2256,2758"/>
                <Baseline points="2270,2792 2312,2790 2355,2789 2398,2788 2441,2787 2484,2786 2527,2785 2570,2784 2613,2783 2656,2783 2699,2782 2741,2781 2784,2780 2827,2778 2870,2777 2913,2775 2956,2774 2999,2772 3042,2769 3085,2767 3128,2764"/>
                <TextEquiv>
                    <Unicode>Lene Nimptsch ist die Heldin von Fontanes</Unicode>
                </TextEquiv>
            </TextLine>
            <TextLine id="r3l25" custom="readingOrder {index:24;}">
                <Coords points="2190,2850 3134,2811 3133,2769 2189,2803"/>
                <Baseline points="2201,2835 2247,2834 2293,2833 2339,2832 2385,2830 2431,2829 2477,2828 2523,2827 2569,2826 2615,2826 2661,2825 2707,2823 2753,2822 2799,2821 2845,2820 2891,2819 2937,2817 2983,2816 3029,2814 3075,2812 3121,2810"/>
                <TextEquiv>
                    <Unicode>„Irrungen und Wirrungen“. Ihr Gellebter, der</Unicode>
                </TextEquiv>
            </TextLine>
            <TextLine id="r3l26" custom="readingOrder {index:25;}">
                <Coords points="2191,2882 3143,2848 3142,2815 3041,2813 2190,2837"/>
                <Baseline points="2203,2870 2249,2870 2295,2870 2342,2870 2388,2869 2435,2869 2481,2868 2528,2867 2574,2867 2621,2866 2667,2864 2713,2863 2760,2862 2806,2860 2853,2859 2899,2857 2946,2855 2992,2853 3039,2851 3085,2849 3132,2847"/>
                <TextEquiv>
                    <Unicode>ei#e andere heiratet, Baron Botho, bekennt zum</Unicode>
                </TextEquiv>
            </TextLine>
            <TextLine id="r3l27" custom="readingOrder {index:26;}">
                <Coords points="2181,2915 3143,2893 3142,2846 2180,2880"/>
                <Baseline points="2194,2912 2240,2912 2287,2911 2334,2910 2381,2909 2428,2908 2474,2907 2521,2906 2568,2904 2615,2903 2662,2902 2708,2900 2755,2898 2802,2897 2849,2895 2896,2893 2942,2892 2989,2890 3036,2888 3083,2886 3130,2884"/>
                <TextEquiv>
                    <Unicode>Schluß dieses Meisterwerks, als er in der Zei¬</Unicode>
                </TextEquiv>
            </TextLine>
            <TextLine id="r3l28" custom="readingOrder {index:27;}">
                <Coords points="2184,2955 3136,2921 3135,2889 3038,2875 2183,2915"/>
                <Baseline points="2196,2952 2242,2952 2288,2952 2335,2951 2381,2951 2428,2950 2474,2949 2520,2947 2567,2946 2613,2944 2660,2942 2706,2941 2752,2939 2799,2936 2845,2934 2892,2932 2938,2930 2984,2928 3031,2925 3077,2924 3124,2922"/>
                <TextEquiv>
                    <Unicode>tung liest, daß Lene sich mit einem andern ver¬</Unicode>
                </TextEquiv>
            </TextLine>
            <TextLine id="r3l29" custom="readingOrder {index:28;}">
                <Coords points="2188,2992 3140,2961 3138,2921 2187,2953"/>
                <Baseline points="2199,2988 2245,2987 2291,2987 2338,2986 2384,2985 2430,2984 2477,2983 2523,2982 2569,2981 2616,2979 2662,2978 2708,2976 2755,2975 2801,2973 2847,2971 2894,2969 2940,2967 2986,2966 3033,2964 3079,2963 3126,2961"/>
                <TextEquiv>
                    <Unicode>lobt hat. der Gideon heißt: „Gideon ##t besser</Unicode>
                </TextEquiv>
            </TextLine>
            <TextLine id="r3l30" custom="readingOrder {index:29;}">
                <Coords points="2192,3033 3110,3010 3144,3001 3143,2959 2191,2993"/>
                <Baseline points="2205,3027 2251,3025 2297,3024 2344,3022 2390,3021 2436,3019 2483,3018 2529,3017 2575,3015 2622,3014 2668,3013 2714,3012 2761,3011 2807,3010 2853,3009 2900,3008 2946,3007 2992,3006 3039,3005 3085,3004 3132,3002"/>
                <TextEquiv>
                    <Unicode>als Botho“ Solce Bekenntnisse fehlen bei</Unicode>
                </TextEquiv>
            </TextLine>
            <TextLine id="r3l31" custom="readingOrder {index:30;}">
                <Coords points="2195,3070 3142,3033 3141,3001 2886,2999 2194,3032"/>
                <Baseline points="2207,3073 2253,3069 2299,3066 2345,3063 2391,3061 2437,3058 2483,3056 2530,3055 2576,3053 2622,3051 2668,3050 2714,3049 2760,3047 2806,3046 2853,3045 2899,3045 2945,3043 2991,3042 3037,3041 3083,3040 3130,3038"/>
                <TextEquiv>
                    <Unicode>Schnitzler. Das unterscheidet ihn nicht nur von</Unicode>
                </TextEquiv>
            </TextLine>
            <TextLine id="r3l32" custom="readingOrder {index:31;}">
                <Coords points="2198,3114 3153,3085 3151,3033 2197,3069"/>
                <Baseline points="2211,3105 2257,3103 2303,3102 2350,3101 2396,3100 2443,3098 2489,3096 2535,3095 2582,3093 2628,3091 2675,3090 2721,3088 2767,3086 2814,3084 2860,3083 2907,3081 2953,3079 2999,3078 3046,3076 3092,3075 3139,3074"/>
                <TextEquiv>
                    <Unicode>Fontane, dem yverreichten Meibter der epischer</Unicode>
                </TextEquiv>
            </TextLine>
            <TextLine id="r3l33" custom="readingOrder {index:32;}">
                <Coords points="2187,3145 3102,3129 3137,3073 2185,3107"/>
                <Baseline points="2199,3145 2245,3143 2291,3142 2338,3140 2384,3138 2431,3137 2477,3136 2523,3134 2570,3133 2616,3132 2663,3130 2709,3129 2755,3128 2802,3126 2848,3125 2895,3124 2941,3122 2987,3121 3034,3118 3080,3116 3127,3114"/>
                <TextEquiv>
                    <Unicode>Kunst sondern auch von denen, die mit Fontam</Unicode>
                </TextEquiv>
            </TextLine>
            <TextLine id="r3l34" custom="readingOrder {index:33;}">
                <Coords points="2310,3189 3128,3172 3127,3122 2787,3113 2753,3136 2407,3147 2308,3125"/>
                <Baseline points="2322,3178 2361,3178 2401,3178 2441,3177 2480,3176 2520,3175 2560,3174 2599,3173 2639,3172 2679,3170 2719,3169 2758,3168 2798,3166 2838,3164 2877,3163 2917,3162 2957,3160 2996,3159 3036,3159 3076,3158 3116,3157"/>
                <TextEquiv>
                    <Unicode>die Palme der großen deutschen Novelken</Unicode>
                </TextEquiv>
            </TextLine>
            <TextLine id="r3l35" custom="readingOrder {index:34;}">
                <Coords points="2186,3232 2263,3247 2322,3246 2342,3231 2404,3240 2507,3213 2507,3186 2482,3193 2464,3181 2390,3185 2358,3176 2301,3187 2286,3173 2264,3186 2222,3186 2202,3174 2185,3180"/>
                <Baseline points="2199,3219 2225,3220 2252,3220 2279,3220 2306,3219 2333,3219 2360,3218 2387,3217 2414,3216 2441,3216 2468,3215 2495,3215"/>
                <TextEquiv>
                    <Unicode>dichter streiten.</Unicode>
                </TextEquiv>
            </TextLine>
            <TextLine id="r3l36" custom="readingOrder {index:35;}">
                <Coords points="2627,3250 2654,3241 2682,3259 2738,3252 2779,3267 2850,3248 2972,3265 3025,3240 3105,3253 3101,3181 3047,3194 3027,3178 2964,3208 2883,3182 2838,3214 2795,3197 2754,3214 2684,3200 2625,3210"/>
                <Baseline points="2639,3252 2664,3251 2689,3251 2714,3251 2739,3250 2764,3249 2789,3249 2814,3247 2839,3247 2865,3245 2890,3244 2915,3243 2940,3241 2965,3239 2990,3237 3015,3236 3040,3233 3065,3232 3091,3229"/>
                <TextEquiv>
                    <Unicode>Malte Wagner.</Unicode>
                </TextEquiv>
            </TextLine>
            <TextEquiv>
                <Unicode>sches Siechtum und langsames Wellwerden einer
Liebe einander gegenübergestellt werden, ist in
seiner Art ein Meisterwerk nicht weniger als
„Leutnant Gustl“, in der eigentlich ohne
die geringste Handlung das Seelenleben eines
Menschen geschildert wird, der glaubt, sterben zu
müssen.
Dennoch: dieser Dichter der Novelle, der
müden, ironischen Stimmungskunst, hat ein¬
mal ein Bühnenwerk geschrieben, in dem er
wirklich die Kraft und den Mut fand zur Tragik.
Das Stück heißt „Liebelei“ aber es dürste
„Liebe“ heißen. Denn diese Christine, die einem
jungen Lebemann zum Zeitvertreib dient, ist nicht
das „süße Mädel“, nicht das typische Verhältnis,
das Schniller im Bunde mit Hartleben für die
deutsche Bühne entdeckt hat, sondern ein Weib,
das liebt, nicht liebelt. Eln Geschöpf, das zer¬
bricht, als sich ihr Freund um einer anderen
willen niederknallen läst, eine in ihrer Schlicht¬
heit erhabene Gestalt, an dem der alte Fontane.
der Dichter der Lene Nimptsch, seine Freude ge¬“
habt hätte.
Lene Nimptsch ist die Heldin von Fontanes
„Irrungen und Wirrungen“. Ihr Gellebter, der
ei#e andere heiratet, Baron Botho, bekennt zum
Schluß dieses Meisterwerks, als er in der Zei¬
tung liest, daß Lene sich mit einem andern ver¬
lobt hat. der Gideon heißt: „Gideon ##t besser
als Botho“ Solce Bekenntnisse fehlen bei
Schnitzler. Das unterscheidet ihn nicht nur von
Fontane, dem yverreichten Meibter der epischer
Kunst sondern auch von denen, die mit Fontam
die Palme der großen deutschen Novelken
dichter streiten.
Malte Wagner.</Unicode>
            </TextEquiv>
        </TextRegion>
    </Page>
</PcGts>
