3344 4352
1101 291 1562 378 box 39/3
525 303 585 364 B
232 307 944 397 otthdar
390 1956 1362 2082 ADOLF SCHUSTERMANN
322 2043 1439 2161 ZEITUNGSNACHRICHTEN-BUREAU
475 2134 1269 2211 BERLIN SO. 16, RUNGESTR 22-24
408 2220 1209 2330 Zeitung, Mittagsblatt
424 2307 1286 2439 Achesser Frankfurt a. M.
971 2435 1355 2544 S MAIIZ
416 2480 654 2551 Datum:
897 2480 976 2552 1
943 2537 1021 2596 1
731 2612 1193 2705 Neues Theater.
496 2694 1547 2749 Schnitzlers 60. Geburtstag waren zwei Einakter neuein¬
365 2724 1545 2796 studieft ##mnfüherschon im „Neuen Theater“ gesehen hat.
375 2769 1547 2844 Diesmal hiite Robin Robert die Regie und bewies vor allem
367 2807 1537 2886 an der Widergabe der beiden letzten Einakter, in wie ausgezeich¬
364 2861 1551 2931 neter Spiesleiter er gerode für diese Art von Stücken ist. Da war
371 2890 1557 2973 jede Stimmung, jedes Wort, jede Scowingung bedacht. Willig folg¬
371 2931 1543 3006 ten die Spieler: Die stärkste Leistung des Abends Kurt Gerdes,
383 2965 1544 3064 der in allen drei Akten die Hauptrolle svielte. Theatralisch am
375 3002 1539 3079 eindrucksvollsten im „Grünen Kakadu“ als Henry. Schlicht vor¬
382 3037 1541 3124 nehm, von bezwingender Männlichkeit in den Gefährten“. Aus
386 3082 1545 3166 dem Kreise der übrigen Mitspieler und Mitspielerinnen müssen ge¬
376 3130 1558 3197 nannt werden: Alice Rohde, Anny Reiter (prächtig in den
379 3169 1572 3255 „Gefährten“), Fred Hennings, August Weber Alois
394 3216 1343 3294 Großmann, Idse Almas, Peter Staudina
1143 3244 1521 3323 M. Geisenherner.
2091 219 2246 274 —
2721 442 2826 520 #
2166 603 2718 727 Literarieche Eeno
2001 632 2171 755 948
2436 688 2682 775 Berlin
2186 762 2654 872 11 5 MAIW22
1892 1043 2928 1122 Arthur Schnitzlers Gestalten und Probleme. Von
1943 1100 2918 1148 Josef Körner. Zürich=Leipzig=Wien 1921, Amalthea¬
1943 1130 2467 1191 Verlag. 266 S. M. 30,—
1969 1160 2920 1222 Knapp vor dem sechzigsten Geburtstage Arthur
1897 1204 2925 1262 Schnitz'ers gibt Körners Buch die erste systematische Über¬
1893 1240 2935 1304 sicht eines Wirkens, das jahrzehntelang im vordersten
1891 1286 2934 1333 Treffen des deutschen Schrifttums gestanden hat. In
1894 1323 2928 1378 zwölf Abschnitten sind mit wahrem Bienenfleiße sämtliche
1892 1364 2922 1419 Motive vorgeführt, aus denen Schnitzlers Menschen und
1894 1400 2930 1456 Situationen zusammengesetzt erscheinen. Der Betrachter
1884 1446 2921 1505 jübt sichtliche Zurückhaltung, setzt nur hie und da ein posi¬
1885 1469 2934 1523 tives Werturteil und läßt im allgemeinen einzig die Wärme
1887 1511 2936 1574 des Tones für sein Objekt sprechen. Dabei scheint es oft,
1881 1554 2923 1603 lals würde diese Liebe unbewußt verstärt von dem Gefühl,
1895 1602 2921 1639 daß hier eine dichterische Welt rettungslos der Vergangen¬
1893 1634 2915 1687 heit angehört. Würde Körner, der im Eingang eine nach
1890 1669 2919 1727 sorganischen Bedingungen forschende Literarhistorie schroff
1895 1706 2929 1761 zurückweist, sich tiefer mit dem Wesen österreichischer und
1893 1742 2936 1799 speziell wienerischer Lebens= und Dichtungsform beschäftigt
1899 1777 2934 1850 haben, es wäre ihm nicht unterlaufen, die Bedingungen
1900 1833 2923 1878 der jungwiener Literatur am Ausgang des 19. Jahrhunderts
1895 1851 2931 1932 aus innerpolitischen Zuständen abzuleiten. Die Konstruktion
1897 1906 2931 1963 eines „Vormärz mit liberalen Privilegien“ ist durchaus nicht
1897 1953 2921 2009 zu halten, denn das Wesen des österreichischen Vormärzes
1899 1988 2924 2047 ist eine geschlossene Volkseinheit, deren Lebensgefühl
1907 2004 2936 2080 klassenmäßig höchstens abschattiert, nicht aber zerspalten war.
1905 2062 2926 2122 Erst die nach 1848 einsetzende Zufuhr von fremdem Blut
1916 2108 2935 2151 und fremdem Intellekt bedingt das Aufkommen einer
1909 2147 2927 2191 liberalen Bourgeoisie, und die Reaktion des Antisemitismus
1905 2180 2928 2227 bedeutet nichts anderes als die österreichische Form des
1915 2217 2934 2272 sozialistischen Gedankens („den Sozialismus des dummen
1903 2250 2927 2312 Kerls“ nannte ihn ein wissender Österreicher). Vom Glück
1913 2296 2925 2346 und Ende der nach 1848 angelangten liberalen Bourgeoisie
1913 2340 2931 2382 müßte also ein Forscher ausgehen, um das Problem Schnitz¬
1912 2380 2928 2426 ler zu erkennen, vom Lebensgefühl eines in die Sinnen¬
1916 2422 2927 2463 landschaft des Kahlenberges geworfenen Intellektes, der in
1913 2456 2935 2502 der Dichtung die Verbindung beider antipodischer Kräfte
1908 2489 2933 2542 herzustellen sucht. Vermöge überragenden formalen Talen¬
1905 2531 2920 2581 tes wirkt das so Geschaffene, solange seine äußeren Lebens¬
1906 2579 2922 2625 zustände unverändert bleiben und die Gesellschaftsklasse,
1910 2596 2935 2671 der es entsprungen ist, sich am Leben erhält. Mit dem
1910 2670 2929 2730 Untergang der liberalen Bourgeoisie hat auch die Welt
1918 2723 2931 2770 Arthur Schnitzlers ihren Sinn verloren. Keine Brücke
1923 2759 2927 2812 führt von den Sentiments eines von allen Gütern über¬
1914 2799 2927 2845 sättigten Luxusdaseins zur Sehnsucht der verarmten, ver¬
1918 2844 2927 2890 prügelten Menschlichkeit von 1922. Die völlige Gegen¬
1911 2871 2927 2923 wartsfremdheit des äußeren und inneren Milieus von
1910 2915 2931 2965 Schnitzlers Dichtung konnte nicht schärfer und peinlicher ent¬
1897 2951 2933 2992 hüllt werden, als es durch Köxtiers minuziöse Aufzählung
1903 2992 2932 3035 all ihrer Bestandteile geschieht. Die Belanglosigkeit einer
1913 3026 2941 3077 Problematik, die unausgesetzt'forschte, was alles geschehen
1913 3073 2922 3118 könne, damit ein außerehelicher Beischlaf zustande käme,
1899 3112 2942 3155 und was alles nach einem solchen geschehen könne, die ganze
1904 3145 2941 3194 Leere dieser Liebelei und Todelei, die weder zu absoluter
1912 3195 2937 3232 Lust noch zur Ehrfurcht vor dem Sein jemals den Mut
1912 3227 2934 3281 ffand, ist in diesen Gestalten und Problemen zu einer wahr¬
1913 3260 2938 3315 haft erschreckenden danse macabre vereinigt. Dennoch
1915 3300 2933 3353 mußte dieses Buch geschrieben werden, von einer Seite,
1917 3343 2944 3391 die der Dichtung liebevoll gegenübersteht. Es gibt Sach¬
1918 3382 2949 3432 liches, zumeist in Zitaten und damit ein Kompendium des
1907 3422 2950 3469 Weltgefühls, dem ein Weltuntergang den Garaus gemacht
1916 3458 2944 3511 hat. Er hat auch in der Kunst reinen Tisch geschaffen und
1915 3493 2951 3544 zihre Empfänger geschieden in solche, die für ihr Geld
1926 3539 2942 3582 kitzelnde Stofflichkeit eintauschen wollen und solche, die über
1919 3578 2940 3625 sich selbst hinausgesteigert zu werden verlangen. Für jene
1912 3621 2947 3667 sist aus dem Zusammenbruch der Schnitzlerwelt der Reigen
1920 3654 2949 3695 gerettet; diese aber stehen einer leichtsinnigen Melancholie,
1920 3690 2912 3730 deren letzter Schluß — nach Körners eigenem Wort —
1917 3728 2951 3777 das: post coitum omne animal triste war, völlig fremd und
1912 3763 2949 3819 verständnislos gegenüber. Denn seit die armen Mensch¬
1916 3799 2951 3855 lein, die alles besaßen und darum auch den Luxus einer
1919 3845 2966 3890 Seele sich gönnen konnten, diese Seele unausgesetzt berochen,
1918 3873 2946 3933 beschmeckten und besprachen, hat sich die Welt so verkehrt,
1923 3927 2958 3971 daß beim Völser Weiher statt Hotels Kanonen standen und
1914 3957 2950 4024 die Jünglinge als erstes Erlebnis das Sterben erkannten,
1915 4000 2952 4050 aus diesem aber die brennende Sehnsucht nach einer Liebe,
1919 4035 2959 4099 die freilich ganz anders aussehen mußte, als der psychische
1916 4071 2825 4144 Erhibitionismus einer selbstverlorenen Gesellschaft.
2495 4101 2977 4180 Herbert Joh. Holz *
1945 4118 2114 4192 WWien
