3392 4320
1113 284 1552 378 box 39/3
246 304 957 395 goth Brthday
316 976 1295 1126 ADOLF SCHUSTERMANN
273 1078 1369 1206 ZEITUNGSNACHRICHTEN-BUREAU
436 1161 1199 1260 BERLIN SO. 16, RUNGESTR. 22-24.
331 1233 1386 1375 Zeitung: Leipziger Tageblatt
801 1322 1171 1389 (Abend-Ausgabe)
335 1383 928 1487 Adresse: Leipzig
1004 1406 1418 1534 1 MATHE
348 1517 612 1592 Natum
429 1587 1561 1698 Der sechzigjährige Schnitzler
606 1682 1679 1743 Deuksche und österreichische Schriftsteller haben sich im
517 1735 1680 1797 Maiheft von S. Fischers Neuer Rundschau“ vereinigt, um
544 1772 1674 1835 Arthur Schnitzler zu seinem sechzigsten Geburkstag am 15. Mai
521 1808 1679 1875 ihre Glückwünsche darzubringen. Wir geben aus der Fülle
411 1826 510 1901 3
514 1851 1609 1909 dieser Beiträge hier zwei anderen Wienern das Wort.
444 1902 1673 1962 Schnitzlers Theaterstücke sind vollkommene Theaterstücke, gebaut,
367 1937 1671 1991 um zu fesseln, zu beschäftigen, zu unterhalten, in geistreicher Weise zu
375 1983 1670 2046 überraschen, sie kun dem Augenblick genug und vermögen noch nach¬
368 2029 1679 2072 träglich das Gemüt und die Gedanken zu beschäftigen; ihre Handlung
360 2065 1676 2110 und ihr Dialog beschwingen einander wechselweise, die Charaktere sind
373 2110 1683 2163 vorzüglich erfunden, leben ihr eigenes Leben und dienen doch nur dem
373 2148 1676 2183 Ganzen. Wenn man diese Stücke auf der Bühne sieht, hat man das
365 2180 1675 2226 Gefühl: derjenige, der sie gemacht hat, ist auf den Breibern zu Hause und
369 2214 1553 2279 hat keinen anderen Ehrgeiz, als durch das Theater zu wirken.
444 2261 1670 2309 Schnitzlers Erzählungen sind lebendig, spannend; sie haben immer
371 2301 1680 2342 das nötige Dekail, aber nie zu viel davon, sie haben Psychologie, aber
369 2341 1675 2380 die Psychologie dient nur dazu, den Gang des Ganzen in einem reizenden
367 2381 1680 2420 Rhythmus bald zu verlangsamen, bald zu beschleunigen, sie stecken voll
370 2422 1673 2464 Beobachtung, aber auch die Beobachtung ist dem eigentlichen Reiz der
366 2463 1674 2503 Erzählung untergeoronet. Man hat das Gefühl, daß sie von einem
373 2494 1676 2537 Mann herrühren, dessen primäres Talent das Talent des Erzählens
365 2534 1676 2575 kurzer oder eigentlich mittellanger Erzählungen ist. In beiden Formen:
367 2576 1682 2617 Drama und Erzählung, ist er durchaus ein Künstler und war es vom
366 2613 1680 2670 erften Tage an. Es ist ein erstaunlicher Gedanke, daß die kleinen
373 2647 1674 2699 Szenen aus dem Leben einer erfundenen Figur „Anatol“, die heute aller
373 2695 1679 2742 Welt in Europa und über Europa hinaus geläufig ist, und eine in ihrer
374 2728 1676 2789 Art vollkommen reife und meisterhafte Erzählung „Reichtum das erste
371 2776 1288 2823 waren, womit er vor so vielen Jahren hervortrot.
454 2801 1674 2865 Ihm sind alle Instrumente zu Dienst, die das Handwerk einem er¬
368 2845 1684 2897 fahrenen und sehr nachdenklichen Künstler in die Hand gibt, um selbst
375 2889 1678 2947 den scheinbar unergiebigen Stoff ganz zu bezwingen und der Materie
377 2931 1681 2984 hren inneren Reichtum zu enklocken. Keines davon gebraucht er mit
371 2969 1685 3016 größerer und reizvollerer Virtuosität als die Ironie. Je kühner er diese
376 3008 1687 3054 inwendet, je mehr er seinen Stoff und seine Motive mit ihr in die
386 3043 1682 3095 Enge treibt, desto weiter erscheint paradoxerweise sein geistiger Horizont.
373 3086 1682 3136 So würde ich sagen, daß neben der „Liebelei“, die eine Arbeit von ganz
381 3132 1686 3182 einziger Art ist, einige seiner beinen Kunstwerke — Erzählungen
378 3157 1685 3209 oder Dramen — durch den Zauber der Ironie als die größten erscheinen.
378 3208 1684 3255 Ihnen allen wohnt nicht nur die Andeutung inne, daß der Schöpfer
381 3239 1676 3280 dieser kleinen Welten mehr von der Welt weiß, als er zu sagen vor¬
381 3283 1680 3333 hat — dies ist ein gewöhnlicher Reflex aller Ironie —, sondern auch
369 3320 1688 3364 dieses Besondere: man ahnt, er hätte noch mehr und vielleicht noch
372 3357 1687 3407 Stärkeres zu geben, als ihm bisher zu geben gefallen hat oder gestattet
384 3397 1692 3441 war. Unter diesen Umständen kann man nicht vom Alter eines solchen
386 3429 1685 3482 Menschen sprechen, denn es ist durchaus möglich, daß ein solcher von
378 3484 1691 3542 einem Teil seiner Kräfte noch niemals sichtbaren Gebrauch gemacht und
1693 1585 2996 1632 auch einen Teil seiner Jugend irgendwo zurückbehalten oder ver¬
1702 1632 1922 1691 borgen hat.
2311 1644 2960 1701 Hugo von Hofmannsthal.
1764 1680 2992 1735 Die Sbellung des repräsenkatiden oder von einer bestimmten Ge¬
1693 1730 2991 1777 sellschafts-, auch einer nationalen Schicht zur Repräsenkation erhobenen
1702 1771 2998 1824 Schriftstellers der letztverflossenen deeißig Jahre war und ist eine höchst
1692 1801 3010 1854 eigentümliche. Sofern er überhaupt eine geistige und moralische Wirkung
1694 1849 2951 1894 erzielen wollte, die nachhaltiger und eingreifender war als die des ie
1690 1883 3000 1932 weiligen einzelnen Produkts, mußte er auf das freie und alle nahe Be¬
1700 1925 3016 1965 ziehung scheinbar ausschaltende Spiel der Phankasie verzichten und seine
1699 1952 3004 2007 Figurenwelt dem Bedinglen und den Bedingnissen der Zeit ausliefern.
1686 1990 3016 2060 Um sich dann aber in Art und Charakter zu bewahren, bedurfte er eines
1691 2040 3020 2086 beständigen, sichtbaren Einsatzes von Persönlichkeit, einer Ueberbekonung
1691 2073 3009 2133 des parkeinehmenden Menschen fast, und diese Persönlichkeit stand hinter
1697 2116 2999 2161 dem Geschaffenen wie ein Baumeister, der, die Maße und Formen noch
1693 2161 2996 2216 in der Hand tragend, dem Bau nur mit seinen Augen glaubt, es aber
1692 2201 2998 2250 nicht wagt, ihn seiner wahren Bestimmung zu überlassen. Diese eigen¬
1693 2232 3001 2289 kümliche allgemeine Verfassung des Dichters hat natürlich ebenso eigen¬
1694 2271 3007 2327 tümliche Dichtergestaltenn. hervorgebracht, und eine der eigenkümlichsten
1695 2316 3001 2366 unter ihnen ist Arthur Schnitzler. Persönliches Gewicht und persönliche
1704 2357 2996 2406 Form treten reizvoll zutage, auch wo Verknüpfung und Gewalt zum
1698 2406 2998 2432 unpersönlich Welt-, Geschichts- und Zeithaften drängen; eine strenge
1703 2434 2996 2481 spröde Wahrhaftigkeit macht ihn mißtrauisch gegen die bildhafte Ueber¬
1706 2481 3004 2531 tragung, ja man könnte beinahe sagen, daß sie ihn mißtrauisch gegen die
1706 2516 2994 2562 Kunst und ihr verwirrendes Spiegelwesen überhaupk macht; eine
1704 2547 3005 2610 comanische, südliche, heitere Anmut des Geistes befähigt ihn, dieses Miß¬
1698 2590 2997 2637 trauen in eine Qualität zu verwandeln und ihm mit leichter Hand ironisch
1698 2630 3001 2673 schwebende Gebilde entgegenzusetzen. (Dies ist auch die Quelle der viel¬
1694 2669 2999 2715 fachen Mißverständnisse, denen er sein ganzes Leben hindurch preis¬
1697 2704 2996 2758 gegeben war.) Die Rätsel des sinnlichen und übersinnlichen Daseins
1702 2743 3007 2786 beunruhigen ihn quälend; doch während er diese unbefangen, sogar mit
1707 2784 2997 2838 Naivität in sich aufnimmt und sich halb skeptisch, halb philosophierend
1710 2824 2991 2866 der Bedrängnis zu entledigen sucht, wird er an jenen zum Kriliker der
1695 2862 2996 2911 Gesellschaft, verspäteter Enzyklolpädist, und imaginierk Beziehungen, die
1695 2903 3003 2957 die Konflikte darstellen wollen, ohne sie zu lösen. Da er sich weder zu
1705 2947 3004 2993 hassen noch zu lieben entscheidet, gab ihm die Nalur den Spokt und das
1702 2979 3000 3034 Verstehen, eine oft mütterliche Art von Verstehen. Da er viel zu fein¬
1701 3019 2999 3068 nervig und zu rücksichtsvoll ist, zu zertrümmern, sucht er gerecht zu
1699 3050 3010 3118 werden, ja gerecht zu sein. Wo er träumt, neigt er allsogleich zur psocho¬
1699 3098 2999 3151 logischen Utopie; wo er lächelt, beruft er sich schon über die Menschen
1697 3145 3000 3193 hinweg auf das Schicksal, und für seine Geschöpfe nimmt er alle Ver¬
1711 3173 3002 3228 antwortungen vorweg, um sie auf seiner, der Tradition entrissenen Wage
1710 3215 3000 3271 sorgfältig „und genau zu wägen. Eine sinnvolle und edle Bemühung,
1705 3259 3001 3319 eines Arztes der Seien und Erkenners der irdischen Dinge würdig;
1707 3308 2723 3363 und eine, die allerslos bleibt wie die Menschheit selbst.
2440 3314 2968 3398 Jakob Wassermann.
1780 3420 3003 3477 Der neue Leiter der Breslauer Opernbühne. Der Verwaltungsrat
1688 3458 3036 3527 der Breslauer Stadttheater G. m. b. H. hat als Leiter der Breslauer
2293 3517 2437 3598 R
1690 3583 3003 3666 Opernbühne den Intendanken des Stadttheaters in Saarbrücken und
1689 3621 2764 3692 Direktor des Stadttheaters in Trier, Tietjen, gewählt.
1771 3673 2998 3737 Theaierbrand in Paris. Ein Großfeuer zerstörte die gesamte
1704 3690 3005 3779 Bühneneinrichtung des Theakers Casino de Paris. Der Schaden
1696 3742 2357 3805 beträgt über eine Million Franken.
