3392 4320
1087 269 1557 366 box 39/3
696 277 778 348 h
232 289 994 394 6oth Biranday
773 974 928 1065 .4
640 1062 1613 1155 ADOLF SCHUSTERMANN
555 1145 1698 1246 ZEITUNGSNACHRICHTEN-BUREAU¬
708 1218 1517 1309 BERLIN SO. 16, RUNGESTR 22-24
638 1308 1471 1409 Zeitung. Münchener Post
641 1426 1259 1524 Adresse. München
643 1539 871 1636 Datum:
1628 1580 2877 1680 Freunden des neuen volkstümlichen Theaters dem Ewig¬
1641 1628 2868 1704 Menschlichen dieser feinen, meisterhaft ausgerundeten Ge¬
775 1629 1306 1729 (Artur Schnitzler.
1636 1676 2872 1760 staltungen, so sehr sie von Haus aus auf ein bestimmtes
607 1695 1462 1780 Zum 69. Geburtstag am 15. Mai 1922.
1652 1719 2691 1819 gesellschaftliches Niveau zugeschnitten sein mochten.
467 1750 1642 1827 Deutschland ist nicht so reich an kennzeichnenden dichte¬
1696 1765 2874 1844 Es ist etwas durchaus Allgemeines an Zeitgeist — ge¬
426 1808 1653 1871 rischen Gestaltern seiner Wesensart, daß wir den Gedenktag
1643 1798 2856 1887 wesen, müssen wir leider sagen —, was aus der Ironie und
430 1851 1648 1930 Artur Schnitzlers übergehen könnten im Hinblick
1658 1853 2851 1930 aus der Anmut, aus der oft. grausamen Sachlichkeit und
435 1882 1650 1970 auf sein Oesterreichertum. Ja gerade seine österreichische,
1652 1892 2861 1977 aus der Liebe von Schnitzlers dichterischer Eigenart auf sein
1995 1937 2052 1991 1
430 1940 1642 2015 spezifisch wienerische Bedingtheit ist es, vor der sich uns das
1653 1940 2856 2019 mitgehendes Publikum einwirkt. Er ist nicht in flügelmän¬
443 1974 1659 2055 Gefühl aufdrängt einer innigen, durch politisch=geographische
1649 1980 2862 2058 nischer oder gar monumentaler Art, nicht wie Dostojewski¬
437 2027 1655 2088 Grenzen unbeeinflußbaren Kulturgemeinschaft. Bei Licht be¬
1661 2029 2867 2111 sondern eher etwa wie Tschechow, einer von denen, die uns
439 2068 1657 2149 sehen und außerhalb der Zeithypnose, die dabei ist, uns nur
1661 2066 2870 2145 mißtrauisch machten gegen die großen pathetischen Wort¬
449 2104 1646 2194 noch aktivistisch bestrebte, willenhafte, ideenhafte Geistes¬
1663 2115 2871 2198 schwälle und uns dafür tiefer hineinhorchen lehrten ins
447 2161 1652 2239 richtungen als eigentlich, als mitzählend wahrnehmen zu las¬
1658 2167 2863 2233 eigene Ich und in die Welt, in die wir so innig verflochten
441 2198 1650 2273 en, ist dies wienerische Wesen sogar viel deutscher als das
1662 2206 2868 2278 sind, ohne sie je von etwas Grundsätzlichem, Pathetischem
437 2243 1654 2311 des fieberhaft fortschrittpulsierenden Berlin von 1890 bis
1664 2259 2234 2333 her beherrschen zu können.
445 2283 1658 2358 1913, Weimar und allem Besten, das wir je besessen haben,
1706 2275 2881 2372 Wer Schnitzler deshalb als zu skeptisch empfindet fürs
442 2306 1664 2400 verwandter, südlicher, europäischer zugleich bei aller Heimat¬
1656 2333 2874 2407 Volk, als zu wenig handfest, zu wenig eingeschworen auf
1669 2377 2878 2455 irgendeine weltanschauliche oder ethische Formel, — er ist
447 2400 636 2460 lichkeit.
494 2385 1659 2484 Schnitzler hat im Bühnenrahmen und in seinen Erzäh¬
1659 2418 2826 2502 dabei einer der gütigsten, der ärztlichesten Ethiker, die
439 2459 1669 2546 lungen Menschen geschaffen, eine Wirklichkeit des Seelischen
1660 2466 2872 2545 die Feder geführt haben, — der vergißt, daß die Zeit, die die
871 2518 948 2553 arm
446 2505 1664 2588 enthüllt, die es anderwärts nicht gibt, weder jenseits der
1670 2507 2872 2586 Leidenschaften gesteigert, die Nerven fein gemacht, die Seelen
454 2547 1672 2626 Alpen, noch in Paris, noch in London, und die gleichwohl
1673 2556 2873 2628 erst verwirrt und dann vertieft hat, über alle, nicht nur
456 2592 1673 2666 international verständlich bleibt, weil sie unmittelbar in die
1671 2601 2879 2680 über die Menschen einer bestimmten sozialen Schicht hin¬
459 2632 1665 2708 Bereiche einer Innerlichkeit führt, die in irgendeiner lokalen
1658 2645 2876 2730 gegangen ist, daß der problematische, komplizierte und in der
449 2676 1662 2757 Ausprägung jedem Kulturvolk früher oder später einmal zu¬
1675 2683 2884 2759 Ueberwindung dieser Lage nachdenklich, skeptisch gewordene
454 2720 1667 2805 wachsen muß, bei dem auf altem, gutem Boden moderne
1662 2731 2874 2817 Seelenzustand unter mancherlei gesellschaftlicher Garderobe
448 2769 1352 2856 Großstädte und moderne Nerven aufkamen.
1679 2777 2900 2843 zu finden ist, unter der teuren und unter der billigeren.
494 2782 1673 2872 Man darf Schnitzler also nicht für eine Spezialität halten,
1677 2806 2886 2889 Wäre dem nicht so, so hätte man den verständnisvollen Bei¬
458 2851 1673 2942 obwohl das ganze Wien um die Jahrhundertwende in seinem
1670 2863 2878 2939 fall eines Volksbühnenpublikums vor Schnitzlerschen Bühnen¬
457 2894 1669 2975 Lebenswerk enthalten ist. Am allerwenigsten aber ist er der
1673 2928 2158 2999 werken niemals erlebt.
461 2935 1680 3009 literarische Spezialist einer Gesellschaftsklasse, obwohl der
1712 2951 2888 3019 Die leeren Energetiker, die jetzt nach dem Zusammenbruch
462 2983 1675 3056 Schnitzlersche Mensch, so Mann als Weib, so wenig wie
1671 2999 2898 3070 ihrer leer energetischen Welt auch in Kunst und Dichtung
461 3014 1674 3095 irgendein anderer ohne ausgesprochen klassentypische Züge
1678 3037 2884 3116 nach befeuernden Parolen herumtappen, eben weil sie den
462 3052 1672 3137 gezeichnet werden konnte. Gerade die innigste Verbindung
1672 3080 2887 3158 modernen Deutschen törichterweise für viel unkomplizierter,
464 3090 1677 3192 des aktuellen, in einer ganz bestimmten Sphäre erlebten und
1683 3112 2894 3204 unskeptischer halten als er ist, finden in einer konstatierenden
462 3157 1684 3235 beobachteten Falles mit dem allgemein Menschlichen, all¬
1676 3174 2888 3248 Begabung von der Art Schnitzlers natürlich immer den Deka¬
461 3196 1685 3291 gemein Nacherlebbaren, dem intersozialen Element des Lebens
1679 3214 2882 3287 denten, verwechseln den Bestandsaufnehmer mit dem Tat¬
464 3244 1680 3317 macht ja den Reiz dieser eben deshalb in keine der herkömm¬
1674 3240 2896 3328 sachenbestand, den er protokolliert. Das war der letzte Sinn
460 3284 1688 3364 lichen Rubriken passenden Literatur aus, und so nähern sich
465 3303 2919 3418 heute mit erwachendem Verständnis viele Tausende von des sinnlosen Geplärrs gegen den in Schnitzlers Lebenswerkin
1686 3381 2905 3471 ziemlich beiläufigen „Reigen". Ist in der Welt, die der
1678 3419 2911 3504 Wiener Menschenkenner und Dichter, kein Humanist zwar,
1685 3464 2915 3559 aber ein Freund alles Menschlichen, vor uns aufstellte, auch
699 3413 1554 3583 Seut Grh
1692 3503 2913 3602 viel „fin de siecle“, vieles, was von den heute Jungen noch
1692 3550 2908 3633 auf Jahre hinaus gar nicht verstanden werden kann, so
1692 3591 2918 3683 wird doch das Beste Schnitzlers nicht an die Epoche gebunden
1687 3630 2910 3738 bleiben: Seine Feinfühligkeit, sein Wissen um die Seele,
1698 3679 2909 3781 seine Kultur, sein Wien sind trotz aller Krisen der Zeit
2720 3727 2870 3801 H. E.
1675 3753 2418 3847 unvergänglich, sind Weltwerte.
