3392 4480
1146 251 1617 366 box 39/3
271 261 1010 388 6oth Birthday
433 536 1169 687 Fleneburge. Nachrichte:
718 659 1080 758 MI
973 741 1023 785 ——
1062 781 1273 866 Mimer
1324 796 1483 864 B 60
689 799 1080 886 SE— Ri
721 842 978 900 Mharet.   Seren¬
1014 848 1138 909 2 3
1129 855 1265 919 K E
842 886 1018 930 Wl.
683 883 1136 960 S   — Mart  us 2
699 934 819 977 Werg
1152 934 1286 1004 Saurk
570 916 1252 1026 Se Sengann
455 963 527 1014 anne.
901 1001 1091 1071 F G  101
548 1004 931 1091 Sg #.
572 1061 835 1133 S .
1186 1054 1242 1125 *
827 1079 1287 1190 151A.
705 1118 777 1169 2110
1147 1146 1275 1187 sanaug ## #####
881 1154 1108 1229 a!
1116 1134 1262 1231 Fa
1001 1184 1097 1225 132 200
1166 1195 1234 1233 300
920 1181 1110 1269 nier sche.
1148 1210 1256 1265 Mne
1617 1206 2859 1282 Flensburg kurz vor dem Kriege mit Agnes Sorma als Gast
1159 1254 1207 1294 6570
830 1267 910 1321 22
1144 1269 1214 1341 955
1624 1273 1815 1340 gegeben.
774 1288 921 1366 n
1670 1344 2855 1427 Es mögen einige namhafte Vertreter der heutigen deutschen
1607 1405 2871 1478 Literatur über ihn urteilen. Im Maiheft der „Neuen Rund¬
449 1420 1604 1534 Schnitzlers sechzigster Geburtstag.
1630 1467 2573 1530 schau“ sprechen sie ihm ihre Glückwünsche aus.
831 1498 1213 1574 Von Anselmus.
1678 1487 2869 1578 Gerhart Hauptmann schreibt: „Artur Schnitzlers
1633 1545 2872 1619 warme und seine Begabung besitzt einen Zug, der in Deutsch¬
457 1551 1626 1619 Am fünfzehnten Mai wird Artur Schnitzler sechzig Jahre
1630 1591 2884 1659 land selten ist. Grazie. Es ist deutsche Grazle, keine#
402 1593 1626 1672 alt. Sein Name ist in der letzten Zeit durch die Reigen¬
1637 1636 2867 1699 französische. Seine Gestalten, sein Theater ist unaufdringlich,
407 1640 1625 1720 skandale nicht sehr rühmlich in, das Gedächtnis des Publikums
1630 1677 2872 1741 bis zur möglichen Grenze. Man wird diesen beshalb manch¬
400 1688 1640 1760 zurückgerufen worden. Dil Schätzung des Schriftstellers Schnitz¬
1638 1708 2871 1782 mal ein wenig blaß anmutenden Schriftsteller immer wieder
400 1733 1633 1823 ler leidet nicht darunter Man gewöhne sich nur, das Erschei¬
1642 1770 2865 1818 revidieren müssen, um die farbigen Reize und großen Schön¬
410 1779 1631 1848 nen des Reigens auf dep Bühne nicht als eine künstlerische
1630 1795 2866 1858 heiten seines Werkes nicht zu verlieren und für den deutschen
410 1822 1634 1884 sondern als eine rein geschäftliche Angelegenheit zu betrachten.
1639 1833 2875 1898 Dauerbesitz zu retten. Den Sinn für Schnitzler besitzen, heißt
413 1869 1628 1939 Die zehn Tialoge, die unter dem Namen „Der Reigen“ ver¬
1636 1871 2867 1940 Kultur besitzen, und sich von Schnitzler angezogen fühlen,
412 1908 1636 1976 einigt sind, erschienen 1903 als Privaldruck; ursprünglich hat
1645 1919 2860 1982 heißt die Kultur suchen. Es sollte viel mehr, als es geschieht.
412 1955 1630 2027 also der Verfasser das Werk nicht einmal dem allgemelnen
1641 1967 2200 2032 Schnitzler gespielt werben.“
1679 1981 2885 2069 Thomas Mann schreibt: „Ich bin der wiederkehren=
411 1998 1638 2068 Lesepublikum unterbreiten wollen, geschweige, daß er an eine
1641 2027 2871 2107 den Gelegenheit froh, Artur Schnitzler meiner alten und
412 2037 1639 2112 Aufführung gedacht hätte. Unter dem Druck der materiellen
1637 2090 2861 2145 immer neuen Bewunderung zu versichern. Die Stunden,
410 2084 1640 2155 deutsch=österreichischen Not hat er das verjährte Werk zur
1639 2110 2872 2184 ich wiederhole es, die ich im Theater oder zu Hause im Lese¬
416 2133 1640 2195 Aufführung hergegeben; bei der Zusammensetzung und dem
1639 2149 2862 2229 stuhl mit der Anschauung seiner Werke verbrachte, waren solche
413 2178 1638 2234 Geschmack des heutigen großstädtischen Theaterpublikums
1647 2193 2868 2269 künstlerischer Geborgenheit, unzweiselhaftesten Vergnügens,
414 2221 1639 2278 versprach es einen großen Kassenerfolg, und es hat ihn ge¬
1641 2239 2852 2310 glücklich erhöhten Lebensgefühls. Vollendet österreichisch, ist
402 2261 1648 2340 bracht. Der Erfolg war für den Verfasser vielfach, weil
1651 2278 2872 2348 er heute für jene seelische Sphäre in eine ähnlich repräsen=
414 2309 1641 2394 Deutschland für Oesterreich valutastarkes Ausland ist. Man
1640 2318 2863 2385 tative Stellung hineingewachsen, wie etwa Hauptmann für
406 2360 1642 2442 kann eine ganze Reihe deutscher Künstler aufzählen, die nie¬
1647 2371 2868 2425 das Reich. Seine Schöpfungen besitzen allen Schmelz, alle
1644 2397 2871 2464 Geschmackskultur, alle Liebenswürdigkeiten des Oesterreicher¬
413 2397 1647 2462 mals auf solche Weise ihre Geldnot in Geldüberfluß verwan¬
1645 2426 2873 2508 tums; aber als ihr besonderes Charakteristikum erscheint mir?
408 2434 1648 2516 delt haben würden, auch wenn sie es leicht hätten tun können,
1652 2476 2873 2545 eine gewisse Lebensstrenge, die weh tut — und die wohl
418 2481 1654 2553 die ihre Nahrungssorgen als Schicksal getragen haben, die
1643 2519 2885 2581 eigentlich nicht österreichisch ist. Hofmannsthal ist traumhaft
410 2531 1643 2595 daran zugrunde gegangen sind. Der Künstler, der das tut,
1645 2555 2878 2627 intensiv, aber er hat nicht dies, und auch Altenberg hat es
420 2577 1659 2653 kann nicht anders. Man darf einen solchen Künstler nie
2530 2587 2888 2663 — das Unem¬
1653 2606 2547 2676 nicht. Es mag vom Aerztlichen herrühren,
423 2618 1657 2688 zwingen wollen, bequeme Erwerbs= oder Gewinnmög¬
1649 2647 2150 2721 pfindliche, Unerbittliche.“
421 2666 1651 2740 lichkeiten auszunützen, wenn sich sein Wesen dagegen sträubt
1691 2664 2890 2750 Hermann Bahr faßt seinen Glückwunsch in folgender
421 2709 1648 2784 oder er überhaupt keinen Erwerbssinn hat; aber ebensowenig
1650 2721 2871 2790 Worte: „Was meinst Tu, lieber Artur, wie viel wird ind
424 2752 1652 2813 kann man den idealen Verzicht auf eine so gute Verdienst¬
428 2753 2899 2870 möglichkeit ##rdern, wie sie Schnitzler durch die Auf=jbundert Jahren von Dir noch am Leben sein? und wie vield
426 2794 2883 2912 führung des Reigens geboten wurde. Das ist eine Privat=svon mir? Wie viel von uns allen? Du fragst vielleicht, b#
1650 2835 2892 2914 ich Dich das grad an Deinem sechzigsten Geburtstag fragen
1648 2879 2871 2946 muß, aber kannst Du Dich erinnern, daß ich je schicklich war?
427 2869 1665 2975 sache, und des Künstlers Privatleben geht niemand etwas an.
1656 2911 2886 2990 Und Tu wirst auch gleich sehen. Du kommst bei meinen
483 2929 1658 3001 Freilich: der Geist, der sich in gar zu unbekümmerter Frei¬
1651 2970 2512 3047 Frage weit besser weg, als Du vermutest.
427 2974 1644 3039 heit im „Reigen“ offenbart, weht uns aus den allermeisten
1698 2978 2879 3063 Was wird denn in hundert Jahren überhaupt sein, dorts
423 3016 1658 3076 Werken des Wiener Dichters entgegen, aus den dramatischen,
1662 3028 2920 3110 wo wir jetzt sind, wo vor einiger Zelt noch unser altes
429 3065 1654 3140 wie aus den erzählenden. Sie schildern durchweg das Liebes¬
1657 3069 2890 3145 Oesterreich war? Nun. ich vermnte: da wird in hundert
435 3105 1656 3179 leben gewisser Wiener Kreise und geben damit ein charalte¬
1657 3118 2891 3193 Jahren wieder jenes Oesterreich sein, wenn auch vielleicht
426 3164 1668 3226 ristisches Teilbild vom verfallenden Oesterreich. Schon das
432 3155 2885 3272 Erstlingswerk „Anatol“, das 1893 erschien und ebenfalls auz ein bischen anders, ein bischen verrückt, nämlich mehr nach
427 3230 2884 3314 einer Reihe von Dialogen besteht wie der Reigen, ist eine Osten, vielleicht auch unter einer anderen Firma, wahrschein¬
435 3240 2893 3362 Mischung leichtfertiger Erotik, scharser Beobachtung und au= lich unter einem anderen Namen, ich denke, daß es Böhmen
1645 3265 2896 3353 heißen wird, den heillgen Benes wird es als Erzvater ver¬
429 3356 2889 3416 mutiger Darstellung. Damit ist Schnitzlers Art gekenn=sehren, und dieses neu betitelte Reich, als Eckfenster Europts
432 3401 2818 3445 zeichnet. Gelstvoll ist er immer, aber auf die Länge doch auch wieder für die Länder des Abendlandes genau so wichtig,
427 3394 2895 3494 etwas ermüdend. Sein Schauspiel „Ziebelei“ wurde ## heimnisvoll und unnerständlich, wie &# unter dem alten
1944 3446 1991 3481 —
2604 3467 2839 3542 Fansha L
1537 3508 2813 3596 Namen war, wird nun, gerade weil es auf seine neue Form
1537 3566 2810 3626 sehr stolz sein wird, das Bedürfnis aller neuen Formen
1574 3601 2795 3650 haben: sich mit Ahnen zu versehen und sich möglichst weit zu¬
1574 3645 2798 3708 rückzudatieren; es wird leidenschaftlich historisch gesinnt sein.
1575 3681 2793 3724 Und in seiner Urgeschichte wird das letzte Kapitel, bevor das
1574 3719 2798 3795 Erwachen der Menschheit beginnt, ja von uns handeln: denk
1566 3763 2793 3828 Dir, wie ungeheuer interessant wir dann sein werden, als
1558 3801 2806 3875 die letzten Stammväter, um die gleichsam der Urwald noch
1567 3843 2800 3907 rauscht! Und wenn man dann die Sitten, Denkweisen,
1567 3879 2797 3946 Lebensarten des sanften Abenbrots, in dem das Oesterreich
1560 3904 2802 3987 der Vorwelt verglomm, durchforscht haben wird, wird man
1567 3960 2090 4019 sich an den Kü###tler hal:
2073 3958 2802 4038 ##t jenes Abendrot von 1890 bis
1553 3989 1947 4061 1920 am reinsten
2004 4002 2810 4076 #iee scheint. Und der, lieber Artur,
1544 4020 1806 4101 bist Du!“
