3392 4352
2051 158 2288 261 —.
254 255 1574 391 6oth Birthday box 39/3
885 895 2203 995 Der sechzigjährige Arthur Schnitzler
1340 973 1760 1067 Zum 15. Mai
1121 1044 1952 1153 von Ludwig Hirschfeld, Wien
1299 1127 1791 1227 mit einem Bildnis
638 1195 2750 1314 EBER jeden anderen österreichischen einem Wort: ich empfinde ihn gar nicht als den Typus
1560 1283 2744 1341 des weltberühmten großen Dichters, zu dem man an¬
666 1301 1553 1353 Zeitgenossen möchte ich lieber eine Ge¬
1569 1317 2754 1388 dächtig aufblicken muß, sondern als einen seltenen,
669 1330 1560 1407 burtstagsbetrachtung schreiben. Weil
1567 1369 2765 1435 wunderbaren und liebenswerten Menschen, und auch
667 1379 1561 1459 die andern bedeutender, interessanter,
1562 1413 2751 1486 aus seinem Werk spricht vor allem das Menschliche zu
674 1444 1550 1511 charakteristischer sind? Keine Spur; ich
1573 1474 2749 1541 mir. Vielleicht gelingt es mir auf die Art den Geburts¬
680 1481 1556 1555 wüßte nicht einen unter den österreichi¬
1563 1526 2084 1607 tagsspruch aufzusagen.
663 1535 1562 1606 schen Zeitgenossen zu nennen, der
663 1593 1564 1662 geistig und künstlerisch so bedeutend
381 1575 475 1675 K
666 1632 1551 1707 und interessant, der für seine Zeit so
1633 1636 2757 1728 Schnitzler hat es mir einmal selbst gesagt, daß er
353 1684 1568 1743 charakteristisch ist wie Arthur Schnitzler. Oder fällt
1562 1706 2764 1789 schon als neunjähriger Knabe zu „dichten“ angefangen
363 1730 1565 1801 mir dieser Geburtstagsaufsatz deshalb so schwer, weil
1574 1750 2775 1831 hat: Theaterstücke, natürlich auch eine Römertragödie,
358 1776 1565 1847 ich nicht genügend Verehrung und Bewunderung für
1566 1812 2767 1884 Komödien-, Possen- und sogar Operettenversuche.
368 1817 1552 1907 ihn aufzubringen vermag? Auch das trifft nicht zu;
1570 1858 2763 1923 Dann kam die Jünglingszeit der Verliebtheit und der
364 1876 1557 1963 wenn ich in meinem respektlosen Gemüt für einen
1567 1909 2774 1976 lyrischen Gedichte. Sie waren in der Form sehr hübsch,
365 1923 1567 1998 meiner berühmten literarischen Landsleute überhaupt
1577 1958 2750 2024 teils ironisch, teils empfindsam, aber nicht von Schnitz¬
372 1979 1571 2041 tiefersitzende Verehrung empfinden kann, so ist es
1562 2004 2775 2074 ler. In seiner frühzeitig kritischen und vorsichtigen Art
369 2020 1563 2094 Schnitzler in seiner ganzen Art und Erscheinung als
1568 2052 2775 2123 hat er das meiste davon liegen lassen. Einige erschie¬
366 2078 1557 2149 Dichter und Mensch. Der Aufsatz fällt mir wahrschein¬
1573 2113 2765 2173 nen in der „Schönen blauen Donau“, der belletristischen
355 2123 1562 2195 lich nur deshalb so schwer, weil er für den 60. Ge¬
1566 2156 2771 2239 Sonntagsbeilage einer längst eingegangenen Wiener
366 2165 1559 2255 burtstag bestimmt ist und weil mir gerade bei Schnitz¬
1574 2216 2764 2271 Tageszeitung, wo er auch allerlei Skizzen und Novellet¬
372 2218 1560 2295 ler diese konventionelle Ehrung und Würdigung aus
1563 2245 2765 2316 ten veröffentlichte, von denen er später nur eine,
363 2273 1559 2355 Anlaß einer runden Lebensziffer so wenig passend er¬
1578 2305 2774 2374 „Blumen“, in seine gesammelten Werke aufgenommen
374 2318 1556 2399 scheint. Denn da stellen sich doch gewisse Klischee¬
1570 2352 2763 2422 hat. Sich der Literatur berufsmäßig zu widmen, daran
368 2381 1569 2438 wendungen ganz von selbst ein. Ich muß unbedingt
1581 2417 2762 2462 dachte Schnitzler damals nicht. Er wurde Doktor der
364 2420 1569 2504 sagen, daß Arthur Schnitzler am 15. Mai 1862 als Sohn
1575 2448 2766 2515 Medizin, Assistent seines Vaters, schrieb Fachaufsätze
366 2479 1559 2532 eines berühmten Laryngologen in Wien geboren wurde,
1579 2496 2764 2561 für medizinische Zeitschriften und praktizierte eine
366 2515 1562 2598 daß er selbst Arzt war und es auch in seinen Werken
1570 2535 2776 2631 Zeitlang. Außerdem soll er damals eine Art Lebemann
376 2575 1578 2651 immer geblieben ist. Ich muß seine Werke samt den
1581 2594 2769 2679 gewesen sein, der auf seine nach Pariser Muster stili¬
376 2619 1572 2701 dazugehörigen Jahreszahlen aufzählen und feststellen,
1580 2646 2767 2717 sierte Erscheinung, die blonde Locke, den spitzen Voll¬
371 2665 1565 2738 welche die bedeutendsten und verbreitetsten sind.
1580 2687 2775 2762 bart, die breite schwarze Plastronkrawatte viel Sorg¬
366 2710 1564 2787 Ferner werde ich nicht umhin können, vom süßen
1577 2739 2776 2818 falt verwendete. Damals: das war Anfang der neun¬
365 2759 1569 2818 Mädel zu sprechen, von der Anmut des österreichischen
1578 2788 2773 2855 ziger Jahre, als sich um den aus Paris und Berlin zu¬
372 2818 1570 2888 Barock, vom Wienerwald und vom Wiener Cottage.
1580 2826 2775 2915 rückgekehrten Hermann Bahr eine neue Literaturgruppe
366 2861 1572 2936 Das alles ist so richtig und zutreffend, daß es bald nicht
1580 2887 2784 2958 bildete: das junge Wien. Es war eine liebenswürdige
367 2903 1585 2985 mehr wahr sein wird. Ja, um Gottes willen, kann man
1585 2939 2769 3007 Ausgabe des Berliner Naturalismus, eine geistige Re¬
378 2961 1574 3036 denn einen großen Dichter wirklich nicht anders ehren,
1586 2996 2776 3055 volution, die sich hauptsächlich im Café Griensteidl aus¬
368 3023 1569 3088 als durch das gewissenhafte Winden eines Phrasen¬
1586 3028 2776 3106 lebte. Die erste bemerkenswerte Frucht dieser Be¬
379 3055 1576 3124 straußes? Man kann schon, aber es ist sehr schwer.
1580 3088 2790 3158 wegung war Schnitzlers „Anatol“ eine. Reihe von
376 3104 1569 3174 Besonders an Geburtstagen von sechzig aufwärts. Da
1582 3129 2781 3200 etwas ungleichwertigen Dialogeinaktern, in der Form
374 3153 1576 3228 wird jede solche Betrachtung meistens zu einem Ne¬
1588 3180 2778 3256 noch merklich von den Franzosen beeinflußt, aber im
381 3208 1571 3270 krolog für einen Lebendigen. Überhaupt scheint mir
1587 3232 2777 3299 Gefühl, in der Anschauung und Sprache auf einen ganz
377 3239 1578 3320 Schnitzler, der die Aufmerksamkeit der Offentlichkeit
1584 3281 2777 3352 neuen Wiener Ton gestimmt. War Herr Anatol, der
383 3306 1576 3374 immer nur mit seinen Werken, nie mit seiner Person.
1583 3329 2787 3392 leichtsinnige Melancholiker, der nachdenkliche Lebe¬
381 3354 1572 3436 seiner Biographie in Anspruch genommen hat, das un¬
1576 3378 2783 3446 mann, der ironisch empfindsame Held von Separées
385 3400 1572 3479 geeignetste Objekt für derlei Ehrungen und Würdigun¬
1579 3425 2789 3497 und Garçonwohnungen wirklich der junge Wiener von
375 3446 1587 3542 gen zu sein. Er ist mir dazu viel zu lebendig, zu echt.
1580 3480 2790 3560 1890? Vielleicht ist gerade umgekehrt erst durch ihn in
383 3497 1581 3579 zu einfach und natürlich, zu menschlich vornehm. Mit
439 3616 2751 3798 Galerie Arnold: Kunst-Ausstellung
1252 3756 1911 3858 Schloßstraße 34
1469 3813 2759 3909 : Französische Graphik: Daumler, Manet. Lautrec
405 3836 1463 3945 I Februar 1922: Franz Dreber, geb. 1822
