3392 4480
208 298 1543 397 6oth Birthday box 39/3
910 1337 1521 1464 Lgesane Auseiger
888 1436 1344 1615 1e 11192
1664 1693 2577 1762 verlogen vorgibt. Wer sich aber nicht schmeichelt.
793 1719 1602 1807 Zum 60. Geburtstag von
1670 1733 2585 1791 den kommenden Generationen solche Qualen
1667 1771 2587 1834 bereitet zu haben, wovon soll er sich Nachruhm
957 1783 1483 1881 Arthur Schnitzler
1668 1813 2607 1866 erhossen? Warum soll in hundert Jahren
1671 1853 2601 1913 jemand uns lesen? Was wird denn in hundert
1121 1863 1346 1929 15. Mai
1671 1888 2593 1956 Jahren überhaupt sein, dort, wo wir jetzt sind.
810 1907 1675 1976 Eine Reihe der besten deutschen Dichter ver¬
1671 1925 2589 1983 wo vor einiger Zeit noch unser altes Österreich
757 1949 2590 2006 einigen sich im Maihefte der Neuen Rundschau war? Nun, ich vermute: da wird in hundert
758 1992 2588 2051 zu Glückwünschen für Arthur Schnitzler. Ger= Jahren wieder jenes Österreich sein, wenn auch
753 2041 1480 2098 hart Hauptmann schreibt:
1472 2042 1680 2094 „Arthur
1679 2046 2594 2106 vielleicht ein bißchen anders, ein bißchen ver¬
762 2084 1679 2125 Schnitzlers warme und seine Begabung besitzt
1678 2073 2587 2135 rückt, nämlich mehr nach Osten, vielleicht auch
755 2118 1675 2167 einen Zug, der in Deutschland selten ist: Grazie.
1689 2111 2600 2180 unter einer anderen Firma. Und dieses neu
763 2160 1678 2201 Es ist deutsche Grazie, keine französische. Seine
1683 2150 2596 2218 betitelte Reich, als Eckfenster Eucopas, wieder
756 2193 1671 2245 Gestalten, sein Theater ist unaufdringlich bis
1689 2199 2598 2263 für die Länder des Abendlandes genau sof
755 2231 1681 2287 zur möglichen Grenze. Man wird diesen des¬
1691 2225 2598 2298 wichtig, geheimnisvoll und unverständlich, wie
763 2276 1671 2324 halb manchmal ein wenig blaß anmutenden
1693 2265 2598 2336 es unter dem alten Namen war, wird nun,
762 2314 1682 2366 Schriftsteller immer wieder revidieren müssen,
1690 2310 2606 2375 gerade weil es auf seine neue Form sehr stolz#
760 2350 1684 2390 um die farbigen Reize und großen Schönheiten
1698 2350 2607 2410 sein wird, das Bedürfnis aller neuen Formen#
763 2392 1683 2437 seines Werkes nicht zu verlieren und für den
1684 2372 2604 2457 haben: sich mit Ahnen zu versehen und sich
751 2421 1682 2470 deutschen Dauerbesitz zu retten. Den Sinn für
1699 2427 2613 2486 möglichst weit zurückzudatieren; es wird
764 2475 1679 2513 Schnitzler besitzen, heißt Kultur besizen, und
1688 2449 2604 2528 leidenschaftlich historisch gesinnt sein. Und in
757 2505 1681 2555 sich von Schnitzler angezogen fühlen, heißt die
1693 2496 2627 2572 seiner Urgeschichte wird das letzte Kapitel, be¬ B
762 2538 1686 2608 Kultur suchen. Es sollte viel mehr, als es ge¬
1699 2537 2614 2602 vor das Erwachen der Menschheit beginnt, ja“
759 2580 1683 2627 schieht, Schnitzler gespielt werden.“ Thomas
1699 2564 2610 2639 von uns handeln: Denk Dir, wie ungeheuer?
763 2615 1687 2665 Mann schreibt: „Ich bin der wiederkehrenden
1697 2611 2617 2679 interessant wir dann sein werden als die letzten
760 2659 1684 2704 Gelegenheit froh, Arthur Schnitzler meiner
1698 2655 2609 2720 Stammpäter, um die gleichsam der Urwald noch
762 2698 1680 2750 alten und immer neuen Bewunderung zu ver¬
1708 2692 2619 2753 rauscht! Und wenn man dann die Sitten,
751 2742 1687 2785 sichern. Die Stunden, ich wiederhole es, die
1692 2726 2617 2794 Denkweisen, Lebensarten des sanften Abend¬
758 2774 1684 2819 ich im Theater oder zu Hause im Lesestuhl mit
1705 2761 2620 2836 rotes, in dem das Österreich der Vorwelt ver¬
753 2808 1684 2853 der Anschauung seiner Werke verbrachte, wvaren
1703 2797 2625 2883 glomm, durchforscht haben wird, wird man sich“
762 2851 1686 2908 solche künstlerischer Geborgenheit, unzweifel¬
1705 2832 2623 2909 an den Künstler halten, der jenes Abendrot
760 2878 1693 2938 haftesten Vergnügens, glücklich erhöhten
1701 2883 2620 2951 von 1890 bis 1920 am reinsten zu spiegeln
755 2919 1688 2982 Levensgesühls. Vollendet österreichisch, ist er
1706 2923 2594 3002 scheint. Und der, lieber Arthur, bist Du!“.
756 2962 1698 3014 heute für jene feelische Sphäre in eine ähnlich
757 3000 1686 3050 repräsentative Stellung hineingewachsen, wie
755 3043 1689 3097 etwa Hauptmann für das Reich.“ Hermann
758 3076 1698 3130 Bahrs Glückwunsch lautet: „Was meinst Du,
756 3116 1692 3162 lieber Arthur, wieviel wird in hundert Jahren
763 3158 1697 3204 von Dir noch am Leben sein? Und wieviel¬
763 3188 1699 3250 von mir? Wieviel von uns allen? Du fragst
757 3244 1700 3283 vielleicht, ob ich Dich das grad an Deinem
754 3271 1699 3318 sechzigsten Geburtstag fragen muß; aber kannst
755 3314 1691 3358 Du Dich erinnern, daß ich je schicklich war?
754 3339 1707 3402 Und Du wirst auch gleich sehen, Du kommst bei
765 3376 1700 3444 meiner Frage weit besser weg, als Du ver¬
765 3417 1696 3476 mutest; ich fürchte, besser als irgendeiner sonst
764 3465 1700 3513 von uns! Es sieht Dir ja nicht gleich, an¬
764 3506 1704 3552 zunehmen, daß Du zeitlose Werke geschaffen
759 3540 1699 3594 hast, ewige, wie man die nennt, mit denen nach
756 3578 1699 3634 Jahrhunderten noch die Schuljugend so geplagt
770 3627 1704 3672 wird, daß auch der Erwachsene, wenn er den
756 3652 1692 3723 Namen hört, im ersten Schreck sie zu kennen
