3392 4480
1080 250 1509 335 box 39/3
221 263 905 371 6oth Birthdar
225 1421 1323 1476 )( Arthur Schnitzler, der Dichter der müden, überreiten
160 1460 1304 1515 Jugend, der ##Tragik des Alterns, den „einsamen Weg“
163 1499 1314 1558 #s Leere, ins Nichts geschildert. rundet nun auch sein 6. Jahr¬
157 1533 1322 1595 zehnt. Der unbesthittene Führer der „Wiener Schule“ dieser
163 1564 1330 1632 Klassiker des Impressionismus, steht heute, in den Tagen des
162 1607 1323 1664 „sterbenden Wien“ des fieghaften Expressionismus, fremd in
159 1648 1329 1709 einer ihm fremden Welt. Er spielt noch die alten Melodien, die
159 1709 1352 1760 melancholischen Klänge eines raschen Lebensgenusses, einer #
166 1747 365 1787 — —
163 1808 1320 1883 bitieren Seligkeit, aber sie tönen etwas leer, leise, wie fern ver¬
162 1868 1311 1927 weht. Schnitzler ist an seinem 60. Geburtstag schon historisch
173 1911 1325 1969 geworden, Vertreter einer abgeschlossenen Epoche, Meister eines
177 1945 1324 2002 vollendeten Stils. In Schnitzler findet uralte Wiener Tradition
173 1976 1325 2046 ihre letzte Verfeinerung, ihren vollen Ausklang. Aus seinem
176 2026 1323 2083 Wienertum heraus wurde der Dichter zu dem bezeichneedsten
173 2063 1324 2111 Vertreter des Impressionismus. Seine beiden ersten bedeuten¬
173 2098 1323 2167 deren Arbeiten, der Einakterzyllus „Anatol“ und die Novelle
178 2161 1329 2202 „Sterben“, drängen bereits in einzelne Augenblicke ganze Welten
170 2189 1327 2249 des Erlebens. Die Wirrungen und Wandlungen der Seele, die
172 2214 1326 2273 „ein weites Land“ ist, beschäftigen Schnitzler hauptsächlich, der
177 2240 1337 2318 als Arzt ein scharfer Beobachter ist und sich mit Psychologie nicht
186 2293 1323 2355 nur als Künstler, sondern auch als Gelehrter beschäftigt hat.
176 2335 1328 2380 Schnitzler ist in seinen Dichtungen von verhältnismäßig ein¬
185 2359 1336 2432 fachen Gefühlen, auf denen sich sein bekanntestes Drama „Liebe¬
177 2411 1329 2466 lei“ aufbaute, zu immer komplizierieren seelischen Beziehungen
181 2449 1338 2516 fortgeschritten. Sein Höchstes leistet er in kleinen Werken, in
176 2488 1375 2572 manchen Einaktern, in einzelnen Akten, in subtilen Details¬
205 2705 943 2845 zanberediker
231 2879 731 2995 O
555 2946 862 3054 SE
685 3106 1114 3188 14 MAlleZe
674 3300 952 3370 Zeitschriften.
195 3359 1420 3441 Arthur Schniclerheft der „Modernen Weli.“ Zum
208 3430 1423 3472 60. Geburtstag des kepräsentativen österreichischen Dichters läßt die von
210 3455 1435 3511 Ludwig Hirschfeld geleitete illustrierte Monatsschrift „Moderne Welt“ ein
205 3501 1442 3551 literarisch und künstlerisch wertvolles und besonders reichhaltiges Heft
218 3543 1437 3592 Arthur Schnitzlerheft (Nr. 12 des 3. Jahrganges) erscheinen. Die
213 3582 1437 3628 Persönlichkeit, die Entwicklung und die Werke des Dichters, seine Be¬
203 3618 1425 3665 deutung für das Wiener Theater, seine Geltung im Auslande werden
203 3664 1437 3712 in dem Hefte eingehend gewürdigt. Eingeleitet wird es durch einen
210 3690 1432 3750 „Brief an Arthur Schnitzler“ von Hermann Bahr. Raoul Auernheimer
207 3736 1437 3788 zeigt in einem Essay die Wirkung von Schnitzlers dramatischem Schaffen
210 3771 1428 3827 auf das Wiener Theater. Von österreichischen Zeitgenossen des Dichters
214 3806 1433 3867 äußern sich Prof. A. Bettelheim, Josef Jarno, Max Mell, Roda Roda,
217 3862 1431 3909 Felir Salten, Anton Wildgans und Stefan Zweig über ihre geistigen und
215 3893 1452 3949 persönlichen Beziehungen zu Schnitzler. Verlag der „Modernen Welt“:
215 3936 708 4002 Wien, III. Paracelsusgasse 9.
2263 895 2675 993 Anche 797
1829 926 2390 1038 MIGeTEE
1698 1014 2922 1084 #e  Seusnnm s   M □ LFEE RaNuE
1649 1066 2844 1147 nenidonamdndusbänsde s hanl dei ##ete
1635 1120 2821 1205 90 neresdaelig iun oie natsalallades
1665 1187 2917 1249 Suumn
1790 1248 2666 1340 rech ebusldesiged regs. #e#a0r
2244 1306 2933 1430 S
1987 1347 2136 1429 #
1674 1372 2757 1497 Sns ne vorebr
2823 1440 2930 1513 #un¬
1991 1456 2714 1573 er Re P MATS
1770 1548 2198 1640 sgillid mrrond
2322 1540 2775 1637 Stsguk gibaste
1660 1623 2742 1697 ####e dued) fezier 1uesfenrei do
1707 1698 2907 1756 „
1768 3274 2850 3326 Arthur Schnitzler, der hervorragende Wiener Dramatiker
1763 3312 2864 3391 Liebelei“, „Anatol“, „Reigen“), der seinen 60. Geburtstag
2237 3369 2374 3426 feiert.
2146 3405 2475 3476 Phet. Franz Löw.
