3344 4320
220 332 982 449 6oth Birthdar
168 1147 349 1238 M
913 1150 1052 1254 4
145 1232 359 1319 A3U:
415 1201 907 1361 Ml. KA
159 1364 928 1518 Mieletel,
399 1593 921 1688 79 1. 41
444 1815 1114 1877 1921. Bielefeld wird als Stadt benannt.
227 1795 434 1880 ebentlage
451 1851 881 1906 1816. Maler Rethel geb.
432 1879 1117 1941 1915. Hofschauspielr August Junkermann,
261 1860 426 1948 15.
543 1919 1089 1971 ein Sohn der Stadt Bielefeld, 1.
278 1933 405 1984 Mai
414 2012 969 2099 Arthur Schnitzler.
209 2074 1149 2157 „Zum 60. Geburtstag des Dichters am 15. Mai.
639 2139 761 2196 Bon
466 2166 955 2241 Dr. Paul Neuburger.
253 2208 1158 2298 Astlur Schnitzlers Bild im Bewußtsein der
225 2275 1153 2329 Oeffentlichkeit zeigt eine leichte Verzerrung.
225 2314 1149 2356 Nicht etwa wegen des Skandals um den
222 2350 1146 2412 „Reigen“, ein Werk, das im Gesamtschaffen des
234 2387 1158 2445 Dichters nicht genug bedeutet. Betrifft doch
239 2433 1155 2477 der Streit um diese Szenen nur die Frage
229 2470 1161 2516 ihrer öffentlichen Aufführung, und es dürfte
233 2505 1162 2553 kaum notwendig sein, sich bei denjenigen auf¬
236 2544 1160 2601 zuhalten, die durch daraus entstandene Stim¬
228 2574 1163 2629 mungen und Verstimmungen ihr Urteil über
232 2618 1161 2668 den Dichte beeinflussen lassen. Vielmehr
235 2662 1157 2717 handelt es sich darum, daß die Persönlichkeit
240 2700 1164 2746 Schnitzlers, wie sie sich dem großen Publikum
231 2742 1165 2796 darstellt, über Gebühr durch seine frühen
234 2779 1165 2833 Werke bestimmt erscheint. Diese ersten Stücke,
228 2815 1159 2867 vor allem die Anatolszenen und „Liebelei“,
244 2857 1157 2904 sind seine großen, immer wieder auflevenden
238 2894 1167 2941 Bühnenerfolge gewesen. Hier und in andern
231 2933 1160 2987 Jugendwerken, wie dem „Freiwild“ und dem
235 2978 1161 3024 wenig geglückten und wenig erfolgreichen
239 3007 1158 3067 „Märchen“, gibt den Stoff das Liebeslehen
286 3059 1166 3104 wenn man es so nennen will — des wohl¬
238 3091 1162 3145 habenden, von einem Beruf kaum oder gar
240 3129 1166 3188 nicht in Anspruch genommenen Mannes, die
249 3164 1158 3211 Stimmung eine unablösbare Wiener Lokal¬
235 3206 1166 3253 sarbe und eine weiche, leichisertig=sentimentale
243 3248 1165 3299 Grazie her. Der Konflikt, wo sich ein solcher
234 3289 1163 3341 greifbar und beherrschend herausbildet, ist ein
243 3329 1167 3370 Kampf des Individuums wider die Konven¬
240 3364 1156 3413 tion, etwa wider die Unsitte des Zweikampfs
246 3412 1164 3451 oder das gesellschaftliche Vorurteil, das die Ge¬
245 3439 1166 3500 fallene trifft. Wenn diese Konflikte tragisch
239 3481 1158 3530 enden, und wenn dabei offenbar die Sympathie
241 3520 1160 3569 des Dichters die gefallenen Opfer des Vorur¬
238 3561 1161 3605 teils beglei,et, so scheint er damit in die Reihe
236 3599 1170 3652 der Ibsenschen Kämpfer gegen die gesellschaft¬
236 3637 1170 3690 liche Lüge zu treten, nur daß er diesen Kampf
245 3677 1171 3732 mit dem leichten Florett statt mit dem wuch¬
239 3720 1119 3772 tigen Schwert des nordischen Recken führt.
1089 344 1553 431 box 39/3
1228 1777 3312 1826 Hätte Schnitzler wie mancher andere eines det die Lüge des Lebens so sehr wie Ibsen, sie Ueberzeugende
3013 1817 3312 1864 uns fremb in
1152 1800 2996 1866 Tages das Publikum mit einem Werk völlig bildet eigentlich den Gegenstand seiner ganzen
3005 1847 3309 1907 Mannes Leben
1164 1866 3008 1911 abweichenden Gepräges herausgefordert und Dichtung, aber er nimmt sie wehmütig lächernd
3000 1893 3312 1952 wesentliche er
2080 1896 2998 1945 hin, weil sie ihm untrennbarer Inhalt des
1150 1900 2084 1946 es vor die Entscheidung gestellt, entweder des
3008 1930 3307 1980 nichts daran,
2088 1932 3004 1988 Lebens scheint. So wird die Lebenslüge, die
1154 1938 2080 1991 Dichters Vielgestalt hinzunehmen oder die
3016 1968 3304 2020 Allmacht des
2091 1975 3007 2025 ihm zuerst im Gewand gesellschaftlicher Vor¬
1158 1973 2074 2021 eine Seite seines Wesens zu bejahen, die an¬
2077 2002 3305 2064 urteile erschienen ist, und die sich auch in sei= Gestaltungen
1165 2010 2071 2061 dere abzulehnen, so würde es nicht nötig sein,
3015 2041 3319 2105 und daß solche
2089 2049 3008 2101 nem späteren Schaffen noch manchmal in
1165 2037 2084 2104 den späteren Schnitzler aus den Anfängen des
3002 2083 3311 2142 bunten Seins,
2089 2092 3013 2138 solchen Gestalten zeigt, zu einem Grundbestand¬
1165 2097 2081 2144 früheren herauszulösen, die Züge des fünge¬
3004 2123 3314 2182 und Grazie ##
2089 2129 3003 2177 teil des menschlichen Lebens, vor allem der
1154 2136 2078 2189 ren noch im Bilde des älteren aufzuzeigen.
3004 2158 3318 2218 land gar selten
2085 2166 3009 2214 Beziehungen der Geschlechter zueinander,
1155 2173 2076 2222 Demgegenüber steht Schnitzlers Schaffen unter
3006 2198 3298 2253 vermag, der e
2085 2210 3019 2254 deren verwirrende Mannigfaltigkeit von An¬
1155 2216 2074 2261 dem Gesetz einer fortschreitenden folgerichtigen
2091 2245 3310 2294 fang an den Stoff bildet, an dem sich für vorzieht, Stär
1163 2251 2087 2302 Entwicklung, die niemals aus ihrer Bahn
3016 2278 3323 2342 deren Herz mis
2089 2281 3013 2330 Schnitzler das Leben darstellt. Jene Lüge zu
1159 2291 2083 2338 bricht, und der Gereifte hat kaum Töne gefun¬
2098 2329 3011 2376 bekämpfen, ist daher eine fragwürdige Auf¬
1160 2330 2076 2385 den, die nicht ihren Vorklang schon in den
2088 2352 3022 2417 gabe: die Stunden des Erkennens, die in des
1161 2374 2085 2416 Jugendwerken besäßen. Aber die Akzente
2092 2397 3016 2449 Dichters Werken immer wiederkehren, bringen
1166 2407 2087 2453 haben sich langsam verschoben, und so bedeutet
2094 2443 3015 2489 selten Befreiung; häufig, wenn sie wirkliche
1163 2439 2097 2512 die Entwicklung doch eine stetige Wandlung.
2096 2476 3014 2528 Erkenntnis gaben und nicht an Stelle der einen
1229 2489 2091 2557 In Schnitzlers Jugendstücken sind die
2094 2515 3012 2565 Lüge eine andere setzten. Ekel oder Verzweif¬
1161 2533 2085 2588 Linien einfach, die Probleme treten klar her¬
2093 2561 3011 2610 lung. Wer klug ist, weiß, daß eine Lügr, die
1157 2587 2083 2629 vor. Umgeben aber werden sie von der berau¬
2092 2591 3026 2657 ein menschliches Dasein zu tragen vermag,
1166 2619 2085 2671 schenden Polyphonic einer den Lokalton mit
2088 2634 3020 2691 besser ist, als eine zerstörende Wahrheit, er
1169 2659 2082 2706 unvergleichlicher Meisterschaft treffenden Stim¬
2092 2674 3021 2730 weiß, daß wir immer spielen, und daß wir
1173 2693 2084 2742 mung. So wird das leicht überhört, was zwi¬
2101 2706 3017 2770 nichts von uns und nichts von anderen wissen.
1168 2738 2084 2785 schen diesen beiden Elementen, dem einfach
2086 2752 3015 2798 Nur die Toren wollen erkennen und zur Er¬
1175 2779 2086 2824 klaren Was und dem verführerisch vielstim¬
2090 2792 3024 2843 kenntnis verhelsen, nur die Toren suchen das
1172 2810 2083 2863 migen Wie, auch in diesen Werken schon charak¬
2095 2826 3026 2883 Leben zu meistern; es ist Traum, Spiel. Lüge,
1174 2852 2085 2899 teristisch zu erkennen ist: Die Stellung des
2085 2869 3032 2936 Chaos, aber auch einzige Macht und Wirklich¬
1164 2885 2083 2938 Dichters zum Konflikt. Schnitzlers Helden
2097 2909 3023 2957 keit; die Hand, die sich vermißt zu lenken,
1169 2928 2090 2983 gehen nicht als Kämpfer wider die Konven¬
2092 2948 3016 2992 greift ins Leere, und wer zu sehen glaubt, wird
1173 2968 2089 3026 tion zugrunde. Sie sind in der Tiefe ihrer
2090 2970 3032 3047 blind dahingetrieben, wohin zu kommen ihm
1164 3006 2083 3047 Seele selbst Fahnenflüchtige, die die Berech¬
2092 3021 2430 3084 bestimmt war.
1169 3047 2088 3094 tigung des Lebens wie es ist, deshalb weil es
2162 3051 3029 3119 Auf solchem Boden gedeihen keine Helden.
1172 3072 2101 3137 ist, noch da anerkennen, wo es im fragwürdigen
2096 3097 3033 3160 Die Lebenskämpfer kommen denn auch bei
1177 3124 2090 3173 Mantel der gesellschaftlichen Konvention auf¬
2093 3145 3019 3196 Schnitzler schlecht genug weg. Immer wieder
1179 3159 2090 3210 tritt: der Verächter des „Märchens“ vom Be¬
2106 3181 3024 3238 stehen sie als betrogene Betrüger da, und mit
1174 3198 2098 3251 lastetsein der Gefallenen empfindet selbst
2094 3226 3023 3277 zunehmender Reife wächst des Dichters müd¬
1175 3246 2091 3290 gegenüber dem, worüber „kein Mann hinweg
2090 3265 3035 3314 lächelnde Sympathie mit den Gütigen, die,
1167 3283 2088 3327 kann“, schließlich doch wie die andern. der Be¬
2098 3306 3027 3353 betrogen, ohne es zu erkennen, im Grunde
1170 3317 2094 3365 kämpfer der Duellmoral, dem das Leben das
2095 3345 2661 3411 doch die Glücklicheren sind.
1181 3355 2085 3410 höchste Gut erscheint, vermag es am Ende doch
2157 3387 3024 3443 Schnitzler hat es einmal das Charakteri¬
1178 3391 2094 3445 nicht, den Selbstvorwurf der Feigheit zu er¬
2105 3434 3034 3493 stische aller Uebergangsevochen genannt, „daß
1177 3431 2096 3483 tragen. Hier ist der Punkt, wo die weitere
2105 3476 3026 3514 Verwicklungen, die für die nächste Generation
1171 3466 2093 3521 Entwicklung einsetzen kann, weil hier bereits
2095 3509 3034 3566 vielleicht gar nicht mehr existieren werden,
1169 3503 2090 3561 die grundsätzliche Abweichung in Schnitzlers
2091 3540 3035 3615 tragisch enden müssen, wenn ein leidlich anstän¬
1171 3557 2087 3607 Auffassung der konventionellen Lüge gegeben
2092 3592 3031 3639 diger Menich hinein gerät.“ Manche von den
1176 3586 2087 3637 war, hier der Punkt, wo es sich zeigt, daß
2106 3624 3032 3681 Verwicklungen, in denen sich für Schnitzlers
1181 3627 2090 3675 Schnitzlers Musik ihre Klangfarbe von des
2107 3665 3031 3729 Menschen das Unüberwindliche des Lebens
1716 3662 2098 3718 weltanschaulicher
1165 3661 1727 3722 Dichters ethischer und
1168 3700 3028 3762 Grundeinstellung hernahm: Schnitzler empfin=harstellt, haben schen heute für uns ihr
