3392 4352
212 330 1589 427 60th Birthday box 39/3
2216 780 2613 851 Arther Schnitzier.
2055 837 2812 921 Arthur Schnitzlers 60-ärsdag, som in¬
2024 894 2815 979 faller den 15 maj, firas säkert som en
2016 952 2808 1033 litterär bemärkelsedag i den tysktalande
2025 1019 2811 1091 världen och pä teatrarna givas festföre¬
2020 1065 2821 1157 ställningar av hans pjäser. Huruvida
2016 1128 2812 1210 Schnitzler är värd ropen och äran kring
2020 1192 2804 1281 sitt namn, kan däremot anses tvivelak¬
2022 1250 2818 1344 tigt. Ovedersägligen är han en framstä¬
2017 1319 2812 1388 ende litterär talang med snabbhet och sä¬
2021 1368 2804 1451 kerhet i iakttagelsen och lätthet och ele¬
2020 1432 2804 1513 gans i teckningen. Mest nöje skänker
2026 1489 2818 1575 vid läsningen av hans böcker och ähö¬
2023 1553 2815 1634 randet av hans pjäser den ironi, under
2016 1621 2812 1687 vilken han lyfter pä ärbarhetens masker
2013 1646 2811 1749 och blottar skröpligheten, tomheten eller
2019 1715 2813 1791 lastbarheten där bakom. Men man mär¬
2021 1771 2815 1878 ker mycket snart, att hans satir icke ut¬
2027 1847 2815 1916 springer frän nägon högre eller allvar¬
2027 1905 2809 1988 ligare livsäskädning, utan endast är ett
2024 1952 2822 2041 frivolitetens nöje, en skepticism eller den
2017 2010 2816 2095 moraliska nihilismens lek. Sà mycket
2025 2070 2814 2167 intelligentare Schnitzler är än de typer,
2014 2151 2817 2226 han skildrar, är han dock till sitt inre
2029 2211 2815 2274 väsen lika arm som de. Och den glatta,
2022 2255 2822 2325 artistiskt blänkande ytan i hans verk kan
2027 2312 2785 2400 icke överskyla dess haltlösa ihälighet.
2059 2367 2817 2442 Det är betecknande för Schnitzler att
2029 2415 2816 2498 vad han med forkärlek framställer pä
2021 2482 2819 2567 scenen liksom i berättelseform är för¬
2018 2559 2822 2633 konstlingen och förgiftningen genom lit¬
2019 2618 2816 2692 Iteratur, teater och tidningsväsen, fra¬
2009 2653 2820 2764 isen och gesten, vars uttryck och in¬
2014 2725 2827 2823 nehäll stä i omvändt förhällande. Han
2012 2779 2808 2882 jär en mycket skicklig analytiker av ka¬
2009 2832 2817 2937 raktärens och den förvridna känslans
2020 2904 2815 3001 sjukdomar, och han sticker med träffan¬
2017 2950 2821 3055 de stygn häl pä erotikens och esteticis¬
2023 3013 2826 3113 mens lögner. Det fatala är blott, att
2008 3076 2818 3178 hans eget själstillständ fullständigt tyc¬
2014 3131 2812 3228 ikes fäcka och omsluta de lyten, han
2015 3197 2823 3292 Famdrar. Man har ett intryck av att
2018 3247 2813 3348 huvudmodellen för alla de f. ö. rätt en¬
2017 3310 2812 3407 formiga figurer, han tecknar, är han
2022 3383 2813 3453 Isjälv, och han liknar en läkare, som fin¬
2017 3431 2802 3513 Iner behag i sjukdomen, uteslutande där¬
2018 3493 2805 3556 för att han är sà kunnig i dess diagnos.
2052 3558 2804 3632 Schnitzier är ju mycket känd och skat¬
2019 3620 2802 3687 tad även i Stockholm, där teatrarna be¬
2017 3669 2801 3750 Tredt publiken nöje med hans kvicka, ha¬
2014 3729 2802 3822 bilt gjorda och tekniskt effektfulla styc¬
2035 3793 2809 3854 ken. Tiden känner igen sitt anlete eller
2023 3848 2807 3924 sin mask i hans verk, och hemligheten
2028 3899 2823 3989 med hans framgäng ligger väl däri, att
2020 3952 2816 4043 han är sä tidstypisk som en den orkes¬
2029 4018 2767 4117 lösa dekadensens talangfulle diktare.
2568 4051 2846 4173 O. R—
