3344 4320
1084 217 1206 285 das
1492 221 1797 309 CkSAL
269 229 1635 309 1. Die Frage an Sch1—
590 1139 1609 1220 Zeitung Germania Morgen-Ausgabe
601 1258 1104 1342 Adresse: Berlin
597 1386 811 1454 Datum:
1432 1532 1494 1573 ——
877 1547 1205 1631 Theater
531 1622 1583 1676 — Theater in der Königgrätzer Straße. Der Mai ist ge¬
471 1653 1600 1740 kommen; da werden auch an dieser Stätte des schweren Kamp¬
470 1693 1581 1768 fes für schwere ewichte leichte Nichtigkeiten nachserviert,
476 1750 1594 1796 kleine Einatler von Schnitzler. Dinge, die schon ein
468 1783 1586 1832 wenig Patina aügesetzt haben. Es ist nicht Edelrost, dafür ist
480 1816 1588 1883 der Stoff, auf em die Patina liegt, nicht gehaltvoll, nicht
476 1856 1586 1917 sein genng ##ben doch gn=ost, der-ergessen macht, wohin
475 1897 1573 1944 die Weichheit uab Schwächsheit der Themenbehandlung, die¬
477 1933 1590 1983 ses juste Millen der Wicher Moderne der neunziger Jahre
478 1976 1581 2018 und seiner Nachtreter, führt. Nichtigkeiten plätschern einmal
477 2014 1583 2059 beschwingter, einmal langsamer vorbei; und man wundert sich
476 2052 1584 2097 schließlich doch über die Formkunst des Causeurs, der einen
475 2088 1580 2159 nicht nur um ein paar Stunden, sondern auch um die Aeuße¬
467 2133 1348 2177 rung der eigenen Meinung herumgeplanscht hat.
516 2163 1580 2215 Und doch, wenn's vorbei ist, der Nachgeschmack! Aber an
461 2204 1576 2247 ihm war, das muß man Schnitzler zugeben, diesmal die
467 2241 1334 2283 Darstellung mehr Schuld als der Schriftsteller.
1341 2252 1589 2301 Für diese
462 2275 1568 2330 leichte Ware ist, wenn sie nicht ganz ins „prickelnd Unterhal¬
473 2318 1576 2365 tende“ fallen soll, eine besonders liebevolle Herausarbeitung
465 2365 1580 2419 der typischen Wiener Luft, der Weichheit und Süße der Stim¬
471 2399 1576 2450 mung in diesen Menschen nötig. Sonst glaubt man ihnen die
467 2427 1580 2487 Naivelät ihrer Leichtfertigkeit, die haltlose Hingabe an inhalt¬
458 2467 1581 2539 lose Nichtigkeit nicht. Eugen Burg ist nicht Wien; Maria
462 2512 1572 2559 Orska, Irene Triesch, Alexander Eckert, alle haben
455 2557 1572 2613 nicht das eine, das einzig Notwendige: Wiener Blut. Wohl
463 2597 1582 2651 taten sie ihr Besies. Aber sie deckten damit den Dichter nicht,
466 2632 1571 2693 sondern stellten ihn bloß. Jeder flache Gedanke und jede
469 2671 1580 2738 Schiefheit der Charaktere war glattweg da; die Zuschauer¬
468 2708 1566 2761 schaft nahm das vielleicht als Würze des Abends; in der
476 2760 1581 2808 „Frage an das Schicksal“ oder im „Abschiedssouper“ besonders
462 2797 1577 2851 aber in „Literatur". Ganz schwach nur wirkten „Denksteine“,
462 2828 1569 2904 schon weil sie am nächsten der geschriebenen Skizze stehen.
1436 2877 1545 2938 dp.
1919 212 2353 293 box 3475
2120 1140 3122 1249 Zeitung: Berliner Morgenpost
2123 1261 2619 1360 Adresse: Berlin
2121 1359 2800 1461 Datum: 8 Maligi
2216 1517 2926 1612 Arthur Schnitzler-Abend
2122 1608 3017 1665 im Theater in der Königgrätzer Straße.
2063 1643 3173 1747 „Anatol!“ „Schier dreißig Jahre bist du alt“ — und
1960 1706 3166 1783 zähltest, als du zur Welt kamst, höchstens fünfundzwanzig! Ein
1961 1734 3160 1826 Manschenalter ging über dich dahin! Dä hättest es vielleicht lächelnd
1958 1769 3185 1841 ertragen, wären nicht die Zeiten zu „böserletzt so andere geworden.,
1960 1818 3173 1911 Aber jetzt in diesen Stürmen des Welttrieges diese kändelnden Ge¬
1961 1848 3168 1928 nießerblüten von Wiener Anatol fus porzusetzen — es war wirk¬
1959 1884 3176 1987 lich kein glücklicher Einfall, meine Herren Direktoren Meinhard
1951 1922 2257 1977 und Bernauer!
2029 1965 3161 2054 Man will und mag ja gegen Arthur Schnitzler nichte sagen.
1947 2009 3168 2102 Er hat uns auch gestern manchmal mit Geist und Grazie erfreut,
1959 2036 3160 2131 hat uns verschmitzt mit Doppelsinnigkeiten geneckt und uns als gute
1955 2074 3164 2168 Freunde zuletzt wieder bchalten. Wir grüßen Dich, halkyonischer
1949 2115 3156 2202 Arthur Das bißchen Mehltau auf Deinen Haaren soll uns nicht
1957 2155 3158 2261 gar zu sehr betrüben — wir alle zahlen den Zoll des Irdischen.
1939 2194 3152 2279 Nur hätte man's nicht just jetzt uns in Erinnerung bringen sollen ...
2023 2232 3145 2317 Und auch die Künstler, die „Anatol“ und „Max“ diese mit
1942 2264 3152 2364 Liebeserfahrenheit kokettierenden, in bunten Glitzerweisheiten sich
1952 2306 3160 2398 bespiegelnden Lebejünglinge, vorzutäuschen hatten, waren beleibte
1950 2345 3150 2435 Herren gesetzten Alters — weil sie einmal jung gewesen! Vor
1952 2383 3159 2490 zwanzig Jahren wohl hätte man die Herren Burg und Eckert
1947 2422 3145 2511 in diesen Rollen sehen mögen. Jetzt boten sie bloß noch wenn
1941 2468 3142 2554 auch stattliche, beaug restes. Dann mimten die Damen Orska
1950 2494 3141 2594 und Triesch dazwischen, sollten nichtsnutzige, verliebte, und
1952 2532 2887 2605 immer noch liebenswerte Wiener Mädel sein.
2890 2573 3137 2627 Es gelang
1945 2577 3140 2658 ihnen nur sehr zum Teil. Die Triesch ist eigentlich auch
1940 2620 3146 2704 schon darüber hinaus. Und die Orska vermag sich nicht loszulösen
1944 2659 3140 2729 vom Ewig=Luluhaften. Was sie im „Abschiedssouper“ bot, war
1947 2688 3135 2776 ja gewiß raffiniert und springlebendig, nur in einer falschen Re¬
1945 2734 3141 2818 gisterlage. Man durfte nicht daran denken, welche Volksechtheit
1938 2770 3143 2848 und blutvolle Naivität die Riese einst in dieser Rolle zu zeigen
1937 2808 2809 2884 wußte — nun auch schon vor achtzehn Jahren!
1985 2842 3143 2935 Den drei „Anatol“=Schnörkeleien folgte, aus einer anderen
1931 2883 3130 2975 Schnitzler= Periode, ein vorsichtig frappierter und ausgekühlter
1933 2919 3135 3024 Seit, das witzreiche Lustspiel „Literatur" Man sah es oft
1934 2967 3132 3047 und hat sich immer wieder gut darin unterhalten, obwohl alles
1932 3001 3132 3086 ein wenig überspitzt und ironisch ausgeklügelt erscheint, Hier
1935 3036 3131 3127 waren die Triesch, Bure und Eckert besser am Platz, und
1931 3066 3133 3159 besonders letzterer schuf aus Vinem hierrülpsigen, verloiterten und
1926 3114 3142 3216 eitelleitgeblähten Münchener Literaten eine frappierend echte
1920 3144 2085 3195 F.gur.
2893 3190 3100 3232 F 8—9.
