3344 4320
250 176 1531 280 1. Die Frage an das Schic
514 415 801 510 Ur
749 464 1436 588 Die Wolt am Kontag Berlin
385 509 538 591 som:
503 611 1415 742 Theater und Musik.
752 727 1104 795 Schnitzler=Abend.
442 763 1432 833 (Theaier in der Königgrätzer Siraße.)
408 797 1522 866 Auf der Bühne, die vornehmlich Strindberg pflegt, erschien
333 847 1521 898 uns Schnitzler diesmal als blasser wienerischer Schatten dei
331 894 1537 938 schwerblütigen schwedischen Grüblers. Jeder der vier geboienen
339 929 1537 969 Einakter varüert das Thema von der Untreue der Frau, das
338 958 1542 1025 in Strindberg einen Meister fand. Schnitzler aber verschmähl
326 1006 1530 1062 die tragische Tiefe. Spielerisch plätschern heiter fundierte
331 1048 1532 1112 Dialoge zwischen Mann und Weib, und am Schluß gibt's nie
334 1082 674 1135 eine Katastrophe.
415 1120 1543 1177 Vier Darsteller bestritten alle vier Einalter. Frau Triesch
334 1156 1532 1212 (in „Denksteine" und „Literatur“) war interessant, wie immer,
331 1194 1538 1249 aber der starken Tragödin liegt Strindberg besser als Schnitzler
329 1245 1541 1295 Ganz in ihrem Element war Frl. Orska (in „Die Frage an
338 1273 1532 1320 das Schickial" und „Abschiedssouper“); quecksilbrig kokett, kätzchen
334 1313 1532 1360 haft schmiegsam mit einem Stich ins Vulgäre, gelang ihr be¬
334 1350 1546 1395 sonders die kleine Kokotte im „Abschiedssouper“. Den Part des
327 1396 1543 1449 Männchens in allen vier Stücken bestritt erfolgreich Here Eugen
328 1435 1532 1478 Burg, wenn auch nicht ganz schnitzlerisch leichtbeschwingt. Herr
336 1473 1535 1534 Alexander Ekert half mit sicherer Technik dem Humor
321 1504 682 1578 zu seinem Recht.
419 1554 1538 1611 Lobende Erwähnung verdienen die geschmackvollen Deko¬
333 1578 787 1654 rationen Svend Gades.
640 1610 1232 1703 (Fortsetzung in der Beilage.)
429 2149 822 2226 Ausschnitt aus:
558 2186 1478 2277 8-MAl 19GERIIANIIN BERLIN
430 2256 564 2321 vom:
848 2382 1188 2517 Cheater.
484 2498 1566 2557 — Theater in der Königgrätzer Straße. Der Mai ist ge¬
462 2551 1570 2608 ko#hen; da werden auch an dieser Stätte des schweren Kamp¬
544 2590 1562 2647 für schwere Gewichte leichte Nichtigkeiten nachserviert,
464 2619 1001 2687 kleine Einakter von
1097 2631 1574 2684 r. Dinge, die schon ein
461 2651 1563 2712 wenig Patina angesetzt haben.lrost, dasthr ist
463 2696 1554 2751 der Stoff, auf dem die Patina liegt, nicht gehaltvoll, nich
456 2746 1556 2794 sein genug; aber doch ein Rost, der vergessen macht, wohin
462 2785 1559 2853 die Weichheit und Schwächlichkeit der Themenbehandlung, die¬
457 2825 1574 2866 ses juste Milien der Wiener Moderne der neunziger Jahre
463 2855 1563 2907 und seiner Nachtreter, führt. Nichtigkeiten plätschern einmal
454 2894 1561 2953 beschwingter, einmal langsamer vorbei; und man wundert sich
470 2929 1571 2992 schließlich doch über die Formkunst des Causeurs, der einen
467 2975 1569 3050 nicht nur um ein paar Stunden, sondern auch um die Aruße¬
468 3011 1339 3054 rung der eigenen Meinung herumgeplauscht hat.
496 3034 1565 3104 Und doch, wenn's vorbei ist, der Nachgeschmack! Aber an
464 3093 1560 3140 ihm war, das muß man Schnitzler zugeben, diesmal die
456 3130 1328 3190 Darstellung mehr Schuld als der Schriftsteller.
1334 3131 1559 3180 Für diese
456 3160 1561 3219 leichte Ware ist, nenn sie nicht ganz ins „prickelnd Unterhal¬
456 3207 1559 3251 tende“ fallen soll, eine besonders liebevolle Herausarbeitung
461 3239 1555 3302 der typischen Wiener Luft, der Weichheit und Siße der Stim¬
463 3288 1556 3334 mung in diesen Menschen nötig. Sonst glaubt man ihnen die
457 3325 1555 3377 Naivetät ihrer Leichtfertigkeit, die haltlose Hingabe an inhalt¬
465 3358 1568 3409 lose Nichtigkeit nicht. Engen Burg ist nicht Wien; Maria
457 3397 1561 3445 Orska, Irene Triesch, Alexander Eckert, alle haben
458 3449 1562 3497 nicht das eine, das einzig Notwendige: Wiener Blut. Wohl
456 3481 1566 3520 taten sie ihr Bestes. Aber sie deckten damit den Dichter nicht,
456 3521 1558 3575 sondern stellten ihn bloß. Jeder flache Gedanke und jede
454 3555 1562 3607 Schiefheit der Charaktere war glattweg da; die Zuschauer¬
459 3595 1556 3640 schaft nahm das vielleicht als Würze des Abends; in der
460 3637 1568 3686 „Frage an das Schicksal“ oder im „Abschiedssouper“, besonders
453 3679 1566 3731 aber in „Literatur". Ganz schwach nur wirkten „Denksteine",
463 3714 1572 3780 schon weil sie am nächsten der geschriebenen Skizze stehen.
1537 168 2377 266 ksal box 34/5
2502 363 2878 452 National Zen
2211 388 2408 470 17677
2712 449 2766 525 1
2368 517 2808 638 Feuillekon.
2304 683 2832 783 Schnißler-Abend.
2104 770 3045 853 TetEehe
2059 824 3185 910 Anatol geht durch den Weltkrieg wie ein Nuchtwandler. Noch
1980 875 3170 924 immer anmüsant, doch merklich gealtert, zumal in der lässig=char.
1983 923 3174 985 manten Darstallung des Herrn Burg, der ihn, so wenig das
1968 961 3183 1035 dem Dichter recht sein kann, notgedrungen ins moyen äge doré
1976 1004 3185 1067 versetzt. Ein Genießer=Jüngling, bei dem man schon melierte
1976 1050 3172 1107 Schläfen vermutet. Noch immer unterhält er uns, als wären wir
1972 1091 3168 1158 dieselben geblieben, von den unendlichen Wichtigkeiten seines
1972 1133 3167 1203 Le##reitschmerzes. Noch immer streichelt er mit müßiggängeri¬
1972 1169 3180 1249 Schem Behagen seine so liebevoll gezüchteten Gefühlchen und wagt
1963 1228 3173 1287 von den andern die große Leidenschaft zu fordern, damit sie die
1965 1268 3160 1327 schön geschlungene Null seiner Persönlichkeit mit heißer Glut um¬
1972 1310 3176 1379 sache. Wir freuen uns der niedlichen Fovpereien, die dem in
1971 1355 3178 1404 seiner Einbildung so Erfahrenen aufgespart bleiben. Ob er „Die:
1968 1389 3165 1451 Frage an das Schick al“, an das kindischeste Schicksal, das
1965 1440 3164 1503 je über eine Bühne gelünzelt ist — nicht stellt (Frl. Orska machte
1973 1485 3180 1552 aus dem Wiener Mädel Cora ein dunkel=fremdäugiges,
1961 1532 3167 1592 vikantestes Medium) oder ob er die nur vor dem Juwelier kost¬
1960 1568 3175 1632 baren „Denksteine“, die Frau Triesch nicht zu retten ver¬
1964 1606 3169 1654 mochte, ebenso töricht wie brutal verschleudert. Aber wirklich
1965 1654 3168 1726 duldbar wird der Anatelismus nur, wenn er nicht nur einem
1965 1700 3168 1765 Lächeln, sondern einem herzhaften Lachen verfällt. „Das!
1961 1746 3170 1795 Abschiedssouper“ ist ganz lebendig geblieben, und Maria
1966 1785 3163 1857 Orska erfüllte die lustige Szene mit einem prasselnden
1963 1827 3161 1896 Raketenfeuer elementarer Laune und drolligster Lebendigkeit.
1956 1865 3163 1945 Einen einigermaßen sättigenden Abschluß brachte der kleine Spaß
1958 1915 3159 1985 „Literatur“ mit seinen witzigen Serpentinen durch den
1959 1965 3166 2029 papierenen Wale. Herr. Burg gab dem distinguierten Trottel
1954 2011 3163 2079 Clemens herzgewinnende Natürlichkeit; Frau Triesch paro¬
1943 2049 3151 2102 dierte mit sicherem Geschmack den ziemlich dickgestrickten Blau¬
1948 2096 3153 2137 strumpf, und einen köstlich aufgerlusterten bajuparischen Kaffee¬
1940 2131 3153 2189 hausliteraten siellte Herr Alexander Eckert hin, der in den
1953 2182 3153 2231 Anatolstückchen ein gar zu wohlgenährter Freund Max war. Eine
1946 2219 3167 2293 delikate Regie, die u. a. ein Chambre separé im zärtlich ver¬
1944 2274 3166 2347 spielten Stil der Wiener Werkstätten aufgebaut hatte, sorgte fü
1941 2307 2798 2381 ein wohltuendes Gleichmaß der Stimmung.
2709 2356 3145 2436 losel Auni Bondy
2177 2416 2468 2518 -RiNl. 1911
1907 2475 2153 2539 E vom:
2499 2541 3018 2632 Preie Deutsche Presse
2368 2596 3129 2719 Freisinnige Zeitung, Darin.
2017 2708 3067 2889 „Kunst und Wissehschaft
2184 2879 3015 2952 Theater in der Königgrätzer Straße=
2788 2942 2890 2979 a—
2028 2942 3171 3030 Mit Bangen ging ich ins Königgrätzer Theater. Schnitzlers
1955 3010 3158 3061 Anatol=Szenen waren mir eine sehr liebe Erinnerung, ebenso der
1966 3061 3172 3101 übermütige satirische Einakter „Literater“. Werden diese Werkchen
1960 3088 3155 3136 einer graziösen Kleinkunst noch nach mehreren Jahren, besonders in
1954 3125 3166 3185 der schweren Kriegszeit, bestehen können? Wird die neue Aufführung
1964 3173 3162 3218 nicht jene liebe Erinnerung vernichten und wird es mir nicht ähn¬
1955 3214 3166 3255 lich ergehen, wie dem, der ein Mädchen, dessen Glanz und Holdheit
1954 3248 3165 3294 aus der Jugendzeit wärmend herüberschimmert, als alterndes,
1970 3277 3163 3329 hohles Weibchen wiedersieht? Schnitzler hat die schwere Probe be¬
1969 3307 3156 3367 standen, seine Einatter wirkten so frisch wie früher. Der Einwand,
1966 3362 3166 3405 daß es sich bei diesen Szenen nur um wohlhabende Nichtstuer:
1964 3389 3159 3442 handelt, deren ganzes Leben und Sorgen sich um das Ewig¬
1965 3420 3164 3478 weibliche, das uns hinabzieht, dreht, war ja schon früher erhoben
1966 3463 3164 3519 worden. Die leise Wehmut und vornehme Ironie, die durch diese
1973 3498 3167 3556 zarten Schöpfungen klingt, heben sie aus dem Nur=Erotischen, und
1961 3546 2691 3600 ihre künstlerische Fassung weckt Freude.
2033 3564 3168 3630 Die Aufführung war zum Teil vortrefflich. Eugen Burg
1955 3616 3155 3657 als Anatol wirkt etwas zu reif, doch in den Grundzügen ist er
1968 3657 3160 3709 wienerisch=liebenswert. Alexander Ekert, der als Oesterreicher
1971 3699 3158 3748 über den echten Dialekt verfügt, war als Anatols Freund Max
1971 3719 3163 3782 geschickt, und in „Literatur“ als nervöser Dichter eine ins Schwarze,
1972 3775 3164 3820 treffende Bohème=Type. Maria Orska stand als oberflächliches
1976 3795 3153 3852 Weibchen diesmal am rechten Platze, im „Abschsedssouper“ —.
1978 3835 3170 3889 Die Delikatessen, die in dem außerordentlich fein abgestimmten
1976 3873 3174 3926 Sacher=Raum aufgetragen werden, jind in der Kriegszeit für die
1980 3918 3167 3968 Zuschauer eine Tantalusqual — war sie voll sprudelnder Einfälls.
1970 3955 3154 4008 Irene Triesch konnte diese Leichtigkeit der Jugend nicht auf¬
1975 3999 3162 4041 bringen, war auch in den schwachen „Denksteinen“ unvorteilhäft
1974 4030 3161 4090 frisiert, in „Literatur“ zu schwer. Die von Ernst Welisch geleitete
2976 4068 3119 4132 Schk.
1961 4072 2622 4144 Aufführung, fand herzlichen Beifall.
