3344 4320
892 290 2354 394 an das Schicksal box 34/5
240 297 906 406 1. Die Frage
3048 1260 3236 1329 Aetel Nr
2351 1251 3034 1348 Von beiden Allionen rehrten
559 1288 1794 1372 nister auf Mitglieder einer Partei, obschon sie die Minderheit
1808 1309 2650 1367 unsere Flugzeuge ohne Verluste zurück.
3036 1320 3236 1392 Schlachtf
1797 1438 3033 1487 ausgezeichneten Momenten, nicht die Courage, die den kleinen, aller¬
3081 1433 3217 1500 72 2
1804 1485 3027 1546 liebsten Kanaillen nottut. Aber Maria Orska, die hat davon,
736 1444 1649 1541 Arthur Schnitzler=Abend
3042 1487 3246 1545 weitere ##
1801 1523 3024 1575 was man braucht. Ihr Theatervollblut, durch Geschmack gedämpft,
3044 1530 3209 1586 quariat
670 1534 1702 1630 im Theater in der Königgrätzerstraße.
1815 1565 3025 1613 durch große Lustigkeit ins Rollen gebracht, ist ganz und gar bei der
3032 1574 3195 1627 Preise.
1805 1614 3026 1657 Sache. Sie gibt in der „Frage an das Schicksal“ die Cora und im
3036 1614 3244 1676 Verlages,
608 1619 1800 1674 F. E. Wenn schon Sommerkunst sein soll, dann von der anmut¬
1811 1655 3025 1705 „Abschiedssouper“ jene unverwüstliche Annie, die wir schon von so
3040 1659 3234 1718 nen He,
553 1669 1784 1716 reichen Art, wie dieser Abend sie brachte. Dann diese leichtgeklei¬
1812 1697 3030 1738 vielen, von der Sorma, von der Niese und sogar von Schauspiele¬
3040 1695 3241 1755 Geschichte
551 1711 1795 1751 deten Ideen, ein Nichts beinahe und dennoch Leben, müßiggänge¬
1804 1736 3020 1789 rinnen gesehen haben, die das Abschiedssouper von der Jugend
3039 1741 3220 1795 stattung,
555 1758 1795 1797 risch und darum zuerst fremd in unserer harten Arbeitswelt, die
1806 1774 2365 1843 selber längst hinter sich hatten.
3034 1785 3230 1835 von Ba)
556 1788 1783 1842 aber so liebenswürdig getönt, so von Heiterkeit durchdrungen, so
3034 1826 3249 1878 56 Mat
552 1843 1806 1907 von Ironie gesättigt, so weltmännisch überlegen, so klug gesteigert
1859 1856 3209 1915 98 „Parsifal“ zu wohltätigen Zwecken. Zum Besten der choisis“
556 1882 684 1943 sind.
1797 1912 3240 1968 unter dem Protektorat der Prinzessinnen Heinrich und Adalbert von beaus „F.
604 1927 1789 1987 Von den vier Einaktern, „Die Frage an das Schicksal",
1802 1952 3025 1997 Preußen stehenden Frauenlob=Stiftung wird für die Hinter¬
3031 1955 3242 2012 mung, 40
572 1981 1788 2027 „Denksteine", „Abschiedssouper" und „Literatur“
1798 1986 3035 2062 bliebenen der in der Seeschlacht vor dem Skagerrak mit
3033 1990 3232 2055 zahlte ma
558 2024 1794 2078 sind nur „Denksteine“ in Berlin nicht gespielt worden. Es ist auch
1806 2037 3029 2081 dem Kreuzer „Frauenlob“ untergegangenen Marineangehöri¬
3035 2037 3240 2094 ausgaben
559 2067 1779 2113 das schwächste der Stückchen, die alle um das Motiv Treue und Un¬
3039 2081 3219 2132 wort an
1801 2082 3019 2136 gen, anläßlich des diesjährigen Gedächtnistages, am 3. Juni,
561 2104 1786 2151 treue und mehr um die Untreue als die Treue gankeln. Hier hat
1807 2123 3021 2166 nachmittags 4 Uhr, im Deutschen Opernhaus zu Charlotten¬
3035 2123 3221 2177 Schnitz¬
551 2138 1791 2190 selbst die Sprache des Dialogkünstlers Schnitzler einige Härten und
1802 2160 3023 2225 burg eine einmalige Sonderaufführung des „Parfifal“ zur Dar¬
3040 2160 3234 2223 flöte“ vol
560 2189 1791 2222 Gemeinplätze. Die anderen drei sind uns wohlbekannt; ihre ersten
1799 2207 3017 2259 stellung gelangen, wobei die einzelnen Partien mit deren hervor¬
3020 2200 3231 2274 „Grünen“
550 2233 1790 2274 Altersschäden sind kaum wahrnehmbar, im ganzen haben sie den
1797 2246 3020 2299 ragendsten Vertretern der deutschen Opernbühnen besetzt sein werden.
3031 2245 3228 2306 „Frau di
558 2273 1790 2319 Glanz reizvollster Kleinkunstwerke behalten. Und wenn man er¬
1793 2299 3018 2348 Die musikalische Leitung hat Generalmusikdirektor Michael Bal¬
3025 2290 3217 2344 und der
552 2310 1781 2360 mißt, wie Arthur Schnitzler sich von diesen Stücken, die zum Teil in
3036 2319 3227 2390 95 Mark
1805 2332 3015 2395 ling, der seit vielen Jahren den „Ring“ und „Parsifal“ in Bayreuth
557 2348 1776 2413 seine Anfänge fallen, aufwärts entwickelt, sich geistig vertieft und
1791 2378 3025 2413 dirigiert und auch die Wagner=Aufführungen in England als Nach¬
3028 2379 3226 2435 „Hamlé
551 2396 1784 2448 technisch erweitert hat, so kann man nicht umhin, von neuem liebe¬
3025 2422 3171 2469 Wert,
1802 2419 3020 2465 folger von Hans Richter geleitet hat. Die künstlerische Leitung hat
547 2443 1779 2489 voll jenes Theaterkulturkämpfers C. W. Gerst zu gedenken, der
1798 2458 3012 2508 Direktor Georg Hartmann übernommen, die dramatischen Ein¬
3023 2450 3223 2520 65 Mai
551 2481 1774 2542 den Dichter den „gemeingefährlichsten der Volksvergifter“ ge¬
1787 2507 3019 2559 studierungen, wie in Bayreuth. Kammersängerin Luise Reuß¬
3032 2502 3222 2567 Interesse
553 2522 769 2578 nannt hat.
1793 2543 3012 2601 Belce. Die (höre, die, ebenso wie das Orchester, nach Bayreuther
3030 2551 3222 2612 eine Sat
611 2548 1782 2618 Vier Schauspioler tragen unter der Regie von Ernst
3022 2585 3208 2647 Bühnen
1797 2589 3009 2654 Vorbild verstärkt sind, leitet, wie in Bayreuth, Professor Hugo
552 2604 1777 2654 Welisch den ganzen Abend: Eugen Burg, Alexander
1792 2628 1968 2687 Rüdel.
3030 2637 3217 2691 ging für
1541 2649 1784 2705 ska. Burg,
553 2649 1480 2712 Ekert, Irene Triesch und Marie
3020 2671 3210 2727 Das im
1834 2663 3004 2736 Theaterchronik. Claire Dux Hermann Jad¬
553 2692 1786 2754 ein ausgezeichneter, nie versagender Lustspieldarsteller, ist
3027 2710 3223 2778 Narre:
1796 2705 3004 2766 lowter und Arthur Schnabel wirken am 8. Mai im
552 2729 1777 2779 dreimal Anatol, und einmal — in „Literatur“ — heißt er Clemens
1793 2757 3022 2818 Schiller=Theater Charlottenburg als Gäste mit bei
3068 2751 3206 2828 2 4
547 2781 1768 2827 und ist damit in stärkerem Auftragen doch nur wieder Anatol. Er
1797 2795 3004 2842 der Sondervorstellung der Roederschen Posse „Robert und
3025 2800 3219 2877 Kommant
542 2822 1773 2876 mag für den zärtlichen Jüngling ein wenig reif sein, aber auch
1784 2824 3006 2879 Bertram“, deren Gesamtergebnis der Nationalstiftung für die
3022 2848 3215 2916 Musikaus
547 2862 1775 2910 sein Können hat die Gepflegtheit der Reife mit fein verteilten
1794 2870 2814 2921 Hinterbliebenen der im Kriege Gefallenen zugeführt wird.
3027 2899 3210 2952 Frau v.
551 2895 1781 2954 Wirkungen und der lässigen Würde, die man auch den Wiener Ton
1835 2908 3010 2956 D Der Dank an die Bühnenkünstler. Der „Neue Weg“
3022 2940 3221 3004 übernom
551 2951 1777 2999 nennt. Herr Ekert gibt dreimal nur den Herrn, der den Haupt¬
1788 2956 3000 3006 enthält in seiner neuesten Nummer folgende Zuschrift des Reichs¬
548 2997 1771 3045 spielern das Stichwort zu bieten hat. Er macht das sehr schnitzle¬
1785 2998 3008 3046 bankdirektoriums: „Aus Anlaß des überaus glänzenden Er¬
3074 2989 3163 3058 22
552 3048 1777 3085 risch, mit ruhigem Lächeln und gemütlicher Spitzigkeit. In „Lite¬
3028 3026 3202 3093 wir mitt
1784 3040 3018 3076 gebnisses der sechsten Kriegsanleihe gedenken wir mit größter
541 3073 1779 3133 ratur“ ist er der struppige, geschwollene, kribbelige Poet: ein sehr
3020 3080 3209 3132 verhande
1798 3089 2998 3141 Anerkennung und warmem Danke der selbstlosen Mitarbeit der deut¬
553 3117 1055 3178 amüsantes Menschenbild.
3019 3112 3208 3166 Der Be
1796 3125 3006 3181 schen Bühnenkünker, die damit nicht unerheblich zum Gelingen des
3018 3154 3197 3216 dem T
604 3156 1776 3224 Irene Triesch muß sich verstellen, wenn sie leichte
1791 3169 3012 3229 großen Werkes beigetragen haben. Wir bitten Sie, diesen unsren
3022 3187 3185 3239 dritten
545 3210 1772 3263 Frauen spielen soll. Spätere Frauen Schnitzlers, die aus einer
1791 3208 3001 3267 Dank sämtlichen beteiligten Künstlern und Helfern gütigst zu über¬
3019 3230 3206 3294 Meise;
551 3253 1777 3300 satteren Psychologie erstehen als die bunten, primitiven Schmetter¬
1781 3251 2000 3307 mitteln.
1994 3258 3140 3326 Reichsbankdirektorium, gez. Havenstein, gez.]Reif
555 3302 2052 3356 linge dieser Einakter, sind mehr für sie geschaffen. Sie hat, neben! v. Grimm.“
3003 3287 3208 3383 schlech
849 3363 1478 3509 Ciad1767
1149 3471 1700 3613 I□1611.
