3344 4320
882 258 2324 352 an das Schicksal box 34/5
199 266 885 364 1. Die Frage
1954 845 2331 925 tcurhenangabe chue Gewahr.
1765 876 2518 1003 nit aus: Der Tag, Beriis
1171 898 1424 1010 701
408 906 1222 1019 Serliner Local Anzurner
1912 1001 2022 1080 371.—
501 1022 1052 1132 Schnißler-Abend.
1787 1067 1928 1126 B
857 1107 1374 1197 herStraße.
329 1114 649 1197 Theater
1963 1097 2495 1233 Schnikler=Abend.
362 1185 1246 1247 Offenbarungen brachte uns dieser Abend, der
1769 1228 2658 1285 Theater in der Königgrätzer Straße.
324 1227 1261 1298 gestern allgemeines Behagen erzeugte, freilich
329 1269 1248 1315 nicht, wohl aber — mit einer unbeträchtlichen
1801 1269 2665 1329 Offenbarungen brachte uns dieser Abend, der
327 1306 1245 1360 Ausnahme — das angenehme Wiedersehen lieber,
1769 1315 2672 1366 gestern allgemeines Bebagen, erzeugte, freilich
328 1341 1247 1412 alter Bekannter, die wir schon des öfteren herz¬
1764 1352 2678 1411 nicht, wohl aber — mit einer unbeträchtlichen
325 1385 1243 1446 haft begrüßt. Die Anatolstückchen „Frage an
1764 1404 2672 1448 Ausnahme — das angenehme Wiedersehen lieber.
317 1422 1239 1475 das Schicksal“ und mehr noch das lustige
1757 1438 2661 1491 alter Belannter, die wir schon des öfteren herz¬
326 1475 1249 1511 „Abschiedssouper“ haben in all den Jah¬
1767 1475 2670 1529 haft begrüßt. Die Anatolstückchen „Frage an
330 1497 1239 1549 ren, da wir sie kennen, nichts von ihrer frischen
1763 1514 2672 1565 das Schicksa!“ und mehr noch das lustige
316 1537 1245 1588 Wirksamkeit eingebußt, und daß uns Anatelchen
1765 1540 2695 1613 „Abschiedssouper“ haben in all den Jay¬
322 1580 1253 1634 sowohl mit seiner schließlich aus Furcht der der
1766 1594 2703 1659 ren, da wir sie kennen, nichts von ihrer frischen
316 1616 1255 1669 Wahrheit unterbleibenden „Schicksalsfrage“ an
1771 1632 2677 1676 Wirksamkeit eingebüßt, und daß uns Aratolchen
328 1652 1249 1707 die hypnotisierte Gelichte wie auch in den Nöten
1763 1659 2689 1723 sowohl mit seiner schließlich aus Furcht vor der¬
332 1706 1258 1751 des Soupers, bei dem er seine Annie verab¬
1768 1712 2653 1763 Wahrheit unte bleibenden „Schicksalsfrage“ an
332 1731 1244 1790 schieden will und seibn verabschiedet wird, immer
1759 1751 2675 1802 die hypnotisierte Geliebte wie auch in den Nöten
324 1770 1254 1838 noch bestens unterhält. trotzdem man die soge¬
1757 1792 2679 1842 des Soupers, bei dem er seine Annie verab¬
328 1806 1247 1873 nannie „Peinte“ tennt, beweist die mitzige
1757 1826 2664 1876 schieden will und selbst verabschiedet wird, immer
321 1848 1251 1906 Schlagkraft dieser echt Schnitzlerschen Scherze.
1761 1872 2659 1924 noch bestens unterhält, trotzdem man die soge¬
320 1895 1257 1934 Die gestern eingefügte Plauderei „Denksteine",
1763 1911 2675 1963 nannte „Pointe“ kennt, beweist die witzige
322 1933 1245 1995 eine für die Bühne belanglose Szene des Anatol¬
1763 1940 2670 1996 Schlagkraft dieser echt Schnitzlerschen Scherze.
327 1959 1252 2027 Zyklus, ohne rechte Farbe, dürfte sich allerdings
1749 1982 2659 2033 Die gestern eingefügte Plauderei „Denksteine
322 2016 1260 2069 kaum dauernd halten lassen. Das wird der Zug¬
1752 2025 2657 2068 eine für die Bühne belanglose Szene des Anatol¬
327 2051 1250 2106 kraft des Abends indessen kaum schaden; „Die
1760 2066 2670 2107 Zyklus, ohne rechte Farbe, dürfte sich allerdings
318 2087 1246 2149 Frage an das Schicksal" und „Abschiedssouper“
1763 2104 2675 2154 kaum dauernd halten lassen. Das wird der Zug.
326 2135 1249 2182 genügen völlig als wirksamste Ausschnitte aus
1750 2154 2660 2193 kraft des Abends indessen kaum schaden; „Die
329 2166 1249 2223 des weiberfreundlichen Herrn Anal Liebeslust
1756 2183 2658 2238 Frage an das Schicksal" und „Abschiedssouper“
321 2209 1257 2261 und Leid. Schließlich gibt's ja denn auch noch
1751 2218 2668 2288 genügen völlig als wirksamste Ausschnitte aus
328 2243 1249 2299 den famosen satirischen Schwan# „Literatur",
1755 2254 2668 2312 des weiberfreundlichen Herrn Anatol Liebeslust
325 2284 1246 2332 der mit so treffend scharfen Strichen einen an¬
1755 2299 2666 2345 und Leid. Schließlich gibt's ja dann auch noch
328 2325 1258 2375 deren Typ aus dem Kreise holder Weiblichkeit,
1756 2334 2663 2395 den famosen satirischen Schwank „Literatur“
330 2365 1258 2413 das tecke Spottbild eines Münchener Bohemien¬
1755 2362 2672 2441 der mit so tressend scharfen Strichen einen an¬
330 2394 1247 2456 Dichters von aufgeblasener Talentlosigkeit und
1760 2417 2658 2470 deren Typ aus dem Kreise holder Weiblichkeit,
328 2442 1238 2497 einen drolligen Vertreter voll „Korrektheit“
1758 2452 2672 2506 das kecke Spottbild eines Münchener Bohemien¬
321 2478 512 2543 zeichnet.
1760 2503 2660 2546 Dichters von aufgeblasener Talentlosigkeit und
361 2508 1247 2575 Die Darstellung war künstlerisch auserlesen
1753 2531 2649 2605 einen drolligen Vertreter voll „Korrektheit"
318 2569 1257 2609 und zugleich von drastischer Wirkung — eine Ver¬
1751 2569 1945 2623 zeichnet.
334 2599 1248 2649 einigung, die man in solcher Vollendung selten
1794 2597 2652 2663 Die Darstellung war künstlerisch auserlesen
325 2638 1257 2689 findet. Die schmiegsame Cora, die sich nach dem
1754 2655 2650 2699 und zugleich von drastischer Wirkung — eine Ver¬
326 2677 1244 2733 ersten Versuch nie wieder hypnotisieren lassen
1756 2699 2663 2752 einigung, die man in solcher Vollendung selten
331 2711 1250 2768 will in der begründeten Scheu, dabei aus der
1752 2728 2666 2785 findet. Die schmiegsame Cora, die sich nach dem
323 2761 1248 2809 Liebesschule zu plaudern, und die wilde Ballet¬
1743 2775 2652 2833 #ersten Versuch nie wieder hypnotisieren lassen
332 2784 1249 2843 teuse Annie, bei deren „Abschiedssouper“ ihr
1742 2813 2651 2862 will in der begründeten Scheu, dabei aus der
325 2836 1253 2890 Anatol tolle Sachen erleben muß, gab Maria
1748 2847 2670 2899 Liebesschule zu plaudern, und die wilde Ballet¬
327 2870 1253 2924 Orska strotzend von Lebensfülle und mit einer
1754 2886 2654 2949 teuse Annie, bei deren „Abschiedssouper ihr
333 2919 1245 2966 Charakteristik, die bei aller Rücksichtslosigkeit
1753 2930 2654 2986 Anatol tolle Sachen erleben muß, gab Maria
318 2951 1257 3011 immer in den Grenzen humoristischer und komi¬
1746 2967 2660 3025 Orska strotzend von Lebensfülle und mit einer
320 2996 1255 3042 scher Wirkungen blieb. Ich wüßte keine andere
1745 2999 2660 3064 Charakteristik, die bei aller Rücksichtslosigkeit
327 3030 1257 3082 Durstellerin, die der Orska in solcher Vollkom¬
1761 3038 2663 3091 immer in den Grenzen humoristischer und komi¬
317 3075 1250 3129 menheit gleichtun könnte. Feiner, wie es sich
1762 3081 2669 3136 scher Wirkungen blieb. Ich wüßte keine andere
325 3105 1240 3157 ziemt, aber mit kräftig parodistischem Humor
1752 3123 2653 3174 Darstellerin, die der Orska in solcher Vollkom¬
324 3155 1247 3196 faßte Irene Triesch die Iitcraturbesessene Bo¬
1748 3156 2658 3217 menheit gleichtun könnte. Feiner, wie es sich
315 3174 1248 3225 hemienfreundin an und sand in Alexander
1752 3197 2665 3245 ziemt, aber mit kräftig parodistischem Humor
317 3225 1245 3273 Ekert einen prächtigen Gennssen aus der guten
1761 3241 2653 3291 faßte Irene Triesch die literaturbeiessene Bo¬
326 3267 1241 3322 Münchener Zeit. Seine Gestaltung des „Dich¬
1760 3262 2656 3336 bemienfreundin an und fand in Alexander
326 3303 1240 3344 ters“ Gilbert ging weit über eine komische Figur
1747 3322 2656 3377 Ekert einen prächtigen Genossen aus der guten
335 3343 1243 3393 bis zur köstlichen Charalierstudie hinaus. Auch
1744 3357 2656 3413 Münchener Zeit. Seine Gestaltung des „Dich¬
326 3378 1253 3433 Eugen Burg als Wiener Sportsman Clemens
1743 3393 2655 3444 ters“ Gilbert ging weit über eine komische Figur
332 3423 1257 3472 brachte einen trefflichen Typ; in den vorher¬
1749 3426 2655 3495 bis zur köstlichen Charakterstudie hinaus. Auch
333 3464 1250 3515 gehenden Stückchen war er ganz der Anatol, wie
1750 3468 2648 3533 Eugen Burg als Wiener Sportsman Clemens
333 3495 1243 3548 er in Schnitzlers Buche steht. Diskreter und
1744 3513 2644 3570 brachte einen trefflichen Typ; in den vorher¬
326 3536 1236 3585 künstlerischer, als er in jüngster Zeit die schnei¬
1750 3548 2652 3609 gehenden Stückchen war er ganz der Anatol, wie
325 3576 1239 3640 digen Helden neuer und allerneuester Schwänte
1741 3590 2648 3635 er in Schnitzlers Buche steht. Diskreter und
333 3612 744 3681 „hinzulegen“ pflegte.
1741 3637 2645 3685 künstlerischer, als er in jüngster Zeit die schnei¬
360 3647 1244 3704 Der unterhaltsame Abend, unterstützt von
1754 3668 2642 3741 digen Helden neuer und allerneuester Schwänke
333 3676 1233 3747 Ernst Wehlisch' feinfühliger Inszenierung den
1755 3707 2157 3761 „hinzulegen“ pflegte.
332 3741 1250 3781 Stücke, wird nach seinem gestrigen ehrlichen Er¬
1774 3729 2636 3801 Der unterhaltsame Abend, unterstützt von
336 3771 1238 3827 folg sicherlich längere Zeit hindurch dem Publi¬
1751 3764 2637 3846 Ernst Wehlisch' feinsühliger Inszenierung der
336 3815 1255 3880 kum theatralisches Sommervergnügen bereiten.
1755 3824 2641 3886 Stücke, wird nach seinem gestrigen ehrlichen Er¬
1069 3853 1192 3906 J. k.
1738 3859 2632 3925 folg sicherlich längere Zeit hindurch dem Publi¬
311 3871 1264 3937 PttHrs2.J
1818 3902 2643 3973 Gentrelisches Sommervergnügen bereiten.
2460 3949 2615 3998 J. K
