3344 4320
1034 269 2333 368 das Schicksal box 34/5
218 269 1023 382 1. Die Frage an
521 1194 976 1271 agen, London, au
512 1216 1508 1308 Paris, Rom, San Francisco, Stockhoim, St. Peterseng¬
805 1268 1514 1339 ###lienangabe euse Grrn Un depe--—
1195 1314 1585 1386 Enpe
498 1302 1276 1429 Aurschmit ausr- T-K
483 1408 1574 1505 som: 5-All. 181Wanstenl.: T#tume. Bersin
1779 1511 2972 1584 beweg. sich bequem, auf dem Boden der gesellschaftlichen Vor¬
1784 1585 2968 1634 aussetzung, schärften das Wort nach dem Sinne, ohne laut aufzu¬
1359 1566 1703 1695 Abend.
640 1577 1354 1677 Arthur=Schnitzler
1783 1608 2978 1673 trumpfen und gaben selbst den kleinen Erregungen den Grundton
1795 1657 2970 1732 der Leichtfertigkeit, die mit dem Leben spielt. Die vier Kräfte
645 1647 1686 1757 Theater in #e###lffyrußer Straße.
1790 1708 2983 1782 die schauspielerisch für das Glück des Abends entschieden, hatten
610 1751 1761 1806 Dem „Strindberg=Theater“ in der Königgrätzer Straße, das in
1776 1764 2979 1829 die Feinheit des Schnitzlerschen Witzes gut erfaßt. Eugen
573 1791 1759 1861 der letzten Zeit lediglich etwas Raum für einen grellen Wedekind
1784 1805 2973 1876 Burg, einer der besten Lebemann=Spieler unserer
581 1840 1770 1899 erübrigte, bekommt es gewiß nicht schlecht wenn es einmal ei¬
1784 1847 2976 1919 Berliner Theater, kann freilich die ihm ins Antlitz gezeichnete
581 1896 1757 1947 nen zeitgenössischen deutschen Autor von milder und feiner Klang¬
1791 1892 2982 1974 Runenschrift der Erfahrung, die zu dem im Grunde naiven
581 1955 1771 2009 farbe zu Worte kommen läßt. Nach all den Nervenreizungen, die
1796 1943 2973 2015 Lebejüngling nicht recht passen will, nicht verleugnen, aber er
582 1981 1768 2041 uns die Uebersichtigkeit des nordischen Genies der Skepses erregt,
1787 1995 2984 2072 übersetzte das Gemisch von Superklugheit und leicht zu ver¬
576 2038 1769 2086 hat, tut es wohl, an einem Schnitzler=Abend dem klaren und be¬
1800 2054 2979 2129 blüfsender Torheit, von schwärmendem Aesthetentum und kindischem
577 2076 1762 2156 ruhigten Blicke jener Menschenkenntnis zu begegnen, die sich —
1788 2097 2972 2161 Egoismus, geschickt in seine reifere Art, so daß keiner der um¬
585 2141 1758 2190 gegenüber den Torheiten und Schwächen der Lebeleute — in ein
1800 2141 2988 2218 gestimmten Wendungen die Wirkung versagt blieb. Völlig deckte
583 2179 1776 2247 heitres Gleichgewicht gesetzt hat. Schnitzler gehört gewiß nicht
1792 2198 2985 2263 sich die Gestalt, die er in „Literatur“ auf die Bühne stellte, mit
584 2222 1769 2290 zu den barmherzigen Barbieren, die faule Wunden machen — aber
1797 2232 2995 2307 der Skizze des Dichters. Da war jeder Zug der selbstgefällig
576 2271 1764 2340 die Schärfe psychologischer Beobachtung hat ihm den Humor der
1790 2288 2979 2354 sicheren Formen, des verzärtelten Hochmuts und der schwachdenk¬
588 2317 1776 2385 lächelnden Ueberlegenheit nicht genommen. Davon zeugen die
1797 2339 2985 2403 lichen Vornehmheit getroffen. Maria Orska ließ die Künste
582 2364 1777 2431 vier Einakter, die gestern zu einem Theaterabend vereinigt waren.
1804 2384 2987 2452 koketter Weiblichkeit in zwei Rollen schillern, in der einen, in
592 2420 1774 2488 Verschiedenen Zyklen entnommen (drei gehören dem Anatol=Rei¬
1801 2430 2987 2506 der der hypnotisierten Lebedame, in der sie die Angst der Ver¬
596 2446 1776 2533 gen an — einer stammt aus den „Lebendigen Stunden"), haben
1798 2507 2982 2557 logenheit humorvoll andeutete, gelang ihr alles, in der Heldin des
579 2504 1776 2571 sie die Grundstimmung gemein: feine Satire auf die Schwächlinge
1799 2539 2985 2597 „Abschiedssoupers“ viel; der vollendete naive Zynismus war von
584 2557 1775 2621 der Gesellschaft, die nur in der Luft der Selbsttäuschung leben
1812 2595 2993 2656 sprühendem Uebermut. Es ist aber noch ein Element in der Gestalt,
582 2621 769 2680 können.
1804 2628 2993 2694 das die Sandrock und die Niese mit köstlicher Komik herausarbei¬
590 2625 1769 2706 PProgrammatisch in diesem Sinne wirkt die kurze Szenenfolge,
1804 2692 2996 2750 teten, das der plebejischen Herkunft, deren Gewohnheiten in das
579 2704 1778 2797 „Eine Frage an das Schicksal“, in der Anatol über das Mittel der
1813 2745 2994 2795 Wesen der Courtisane hereindringen — dieser volkstümlich-komische
601 2758 1785 2813 Hypnose gebietet, Treue oder Untreue der Geliebten zu erkunden,
1813 2776 3007 2858 Zug var der Darstellerin nicht erreichbar. Die Dirne in den
596 2804 1784 2854 aber in fiebernder Angst, der dämmernde Selbsterkenntnis zu¬
1808 2821 2994 2908 „Denksteinen“ und die Abenteurerin der „Literatur“ waren durch
601 2839 1778 2917 grunde liegt, auf die Wahrheit, nach der er zu dürsten vorgab,
1812 2872 3000 2939 Irene Triesch mit feingestigem Humor vertreten. Die Künstlerin
610 2886 1785 2961 verzichtet und sich in die weichen Schleier der Ungewißheit ein¬
1811 2922 3000 3000 hat die Gabe, in die leisesten Wrkungen enzudringen und die Ge¬
600 2951 1779 2998 hüllt. Verwandt, nur härter in der Lösung, ist das Gespräch „Denk¬
1811 2972 3003 3055 heimschrift der Charakteristik in jedem Satze natürlich ans Licht
601 2987 1779 3066 steine“ in dem die anscheinend bekehrte Dirne durch den Eiser, mit
1812 3022 2990 3094 zu bringen. Alexander Ekert, der in derberen volkstümlichen
601 3043 1790 3097 dem sie einen Diamanten, einen alten Liebespreis, au odem Feuer
1808 3071 2992 3143 Rollen seinen Mann zu stellen pflegt, überraschte durch die Feinheit,
601 3079 1792 3148 holt, ihre wahre Natur verrät. Handelt es sich in diesen beiden Fäl¬
1812 3137 3004 3184 mit der er in zwei Stückchen den ironischen Begleiter Anatols
595 3125 1782 3212 len nur um skizzenhafte Dialoge, um spitzlinige Einfälle ohne die
1813 3166 2989 3223 behandelte. Auch in den verwilderten Schriftsteller der „Literatun
591 3171 1778 3252 Krümmungen der dramatischen Bewegung, so bieten „Literatur“
1819 3208 3000 3295 trug er charakteristische Komik hinein. Der Erfolg des Schuihler¬
572 3219 1794 3305 Fund das vielbewährte „Abschiedssouper“ durchgebildete Lustspiel¬
2814 3260 2983 3332 A. K.
1814 3275 2369 3346 Abends war ein vollständiger.
607 3269 1780 3341 motive in knapper kostbarer Fassung. Das moderne Boccaccio=Stück¬
613 3320 1794 3386 chen, in dem die Zigenner der Literatenwelt dem hochmütig=bor¬
611 3373 1795 3433 nierten Sportkavalier eine Nase drehen, und vollends der feinge¬
606 3417 1799 3469 würzte Schwank, in dem die gefräßige Ballett=Diva dem empfin¬
613 3465 1800 3526 delnden Liebhaber den Abschiedstriumph wie einen fetten Bissen
611 3514 1635 3572 wegschnappt, sind Kleinodien unserer Komödienliteratur.
653 3554 1809 3630 In der Aufführung war die Stimmung des eindringlich leisen
619 3607 1799 3687 Witzes, der ohne Knall zündet, sehr gut getroffen. Die Darsteller
