3344 4320
573 188 1512 259 naner holen mit einem ge¬
493 219 1515 298 wissen Eifer, der sich nicht überhaftet, deutsche Dra¬
495 266 1523 335 matik nach. Vor ein paar Wochen freundeten sie sich
483 286 1529 386 mit Wedekind an und gestern grissen sie auf den
483 341 1527 406 jungen Schnitzler zurück, auf jene frühen Jahr¬
483 393 1528 461 gänge, wo er empfindsam modellierte Kleinkunst trieb.
487 427 1530 512 Man war gern bereit, in selbst erlebte Vergangenheit
492 468 1520 540 zurückzuwandern und das Interesse wurde von jener
487 508 1518 584 Neugierde gestachelt, die bei Jugendlieben nach Alters¬
478 536 1477 626 runzeln ausspäht. Es ist nicht zu schlimm damit.
538 598 1515 660 Der gutartige, liebeshungrige, aber im Vollgenuß
469 636 1521 716 durch Aphorismen behinderte Großstadtjüngling
474 676 1510 739 Anatol hat ein paar historische Falten bekommen.
470 714 1526 793 Auch sein Freund Max kann sich auf die Dauer als
473 766 1510 819 Dialogbehelf nicht verleugnen. Doch haben beide, vor
465 797 1522 863 allem Anatol kostbare Momente jener Wesensfrische,
463 838 1515 915 die nie verdampft. Bei der „Frage an das
472 876 1508 955 Schicksal“ hat sich die Vorführung einer Hypnose,
472 917 1511 980 derein szenische Sensation, wesentlich abgenutzt.
459 965 1511 1039 Auch durschaut man, in Schnitzlersche Einfälle
467 1013 1508 1077 allzusehr eingeweiht, viel zu früh das Motiv, so launig
462 1054 1513 1125 es auch Verstecken spielt. Der psychologische Kern,
459 1089 1511 1159 die Angst des Eifersuchtigen vor heimlich entrissenen
467 1136 1495 1196 Geständnissen, die Neigung zum Selbstbetrug, die
456 1175 1490 1234 Gegenschliche der Eigenliebe bleiben heitere Toku¬
465 1204 1501 1277 nente der Menschenkenntnis. Ausgeblichener sind die
456 1255 1496 1325 „Denksteine“, wo ein Gefühlchen sich zu hoch
466 1277 1501 1365 schraubt und die Spannung höher klettert, als ihr der
465 1327 1511 1416 Anlaß gestattet. Auch wird Anatol, der nie tragisch
469 1374 1507 1443 werden darf, weil ihn bloß Gereiztheit kleidet, zu,
463 1417 1510 1483 bitter und nimmt Anläufe zum Pathos. Man wurde
456 1470 1500 1534 nicht warm. Am herzlichsten begrüßte man das
434 1514 1473 1594 „Abschiedssouper“ wo alles Melancholische der Lust¬
438 1566 1473 1625 spieldichter überwindet. Zwischen sich jagenden
429 1611 1464 1676 Pointen und Farbengeflimmer wettern Situationen.
427 1656 1456 1701 Dramaturgisch interessant ist, wie das Mitwissertum
438 1690 1456 1758 des Publikums die Wirkung vorhergesehener Ueber¬
439 1742 1455 1788 raschungen nicht abschwächt, sondern lustige Voraus¬
435 1786 1475 1837 setzung ist. Natürlich nur bei überlegener Führung.
441 1811 1470 1874 Im übrigen gehört zur Aufführung Opfermut. Es
439 1848 1470 1925 wird Bordeaux und Sekt getrunken und noch schwerer
436 1899 1464 1954 zu Beschaffendes gegessen. Bloß die für den Schluß¬
441 1932 1481 2001 witz so wichtige Schlagsahne hat sich in Vanillecreme
445 1991 698 2047 verwandelt.
504 2018 1472 2071 Die drei Anatolszenen wurden um den Einakter
445 2053 1478 2129 „Literatur“ bereichert. Schnitzlers Humor nähert sich
450 2098 1470 2167 hier Schwankformen. Die Satire auf gelocktes, frei¬
450 2135 1483 2210 zügiges Literatentum, das Erlebnisse in die Welt
454 2180 1474 2242 trompetet, hat sich verbürgerlicht, wofür weniger
446 2223 1486 2277 Schnitzler kann, als die Zeit, die neue Typen der
444 2267 1487 2322 Boheme schafft. Aber gerade diese Uebereinstimmung
457 2303 1482 2364 mit landlaufigen Begrissen von Schwabinger Naturen
449 2356 1053 2415 hat der Wirkung sehr genützt.
524 2391 1483 2446 Von der Aufführung war ich nicht sehr begeistert.
443 2437 1485 2494 Es fehlte bei redlicher Bemühung das intime Ver¬
458 2480 1481 2528 hältnis zu jenen Eigenheiten, die Schnitzlerschen
450 2495 1488 2562 Dialog von Plauderstücken unterscheiden. Nicht im¬
451 2541 1491 2626 mer lags am Griff. Manche strebten nach Feinheit,
449 2587 1503 2647 aber sie paßten nicht zu ihren Rollen. So Herr Eugen
448 2639 1486 2690 Burg, der ein prächtiger, instinktvoller Schau¬
454 2653 1496 2727 spieler ist (für seine Haupttatigkeit im Komödienhaus
457 2712 1485 2763 viel zu schade). Aber den Anatol spielt er um zehn
471 2738 1490 2821 Jahre zu spät. Der kann die Würze des Halbreifen
467 2781 1487 2855 nicht entbehren. Die Blasiertheiten dieses Erlebnis¬
472 2840 1484 2905 jägers durften nicht so echt werden, wie sie unver¬
457 2875 1486 2950 meidlich einem bereits abgeklärten Darsteller geraten.
462 2907 1492 2971 Sonst wirken sie wie geistige Zurückgebliebenheit.
462 2967 1488 3035 Auch den Baron in der „Literatur“ gestaltete Burg
470 2986 1494 3061 als Dümmling. Er ist im Gegenteil etwas Ge¬
459 3043 1223 3116 scheites, das seine engen Grenzen hat.
526 3067 1503 3144 Unbefriedigend auch die weiblichen Figuren. Die
457 3128 1489 3196 [Orska enttauschte nicht als Cora, die vor allem
467 3155 1494 3232 sehr unbefangen zu sein hat. Das machte sie aus¬
477 3200 1492 3276 gezeichnet und erschrak glänzend. Doch ihre Annie
465 3251 1493 3305 im „Abschiedssouper“, war ein Rückfall in unter¬
465 3279 1493 3352 streichende Bewußtheit. Das Wienerische hatte den
473 3306 1507 3392 Tonfall der Z##wanderten, die beim Kopieren sich
471 3357 1509 3428 vergißt. Und ###misches knallte mehr, als es lustig
458 3408 1453 3458 war. Kurzum: es fehlte ihr die Regie Bernauer.
527 3441 1511 3519 Auch Frau Triesch kam mit Schnitzler nicht
471 3484 1512 3562 zusammen. Die Emilie wurde von ihr psychologisch
471 3535 1503 3594 überlastet, als ob es die Hedda Gabler ware. Zuviel
457 3560 1514 3661 Ehre für eine Wiener Kokotte. Die humoristische
491 3616 1505 3680 Figur der Margaretha gab die Künstlerin mit dem
480 3640 1508 3720 Ausdruck schwerster Verstörung. Man hörte Schreie,
484 3690 1521 3755 die sich im Augenblick des Entstehens zu überlegen
479 3736 1518 3798 schienen, ob sie tragisch oder parodistisch klingen
479 3795 660 3860 wollten.
544 3789 1526 3881 Für Schnitzler zu muskulös, aber seinen Absichten
473 3858 1521 3931 am nächsten kam Herr Eckert. Aber den zottigen
472 3898 1485 3977 Literaten übertrieb er. Auch hier fehlte Bernauer.
547 3937 1521 4001 Die Aufführung war in Gefahr, verboten zu wer¬
484 3981 1524 4039 den. Doch der Zensor ließ sich, wie erzählt wurde,
479 4018 1515 4089 durch die glänzenden Eindrucke der Generalprobe
473 4080 1518 4135 umflinmen. Ich ziehe schleunigst alle. Einwände zu¬
1227 4099 1487 4178 mi Faktor.
478 4119 606 4189 1ug.
992 4107 1237 4198 110
2156 344 2657 425 S#einesche euser
1897 389 2038 435 vom:
2028 389 2270 472 W
2082 453 2947 545 Ber liuer Bhsen #ung, Berlin
2302 520 2751 612 Morgen#sgase
2050 605 2793 692 ArthurZchuitzler=.
2036 682 2806 759 Theater in der Königgrätzer Straße.
1992 748 2900 800 Ein angenehm verplanderter Abend. Wie natürlich,
1953 799 2896 845 wenn Arthur Schnitzler Gastgeber ist. Sein Kunstter¬
1955 825 2903 887 tum im Plandern, erweist sich darin, daß seine Plander¬
1946 853 2893 924 kunst nur eines Themas bedarf. So ist seine
1957 902 2900 966 Planderkunst zugleich und wesentlich eine Varianten¬
1952 952 2903 1004 kunst. Eine so reiche Variamienkunst, daß man ihm
1956 995 2898 1037 ziemlich drei Stunden ohne Ermüdung lauschen kann.
1990 1035 2901 1079 Thema ist immer: Mann und Weib und Weib und
1953 1058 2902 1121 Mann. Freilich nicht in jener Verbindung, da sie an
1952 1099 2899 1168 die Gottheit heranreichen. Sondern in einer minder
1959 1135 2906 1199 heiligen, der eher das Wort als Motto dienen möchte:
1961 1189 2914 1236 Lanne löst, was Laune knüpste. Klassisches und iy¬
1965 1225 2907 1282 pisches Beispiel für diese Art der Verbindung, deren
1965 1256 2910 1319 geistreichster, kuktiviertester, dialogfreiester Schilderer
1962 1271 2918 1356 Schnitzler — all seinen eifrig kopierenden Epigonen
1968 1334 2907 1403 zum Trotz — bis heute geblieben, ist noch immer das
1978 1373 2906 1437 „Abschiedssouper . Die Variantenkunst gilt
1974 1426 2921 1471 im ganzen weniger dem Thema, das soweit das
1974 1447 2920 1526 gleiche ist, daß der Mann immer überlistet wird, als
1969 1492 2923 1556 vielmehr den Details. Und jenes Thema findet im
1974 1536 2917 1595 „Abschiedssonver“, den klassischen und iypischen
1975 1569 2921 1629 Ausdruck. Indem es hier sozusagen auf eine
1977 1597 2928 1670 Formel gebracht wird. Indem Mann und
1981 1647 2922 1709 Weib — wenn man nicht Männchen und
1968 1690 2915 1752 Weibchen sagen will — sich die Wahrheit ihrer gegen¬
1982 1749 2916 1788 seitigen Ueberlistung deutlicher, brutaler, minder ver¬
1986 1769 2924 1835 schleiert, zynischer gestehen, als sonst die Schnitzler¬
1986 1816 2917 1873 schen Typen. Und weil das hier dentlicher, brntaler,
1982 1847 2921 1908 minder verschleiert, zynischer geschieht, hat dies Stück
1982 1887 2916 1938 immer den lautesten Erfolg. Vielleicht weil es der
1989 1928 2923 1993 Zartheit, der Diskretion mehr ermangelt als andere
1989 1976 2922 2030 des Anatol=Zyklus, hatte man das Weibchen der
1980 2023 2927 2067 grellen Schauspielerin Orska gegeben. Die es
1990 2042 2934 2108 denn auch fertig brachte, den trumpfenden Schluß
1984 2088 2691 2150 aller wienerischen Grazie zu entkleiden.
2025 2121 2933 2185 Im ersten Stück des Abends: „Die Frage
1983 2165 2936 2225 an das Schicksal“ gab diese Schauspielerin
1983 2205 2923 2263 das von Anatol in Hypnose versenkte Mädchen, das
1995 2249 2933 2308 nach dem Erwachen so ängstlich bangt, eine geheime
1988 2297 2937 2349 Sünde im Dämmerzustande ausgeplaudert zu haben.
1986 2328 2939 2386 Hier war sie auf Einfachheit und Molligkeit gedrillt,
1995 2384 2936 2426 was bei ihr naturgemäß unwahrer wirkt, als wenn
1994 2413 2473 2467 sie sich knallig geben kann.
2033 2429 2950 2509 Ein meines Wissens noch nicht aufgeführtes Stück
1993 2486 2941 2550 aus dem Zyklus, „Denksteine betitelt, fällt
1996 2504 2950 2578 aus dem Rahmen, da es tragische Töne anzuschlagen
1994 2553 2950 2622 sucht und stark posiert. An zwei Edelsteinen werden
1995 2607 2940 2660 am Tage vor der Verehelichung aus der Vergangen¬
1993 2641 2951 2699 heit des Weibes, mit dem Anatol sich verbinden
1995 2673 2957 2747 will, bisher geheim gehaltene Beziehungen offen¬
2272 2715 2950 2765 mit dem verachtenden Ausruf
2000 2733 2271 2787 bar, und
2008 2771 2949 2828 „Dirne !“ empfiehlt sich Anatol. Frau Triesch
1991 2790 2967 2862 gab hier eine Hedda Gabler=Studie im kleinen, die ###
2005 2840 2954 2898 nicht ohne Interesse war, aber das Bedauern nicht
2000 2883 2944 2940 aufzuheben vermochte, daß Schnitzler ängstlich jeden
2002 2919 2732 2992 humoristischen Einschlag ferngehalten hat.
2049 2954 2964 3017 Um so erfreulicher durchwirkt dieser den an den¬
2001 2986 2958 3056 Schluß gestellten Einakter: „Literatur“, der viel¬
2002 3035 2965 3099 leicht darum besonders einschlug, weil er nach dem drei¬
2004 3075 2955 3131 mal abgewandelten Anatol=Thema andere Typen bringt.
2004 3115 2958 3173 Denn der Baron, der vor der Ehe mit dem
2008 3154 2954 3214 Weibe steht, das den Anatol =Geliebten nicht
2861 3195 2958 3241 ge¬
2007 3192 2854 3259 unähnlich sieht, hat mit Anatol nur das
2015 3226 2959 3293 mein, daß er auch überlistet wird macht dies
2015 3262 2961 3329 aber dank seiner erheblich bescheideneren Geistes¬
2013 3310 2958 3373 kräfte auch um vieles wahrscheinlicher. Und während
2014 3339 2963 3413 Max in den Anatol=Stücken nur dazu da ist, Mono¬
2014 3391 2952 3446 loge zu verhüten, ist der Schriftsteller Gilbert eine
2025 3426 2958 3500 selbständige Persönlichkeit, die aktiv in die Handlung ein¬
2023 3468 2970 3536 greift, — soweit bei Schnitzler von diesen Begriffen
2012 3503 2963 3563 überhaupt die Rede sein kann. Herr Eckert, der als
2021 3551 2963 3612 Max ein diskreter und humorvoller Zuhörerwar, gewann
2013 3585 2963 3653 als Gilbert eine prachtvolle, runde Körperlichkeit. Er
2023 3622 2966 3685 und Frau Triesch ergänzten sich trefflich zu einer
2019 3666 2968 3733 Charakteristik der ihr eigenes Leben und Erleben ab¬
2025 3719 2963 3767 konterfeienden Literatur. Herr Burg als literatur¬
2033 3745 2969 3819 fremder, dafür desto sortbewanderterer Baron zeich¬
2031 3790 2975 3847 nete die beschränkte Geistesverfassung mit bewährten
2021 3824 2972 3887 Lustspielmittein. Für den Anatol wollten diese
2024 3879 2962 3928 nicht immer zureichen. Der Schnitzlersche Typ des
2033 3881 2981 3962 vom Weibe erfällten Lebemanns erfordert doch weichere
2034 3945 2988 4000 Grazie und hat wesentliche Merkunterschiede volk
2038 3985 2969 4036 einem Fuldaschen Schwerenöter. Im ganzen aler
2451 4007 2974 4092 — hauptsächlich Dank Frau
2030 4032 2427 4082 blieb man Schnitzler
2022 4054 2968 4127 Tpieich und Herrn Ekert — nicht allzu vil schäldig.
2626 4095 2938 4166 Franz Röyhen.
