3344 4320
1058 251 2351 340 das Schicksal box 34/5
225 263 1089 363 1. Die Prage an—
625 451 988 534 Ausschnitt aus:
1112 505 1433 578 6 531.7977
634 519 1499 643 Bertiner Börsen (Prine u. Aarin.
627 599 1315 703 Mergeäusgatn
696 691 1577 849 Theater und Musik
820 813 1484 915 Authur=Schnitzler-Abend
632 868 1651 975 im Theater in der ##ntssräher Skraße.
697 931 1656 1026 Meinhard und Bernauer holen mit einem ge¬
612 966 1656 1070 wissen Eifer, der sich nicht überhastet, deutsche Dra¬
611 1008 1655 1106 matik nach. Vor ein paar Wochen freundeten sie sich
611 1049 1661 1156 it Wedekind an und gestern griffen sie auf den
594 1075 1651 1187 jungen Schnitzler zurück, auf jene fruhen Jahr¬
606 1132 1653 1225 gänge, wo er empfindsam modellierte Kleinkunst trieb.
616 1164 1658 1270 Man war gern bereit, in selbst erlebte Vergangenheit
612 1213 1657 1323 zurückzuwandern und das Interesse wurde von jener
616 1260 1648 1348 Neugierde gestachelt, die bei Jugendlieben nach Alters¬
609 1291 1611 1392 runzeln ausspäht. Es ist nicht zu schlimm damit.
676 1350 1649 1424 Der gutartige, liebeshungrige, aber im Vollgenuß
596 1382 1651 1492 durch Aphorismen behinderte Großstadtjüngling
600 1424 1647 1513 Anatol hat ein paar historische Folten bekommen.
600 1463 1650 1553 Auch sein Freund Max kann sich auf die Dauer als
599 1513 1641 1601 Dialogbehelf nicht verleugnen. Doch haben beide, vor
593 1561 1643 1634 allem Anatol kostbare Momente jener Wesensfrische,
589 1597 1650 1685 die nie verdampft. Bei der „Frage an das
595 1635 1643 1731 Schicksal“ hat sich die Vorführung einer Hypnose,
599 1672 1634 1763 dereinst szenische Sensation, wesentlich abgenutzt.
584 1717 1428 1801 Auch durschaut man, in Schnitzlersche
1450 1755 1636 1809 Einfälle
592 1754 1637 1853 allzusehr eingeweiht, viel zu früh das Motiv, so launig
591 1817 1625 1891 es auch Verstecken spielt. Der psychologische Kern,
580 1844 1633 1931 die Angst des Eifersüchtigen vor heimlich entrissenen
599 1879 1625 1990 Geständnissen, die Neigung zum Selbstbetrug, die
586 1920 1631 2009 Gegenschliche der Eigenliebe bleiben heitere Toku¬
573 1964 1625 2056 mente der Menschenkenntnis. Ausgeblichener sind die
586 2013 1619 2101 „Denksteine“, wo ein Gefühlchen sich zu hoch
583 2040 1610 2120 schraubt und die Spannung höher klettert, als ihr der
574 2087 1626 2182 Anlaß gestattet. Auch wird Anatol, der nie tragisch
583 2125 1626 2223 werden darf, weil ihn bloß Gereiztheit kleidet, zu,
575 2171 1624 2241 bitter und nimmt Anläufe zum Pathos. Man wurde
569 2220 1620 2307 nicht warm. Am herzlichsten begrüßte man das
559 2300 1598 2362 „Abschiedssouper“ wo alles Melancholische der Lust¬
548 2338 1576 2384 spieldichter überwindet. Zwischen sich jagenden
546 2377 1573 2439 Pointen und Farbengeflimmer wettern Situationen.
552 2424 1590 2475 Dramaturgisch interessant ist, wie das Mitwissertum
545 2451 1575 2514 des Publikums die Wirkung vorhergesehener Ueber¬
552 2502 1573 2548 raschungen nicht abschwächt, sondern lustige Voraus¬
550 2543 1574 2588 setzung ist. Natürlich nur bei überlegener Führung.
553 2583 1583 2630 Im übrigen gehört zur Aufführung Opfermut. Es
552 2615 1587 2680 wird Bordeaux und Sekt getrunken und noch schwerer
555 2664 1577 2720 zu Beschaffendes gegessen. Bloß die für den Schluß¬
552 2703 1584 2764 witz so wichtige Schlagsahne hat sich in Vanillecreme
550 2743 811 2808 verwandelt.
619 2790 1579 2840 Die drei Anatolszenen wurden um den Einakter
547 2810 1591 2887 „Literatur“ bereichert. Schnitzlers Humor nähert sich
557 2876 1574 2925 hier Schwankformen. Die Satire auf gelocktes, frei¬
562 2897 1586 2966 zügiges Literatentum, das Erlebnisse in die Welt
545 2947 1592 3017 trompetet, hat sich verbürgerlicht, wofür weniger
560 2987 1595 3043 Schnitzler kann, als die Zeit, die neue Typen der
543 3030 1591 3093 Boheme schafft. Aber gerade diese Uebereinstimmung
549 3077 1594 3137 mit landlaufigen Begrifsen von Schwabinger Naturen
538 3119 1157 3176 hat der Wirkung sehr genützt.
621 3148 1585 3199 Von der Aufführung war ich nicht sehr begeistert.
556 3191 1592 3251 Es fehlte bei redlicher Bemühung das intime Ver¬
558 3236 1593 3298 hältnis zu jenen Eigenheiten, die Schnitzlerschen
557 3269 1592 3347 Dialog von Planderstücken unterscheiden. Nicht im¬
551 3313 1586 3376 mer lags am Griff. Manche strebten nach Feinheit,
557 3360 1597 3415 aber sie paßten nicht zu ihren Rollen. So Herr Eugen
557 3402 1597 3453 Burg, der ein prächtiger, instinktvoller Schau¬
566 3428 1595 3495 spieler ist (für seine Haupttätigkeit im Komödienhaus
560 3476 1588 3527 viel zu schade). Aber den Anatol spielt er um zehn
572 3516 1592 3577 Jahre zu spät. Der kann die Würze des Halbreifen
562 3556 1588 3622 nicht entbehren. Die Blasiertheiten dieses Erlebnis¬
566 3609 1583 3660 jägers durften nicht so echt werden, wie sie unver¬
550 3645 1584 3708 meidlich einem bereits abgeklärten Darsteller geraten.
554 3696 1581 3738 Sonst wirken sie wie geistige Zurückgebliebenheit.
557 3723 1582 3779 Auch den Baron in der „Literatur“ gestaltete Burg
562 3767 1582 3814 als Dümmling. Er ist im Gegenteil etwas Ge¬
571 3804 1316 3871 scheites, das seine engen Grenzen hat.
607 3858 1585 3907 Unbefriedigend auch die weiblichen Figuren. Die
548 3871 1579 3950 [Orska enttäuschte nicht als Cora, die vor allem
558 3934 1575 3994 sehr unbefangen zu sein hat. Das machte sie aus¬
555 3970 1584 4038 gezeichnet und erschrak glänzend. Doch ihre Annie
564 4022 1580 4061 im „Abschiedssouper“, war ein Rückfall in unter¬
553 4052 1579 4109 streichende Bewußtheit. Das Wienerische hatte den
550 4093 1581 4148 Tonfall der Z##ewanderten, die beim Kopieren sich
560 4140 1578 4188 vergißt. Und #omisches knallte mehr, als es lustig
565 4180 1534 4236 war. Kurzum: es fehlte ihr die Renie Bernauer.
627 4212 1581 4264 Auch Frau Triesch kam mit Schnitzler nicht
