3344 4320
1466 248 1542 319 K
205 258 1842 331 1. Die Frage an das Schicaal
450 437 1490 520 Zeitung: Deutsche Tageszeitung
897 517 1301 577 (Morgen-Ausgabe)
441 529 934 644 Adresse: Berlin
437 674 667 760 Datum:
576 790 1244 882 Schnitzler=Abend.
338 875 1492 953 [Theater in der Königgrätzer Straße.)
383 941 1531 1009 Es ist wahrlich kein Vergnügen, an einem schwülen Mai¬
287 988 1521 1037 abend im Theater zu sitzen und noch schwülere Schnitzlersche
285 1031 1530 1070 Einakter über sich ergehen zu lassen. Anatol ist gewiß ein
287 1069 1521 1113 Typ, der vor Jahren interessierte; aber heute kennt man ja
282 1116 1521 1165 schon ganze Generationen von Nachfolgern dieses sansten, sich
285 1161 1528 1204 durch die (Frauen=) Welt schmarotzenden Wieners, so daß er
284 1204 1529 1254 selber — als Urtyp— nicht farbiger, plastischer, wirklicher er¬
284 1251 1522 1300 scheint als all die andern, die von betriebsamen Komödien¬
280 1292 1519 1341 schreibern nach seinem Muster geschnitzt sind. „Die Frage
283 1339 1524 1384 an das Schicksal“ schläserte beinahe ein, obgleich
280 1368 1517 1442 Eugen Burg den ängstlichen Anatol noch genießbar
280 1424 1523 1485 machte und Alexander Eiert als Freund Max vor
270 1465 1525 1528 Biederkeit strahlte. Maria Orska fiel in diesem Akl
271 1507 1513 1563 eigentlich weniger durch ihr Spiel als ihr Kostüm auf: die
272 1563 1513 1619 gewaltigen, dreiteiligen Hamstertaschen an den Hüften wirk¬
270 1598 1518 1664 ten durchaus zeitgemäß. Noch schwächer erschien der Akt
286 1650 1511 1704 „Denksteine“ in dem Irene Trieschs großes
252 1662 1515 1742 Können fast versandete. Unterhaltsam war dafür das flott
285 1732 811 1790 „Abschiedssouper“.
815 1731 1514 1777 Hier benahm sich Maria Orske
273 1777 1510 1839 als rabiate Ballettratte stilecht: sie plätscherte in dem Ele¬
274 1801 1509 1885 ment, das ihrem Wesen adäquat zu sein scheint. Auch der
267 1850 1510 1902 letzte Einakter „Literatur“ interessierte, weil er flott und
269 1897 1512 1948 sicher gespielt wurde. Irene Triesch, die schon viel
268 1949 1503 2007 sympathischer aussah als in „Denksteine“ gab die dichtende
272 1979 1519 2049 Margarethe sprühend und lebhaft, während Eugen Burg den
268 2032 1504 2101 blonden Clemens waschechte Wiener Züge verlieh. Alexandet
270 2075 1510 2133 Ekert hatte aus dem Bohsmedichter Gilbert eine stark ver
270 2121 1509 2188 gröberte Hartlebentype gemacht. Das Publikum nahm die
264 2171 1492 2216 Sächelchen ziemlich gemessen auf, nur beim „Abschiedssouper“
271 2208 885 2274 gab's einmal starken Beifall.
1297 2220 1481 2280 H. K.
951 2320 1124 2387 —Unch.
315 2385 817 2471 2 Ausschnitt aus:
1089 2418 1419 2504 Schetsserrir
523 2456 832 2546 6 fli Serstenn
912 2472 1498 2555 Sreen enen
308 2500 542 2566 E vom:
804 2491 1475 2592 m Aunmne.
555 2544 596 2595 1
618 2547 1425 2637 Tgeszeitung, Beriin
588 2675 1258 2768 Schnitzier=Abend.
347 2751 1497 2836 (Theaterin Der Köningrüser She.)
384 2821 1568 2865 Es ist wahrlich kein Vergnügen, an einem schwülen Mai¬
300 2876 1545 2934 abend im Theater zu sitzen und noch schwülere Schnitzlersche
297 2922 1540 2969 Einakter über sich ergehen zu lassen. Anatol ist gewiß ein
300 2953 1547 3003 Typ, der vor Jahren interessierte; aber heute kennt man ja
299 3002 1545 3060 schon ganze Generationen von Nachfolgern dieses sanften, sich
303 3046 1548 3091 durch die (Frauen=) Welt schmarotzenden Wieners, so daß er
300 3082 1547 3152 selber — als Urtyp— nicht farbiger, plastischer, wirklicher er¬
292 3134 1553 3183 scheint als all die andern, die von betriebsamen Komödien¬
284 3174 1543 3236 schreibern nach seinem Muster geschnitzt sind. „Die Frage
299 3227 1541 3276 an das Schicksal" schläferte beinahe ein, obgleich
299 3255 1546 3324 Eugen Burg den ängstlichen Anatol noch genießbar
289 3301 1542 3359 machte und Alexander Ekert als Freund Max vor
298 3352 1545 3405 Biederkeit strahlte. Maria Orska fiel in diesem Akt
303 3395 1534 3443 eigentlich weniger durch ihr Spiel als ihr Kostüm auf: die
302 3440 1541 3497 gewaltigen, dreiteiligen Hamstertaschen an den Hüften wirk¬
299 3487 1536 3549 ten durchaus zeitgemäß. Noch schwächer erschien der Akt
302 3536 1547 3587 „Denksteine“, in dem Irene Trieschs großes
290 3570 1533 3617 Können fast versandete. Unterhaltsam war dafür das flotte
303 3610 1540 3682 „Abschiedssouper“. Hier benahm sich Maria Orska
301 3662 1541 3702 als rabiate Ballettratte stilecht: sie plätscherte in dem Ele¬
301 3705 1536 3758 ment, das ihrem Wesen adäquat zu sein scheint. Auch der
301 3751 1538 3797 letzte Einakter „LiteraturLinteressierte, weiler flott und—
302 3799 1532 3853 sicher gespielt wurde. Irene Triesch, die schon viel
304 3825 1538 3877 sympathischer aussah als in „Denksteine“ gab die dichtende
308 3863 1545 3925 Margarethe sprühend und lebhaft, während Eugen Burg dem
292 3919 1539 3976 blonden Clemens waschechte Wiener Züge verlieh. Alexandet
299 3967 1550 4022 Ekert hatte aus dem Bohemedichter Gilbert eine stark ver¬
300 3992 1539 4061 gröberte Hartlebentype gemacht. Das Publikum nahm die
303 4057 1534 4129 Sächelchen ziemlich gemessen auf, nur beim „Abschiedssoupery
308 4103 910 4155 gab's einmal starken Beifall.
1332 4096 1497 4160 H. K.
1244 4183 1531 4245 „
1871 250 2331 342 box 34/5
1889 1459 2281 1540 Ausscamitt Sue
2092 1514 2835 1602 Berliner Morgenpost, Berlin
2098 1563 2180 1613 3
1882 1571 2046 1626 vom:
2139 1752 2837 1840 Arthur Schnitzler-Abend.
2045 1821 2934 1902 im Theater in der Königgrätzer Straße.
1970 1885 2956 1953 „Anatol!“ „Schier dreißig Jahre bist du alt“ —
2970 1889 3092 1956 und
1891 1935 3082 1995 zähltest, als du zur Welt kamst, höchstens fünfundzwanzig! Ein
1891 1969 3089 2022 Menschenalter ging über dich dahin! Du hättest es vielleicht lächelnd
1887 1997 3093 2056 ertragen, wären nicht die Zeiten zu böserletzt so andere geworden.
1901 2041 3087 2100 Aber jetzt in diesen Stürmen des Weltkrieges diese tändelnden Ge¬
1888 2083 3087 2140 nießerblüten vom Wiener Anatol uns vorzusetzen — es war wirk¬
1888 2118 3099 2204 lich kein glücklicher Einfall, meine Herren Direktoren Meinhard
1887 2155 2196 2211 und Bernauer!
1951 2188 3087 2263 Man will und wag ja gegen Arthur Schnitzler nichts sagen.
1886 2225 3089 2299 Er hat uns auch gestern manchmal mit Geist und Grazie erfreut,
1886 2274 3090 2326 hat uns verschmitzt mit Doppelsinnigkeiten geneckt und uns als gute
1898 2310 3095 2376 Freunde zuletzt wieder bchalten. Wir grüßen Dich, halkyonischer
1894 2348 3092 2403 Arthur Das bißchen Mehltau auf Deinen Haaren soll uns nicht
1891 2386 3088 2461 gar zu sehr beteüben — wir alle zahlen den Zoll des Irdischen.
1889 2428 3086 2489 Nurhütte man's nicht just jetzt uns in Erinnerung bringen sollen ...
1961 2471 3091 2528 Und auch die Künstler, die „Anatol“ und „Max“ diese mit
1891 2500 3095 2552 Liebeserjahrenheit kolettierenden, in bunten Glitzerweisheiten sich
1889 2540 3090 2605 bespiegelnden Lebejünglinge, vorzutäuschen hatten, waren beleibte
1879 2589 3082 2644 Herren gesetzten Alters — weil sie einmal jung gewesen! Vor
1889 2625 3090 2679 zwanzig Jahren wohl hätte man die Herren Burg und Eckert
1890 2661 3083 2723 in diesen Rollen seher mögen. Jetzt boten sie bloß noch, wenn
1875 2701 3085 2744 auch stattliche, heangerestes. Dann mimten die Damen Orska
1890 2747 3091 2801 und Triesch dazwischen, sollten nichtsnutzige, verlicbte, und
1884 2767 3093 2835 immer noch liebenswerte Wiener Mädel sein. Es gelang
1893 2803 3093 2878 ihnen nur sehr zum Teil. Die Triesch ist eigentlich auch
1883 2847 3090 2901 schon darüber hinaus. Und die Orska vermag sich nicht loszulösen
1878 2895 3087 2949 vom Ewig=Luluhaften. Was sie im „Abschiedssouper“ bot, war
1883 2928 3092 2986 ja gewiß roffiniert und springlebendig. nur in einer falschen Re¬
1880 2970 3091 3028 gisterlage. Man durfte nicht daran denken, welche Vollsechtheit
1877 3015 3092 3083 und blutvolle Naivität die Niese einst in dieser Rolle zu zeigen
1885 3047 2766 3091 weßte — nun aucheschon vor achtzehn Jahren!
1934 3082 3090 3145 Fen drei „Anatol“=Schnörlelcien folgte. aus einer anderen
1884 3094 3086 3184 Schultler= Periode, ein vorsichtig frappierter und ausgekühlter
1882 3161 3089 3203 Sekt, das witzreiche Lustspiel „Literatur". Man sah es oft
1889 3202 3059 3253 und hat sich immer wieder gut darin untethalt u. obwohl alles
1892 3234 2977 3293 ein wenig überspint und irenisch ausgeklügelt erscheint.
1890 3270 2133 3317 waren #n *
2322 3278 2869 3336 urg und Sckert besser am
1884 3304 2824 3380 besonders letzterer ichui aus eiem viertülnshen, ##
