3228 4164
304 228 545 303 7. Di
636 233 1363 318 Frau des Veisen
434 256 1378 350 n e Sen n enenenenentene aen entenente uen en nenene
1082 556 1468 648 Telephon 12801.
365 652 401 698 2
342 686 407 721 5
1328 730 1459 824 WUN
419 725 1309 835 Km Be
327 777 404 824 —
405 801 1463 873 I. österr. behördl. konz. Unternehmen für Zeitungs-Ausschulfte
330 856 411 901 70
494 880 1366 966 Wien, I., Concordiapiatz 4.
323 928 415 996 2
723 942 1148 1012 Vertretungen
359 987 402 1043 0
401 997 1463 1056 in Berlin, Budapest, Chicago, Christiania, Genf, Kopen¬
395 1036 1467 1107 hagen, London, Madrid, Mailand, Minneapolis, New -Vork,
319 1038 399 1104 355
426 1081 1336 1150 Paris, Rom, San Francisço. Stockholm, St Pettr#
657 1093 1483 1182 SchEsORRB. SScIat. Wien
337 1146 813 1239 1 Ausschnitt aus:
741 1231 1036 1314 28 5 8
309 1258 561 1343 E vom:
526 1231 1555 1353 Kainz=Abend. Im großen Musikvereinssaale ver¬
452 1289 1559 1412 sammelt###stern Josef Kainz zu wohltätigem Zwecke seine
450 1333 1553 1458 Anhäuterum sich, und siehe, der Saal war ganz gefüllt.
459 1379 1565 1504 Kainz mVorlesetische ist bekannt und er war auch dies¬
459 1413 1558 1535 mal nicht anders als sonst: Virtnoser Vortrag, meisterhafte
459 1482 1561 1569 Beherrschung der Stimmittel, manchmal eine charalteri¬
467 1493 1580 1634 sierende Geste oder Gebärde und gleich darauf, unvermutet,
460 1555 1576 1678 ein Virtuosenmätzchen, das dann recht erheblich zu stören
464 1599 1569 1710 vermag. Das Programm, das sich Kainz zurechtgelegt, war
465 1638 1570 1748 etwas einseitig und langwierig. Schillers „Die Götter
465 1683 1578 1810 Griechenlands“ und der Odyssee neunter Gesang fanden un¬
469 1724 1577 1841 geteilte Aufmerksamkeit. Einige mondaine Kleinigkeiten von
477 1762 1575 1895 Rainer Maria Rilke, die folgten, schienen Kainz besonders
482 1810 1592 1934 zu liegen. Dann aber kam eine gewisse Ermüdung über den
481 1854 1591 1974 Saal, die einem Bruchstüche aus „Manfred“ in Kainz'scher
483 1897 1588 2016 Uebersetzung nicht gerade förderlich war. Noch ärger war's,
490 1945 1595 2055 als Kainz eine ebenso end= als bedeutungslose Novelle
501 1987 1611 2094 Schnitzlers vorlas. Den Schluß machte nach 2½stündiger
494 2035 1600 2147 Dauer eine Mark Twain'sche Humoreske, nach welcher ein
502 2054 1607 2192 kleiner Kainz=Rummel losging, der sich aber recht bald
1378 2116 1566 2169 f. von S.
506 2185 626 2252 Tegte.
480 2258 985 2350 eun.  ihenunneraunn
1375 2257 1564 2357 BWge
882 2320 1271 2370 (Quellenangabe ohne Gewähr.)
475 2324 564 2374 1
466 2362 507 2426 2
502 2335 1541 2445 S Aussonhittläus;Teie Fresse, Wien
1001 2428 1286 2508 98 2 1908
465 2469 712 2547 E vom:
494 2550 1589 2625 [Kainz=Vorlesung.] Josef Kainz ist heute im
427 2600 1577 2649 großen Musikvereinssaal wieder als Vorleser erschienen. Und
434 2650 1572 2690 es war wieder ein Triumphs jener beiden großen Eigen¬
422 2681 1582 2749 schaften, die ihm auch sein Kön der Bühne das Gepräge
420 2733 1583 2775 dir Vollkommenheit geben: der Macht seiner Rede und der
422 2771 1576 2827 Feinheit lseines knstlerischen Verständnisses. T.chtungen,
426 2819 1580 2865 welche Jahrtalsende und Jahrhunderte von uns trennen, die
426 2854 1566 2912 in fremdenSprachen erblüht sind, wurden zur hellsten Wirk¬
417 2902 1574 2951 lichkeit erweckt durch die wunderbare Stimme des Künstlers,
421 2947 1575 2987 durch den Rhythmus seiner Rede, die bald dahinjagt wie ein
420 2982 1574 3043 Gespann feuriger Pferde, bald melodisch stille steht und sich
425 3026 1585 3082 in das Innerste der Seele senkt. Schillers „Götter Griechen¬
414 3072 1577 3143 lands“ gaben das Präludium zu dem neunten Gesang der
419 3107 586 3168 Odyssee,
592 3115 1575 3163 welcher das Cyklopenabenteuer des Laertiaden
413 3155 1572 3198 schildert. Die klassische Klarheit und Plastik des ewigen Ge¬
413 3196 1577 3256 dichtes schien durch den Vortrag des Künstlers noch erhöht
414 3238 1558 3293 zu werden. Von Homer zu — Rainer Maria Rilke, auch
418 3279 1568 3330 dieser Sprung gelang Kainz, soweit es der junge Dichter er¬
414 3325 1564 3391 möglichte. Freilich, Gedichte wie „Der Schonende"“, „Auf¬
415 3367 1571 3410 erstehung" „Der Fahnenträger“ können mit ihrer artistischen
419 3408 1571 3454 Fremdheit einem großen Publikum auch von Kainz nicht ver¬
410 3453 1570 3495 ständlich gemacht werden. In eigener, formvollendeter Ueber¬
415 3493 1573 3543 setzung las Kainz dann die erste Szene von Byrons „Man¬
413 3540 1572 3595 fred“. „Die Frau des Weisen“ von Arthur Schnitzler bot
403 3581 1566 3632 Kainz Gelegenheit, eine edle, einfache Prosa durch seine am
403 3631 1567 3680 Vers geschmiedete Smme wohltönend wie gebundene Sprache
401 3667 1560 3719 dahinfließen zu lassen. Der übliche Kainz=Jubel belohnte den
410 3705 1574 3783 Künstler nach jedem Stück seines Programms. Wa Schlusse.
559 3745 1089 3828 n nicht anden zu wollen.
1482 256 1897 346 box 1/5
2872 252 3222 335 Telephen 12801
2110 423 3232 522 P Mnd Be
2129 518 3223 571 Ο l. österr. behördl. konz. Unternehmen für Zeitungs-Ausschhitt
2298 560 3153 662 Wien, I., Concordiaplatz 4.
2116 626 2216 700 —
2508 646 2944 705 Vertretungen
2160 690 3234 742 D in Berlin, Budapest, Chicago, Christiania, Genf, Kopen
2109 739 3226 802 hagen, London, Madrid, Mailand, Minneapolis, New-Vork
2226 782 3215 833 Paris, Rom, San Francisco, Stockholm, St. Petersburg.
2516 813 2935 862 (Quellenangabe ohne Govähr.
2145 813 3232 933 & Ausscällues mastes Wiener Extrablatt, Wie
2141 903 2189 976 55
2583 906 2968 996 Abendblatt
2285 920 2563 1007 28. 2. 1908
2130 968 2342 1028 E vom:
2282 1053 3167 1103 (Kainz=Vorlesung.) Josef Kainz las gestern
2178 1089 3167 1139 im großen Musikvereinssaale, und man weiß, was
2180 1143 3173 1189 das bedeutet. Künstlerisches Erfassen und Macht der
2178 1182 3176 1242 Rede verelnigen sich zu eindrucksvoller Harmonie. Das
2177 1228 3163 1268 Fernste wird uns nahegerückt, das Feinste in den
2174 1266 3159 1329 Lichtkreis klarer Erkenntniß gezogen. Lorik und
2177 1316 3163 1360 Epik, Schiller und Schnitzler, Homer und Byron
2170 1345 3165 1413 kpmmen zu ihrem Rechte. Dann las Kainz Rainer
2179 1394 3161 1438 Maria Rilke, den jungen Dichter, dessen
2165 1430 3161 1480 Verse wie längst vertraute Melodien klingen,
2167 1480 3161 1538 der die Sprache formt und modellirt, wie der
2176 1513 3157 1567 Bildhauer den Stein. „Das Carroussel“, „Der Tod
2168 1559 3155 1623 des Dichters“, „Der König“ und „Der Schauende“
2164 1603 3166 1665 wurden von Kainz meisterhaft zum Vortrage ge¬
2170 1654 3163 1715 bracht. Ueberflüssig ist zu sagen. daß die Begeisterung
2174 1697 3190 1765 des jugendlichen Auditorums alle Dämme durchorach.
2278 1735 3182 1821 (lephaftungen.) Der27jäbrige Reisent
2753 1957 3140 2053 Telephon 12801.
2865 2047 3132 2231 M
2119 2130 2857 2230 MNLEFTETE
1994 2179 2075 2233 600
2010 2220 3142 2290 O l. österr. behördl. konz. Unternehmen für Zeitungs-Ausschnitte
2165 2277 3025 2357 Wien, I., Concordiaplatz 4.
2393 2347 2814 2412 Vertretungen
2026 2394 3138 2446 O in Berlin, Budapest, Chicago, Christiania, Genf, Kopen¬
1997 2441 3126 2501 hagen, London, Madrid, Mailand, Minneapolis, New-Vork,
2111 2485 3109 2546 Paris, Rom, San Franciscc, Stockholm, St. Petersburg.
2406 2519 2792 2586 (Quelienangabe ohne Gewähr.
2007 2555 2324 2652 6 Ausschn
2272 2599 3097 2699 usterr Wollgs Zeitung, Wien
1982 2671 2221 2733 E vom:
2115 2678 3020 2855 Theater und Kunst.
2134 2822 3056 2905 Kainz=Vorlesung. Der große Musikvereinssaal
2069 2861 3057 2939 gesteckt voll: Die hundert= und aberhundertköpfige Kainz¬
2066 2924 3061 2989 Gemeinde. Sie wird Bestand haben, denn ihre Mitglieder
2067 2970 3056 3035 sind jung. blutjung. Fast nichts als blühende Mädchen
2052 3010 3057 3077 zwischen siebzehn und zwanzig, nur ab und zu versprengt
2054 3051 3051 3116 in diesem weißen Fliederkranz ein dunkles, graues Blatt.
2057 3092 3055 3159 Alles wird beiubelt, was der Verehrte spricht, auch das
2056 3141 3051 3208 was schon allein, in stiller Einsamkeit gelesen, oft schwer,
2048 3186 3057 3246 wenn überhaupt verständlich ist, wie die dunklen Verse
2051 3236 3057 3284 Reiner Maria Rilkes, den unter anderen Ellen Key für
2049 3265 3045 3325 einen der größten deutschen Lyriker der Gegenwart hält.
2046 3315 3042 3362 Kainz las alles, Lyrisches und Episches, Schiller und
2045 3360 3049 3418 Schnitzl= Homer und Byron (den Engländer in eigener
2042 3386 3032 3461 Urbersetzung). Im Feuerfluß der Schillerschen Strophen,
2041 3433 3042 3512 im wuchtigen Tempo des Homer=Voßschen Hexameters
2054 3478 3041 3538 war sein Organ und sein Ausdruck prächtig und von
2041 3528 3038 3588 starker Wirkung. Denn er spricht Stahl, des Riesen Poly¬
2046 3569 3040 3634 phems Weise und Wül hallten durch den Saal. Aber
2046 3608 3039 3678 Stimmungen der Resignation, weiche, lyrische Empfin¬
2045 3641 3041 3715 dungen sind auf seiner Zunge zu hart gebettet. Aber immer
2045 3699 3031 3767 jubelte man ihm entgegen, auch dort, wo bestenfalls nur
2041 3742 3039 3826 dunkle Ahnung — wie bei den Versen Rilkes — die jungen
2034 3782 2921 3865 Mädchen zur leichtentflammten Begeisterung hinriß.
2873 3833 2994 3912 Fel.
