3248 4064
444 39 508 116 D
638 48 938 115 Frende
1086 42 1471 149 box 2/3
239 43 946 166 14. J1e  nan
574 579 809 643 Seite 32
1221 578 1558 647 Wien, Sonntag
2011 576 2717 653 Neue Freie Presse.
3107 580 3256 656 18.M
523 665 1705 743 nur das Bewußtsein, daß er in eine wol wundersame,
1715 669 3256 728 dessen Bildniß sie als junges Mädchen in der Liechten= kurzes Wort der
523 725 1705 779 aber ungewisse und dunkle Epoche seines Lebens einge¬
1723 725 2901 793 stein=Galerie gesehen hatte. Und so dämmerte auch jetzt
2894 726 3258 794 deutlichen Empfit
532 773 1706 835 treten war. Und wie er so durch den Sonntag spazierte,
1715 770 2895 820 ihr Wesen hin, wie nach unbekannten oder ungewissen
2900 778 3257 841 rina nicht das g
532 820 1702 880 von Straße zu Straße, durch Gärten und Alleen, den
2903 820 3255 884 wieder davon ab
1723 816 2893 880 Zielen, und Albert ahnte, daß er nichts Anderes für sie
524 851 1713 932 Frühjahrshimmel über sich, an manchen fröhlichen und
2900 864 3257 933 kleinen Revolver
1713 862 2891 926 bedeutete als irgend Einer, dem sie in einer Gesellschaft
532 913 1704 970 unbekümmerten Menschen vorbei, da fühlte er, daß er
2898 916 3257 987 die Stadt zu wan
1718 910 2897 985 zu einer Runde durch den Saal den Arm gereicht hätte.
533 958 1703 1011 von nun an nicht mehr zu diesen gehörte und daß über
1722 970 2898 1027 Und da ihm jede Kraft gebrach, sie aus ihrer ver¬
2901 966 3245 1033 zu stören, den S
532 1006 1605 1089 ihm ein Geschick anderer und besonderer Art walte.
2988 1011 3256 1072 Ein Somme
1716 1009 2898 1080 schwommenen Art des Daseins emporzuziehen, fühlte er
2901 1042 3243 1121 früher Schwüle
1723 1064 2897 1111 endlich, wie ihn der verwirrende Hauch ihres Wesens zu
614 1060 1705 1130 Jeden Abend saß er nun oben in dem gewölbten
1723 1100 2885 1166 betäuben und wie sich allmälig seine Weise zu denken,
524 1118 1706 1167 Zimmer. Zuweilen sang Katharina mit einer angenehmen
2898 1159 3245 1220 hundert Schritte
1714 1151 2884 1214 ja selbst zu handeln, aller durch das tägliche Leben ge¬
531 1156 1712 1240 Stimme, aber beinahe völlig ausdruckslos, einfache, meist
2895 1197 3256 1264 rinens Gestalt v
1723 1202 2897 1263 gebenen Nothwendigkeit zu entäußern begann. Es fing
520 1208 1704 1271 italienische Volkslieder, zu denen er sie auf dem Clavier
2908 1248 3251 1315 Sonnenschirm in
1721 1254 2887 1317 damit an, daß er Einkäufe für den künftigen Hausstand
524 1265 1706 1318 begleitete. Nachher stand er oft mit ihr bis zum späten
2903 1297 3256 1364 Die erste Regung
1727 1304 2895 1354 machte, die seine Einnahmen weit überstiegen. Dann
536 1310 1710 1358 Abend am Fenster und sah in den stillen Hof hinab, wo
2902 1338 3256 1409 abzubiegen, aber
1715 1348 2897 1416 schenkte er seiner Braut Schmuckgegenstände von beträcht¬
525 1354 1704 1419 die Bäume grünten und knospten. An schönen Nachmit¬
2907 1393 3256 1458 seine Vorsätze u
1721 1396 2895 1451 lichem Werth. Und am Tage vor der Hochzeit kaufte er
524 1413 1710 1477 tagen traf er manchmal im Belvederegarten mit ihr
2909 1440 3247 1504 folgen, um sichn
1719 1446 2897 1497 ein kleines Häuschen in einer Gartenvorstadt, das ihr auf
527 1458 1707 1512 zusammen; dort war sie meist schon lang gesessen, und
2903 1483 3258 1549 vor einer Minute
1724 1485 2895 1561 einem Spaziergang wohlgefallen hatte, und überbrachte
526 1502 1702 1566 hatte den Kinderspielen zugesehen. Wenn sie ihn kommen
2896 1531 3241 1604 stehen geglaubt
1718 1539 2892 1606 ihr am selben Abend eine Schenkungsurkunde, durch die
534 1548 1708 1600 sah, stand sie auf, und dann spazierten sie auf den be¬
2899 1583 3245 1648 sie sich umwende
1711 1577 2899 1653 es in ihren alleinigen Besitz überging. Sie aber nahm
530 1596 1704 1666 sonnten Kieswegen auf und ab. Anfangs redete er manch¬
1723 1628 2895 1689 Alles mit der gleichen Freundlichkeit und Selbstverständ¬
2896 1629 3258 1697 den Weg dem H
532 1652 1701 1713 mal von seiner früheren Existenz, von den Jugendjahren
2899 1675 3256 1746 fernung. Jetzt we
1716 1682 2897 1748 lichkeit hin, wie früher den Antrag seiner Hand. Gewiß
529 1695 1701 1752 im Grazer Elternhaus, von der Studienzeit in Wien, von
2896 1725 3256 1792 Thor offen stand
1715 1729 2887 1785 hielt sie ihn für reicher, als er war. Im Anfang hatte
520 1741 1701 1797 Sommerreisen, und er wunderte sich nur über die Schatten¬
2904 1771 3257 1838 einigen Augenblic
1714 1784 2885 1852 er natürlich daran gedacht, auch über seine Vermögens¬
531 1785 1707 1851 haftigkeit, in der ihm sei st beim Versuch erinnernden Ge¬
2895 1819 3256 1886 ganges im tiefsten
1715 1825 2893 1897 verhältnisse mit ihr zu reden. Er schob es von Tag zu.
526 1831 1702 1901 staltens sein bisheriges Leven erschien. Vielleicht lag es auch
2895 1871 3258 1937 langsam durch de
1713 1877 2891 1935 Tag hinaus, da ihm die Worte versagten; aber endlich
518 1876 1706 1943 daran, daß Katharina allen diesen Dingen nicht das
2901 1912 3257 1978 säulen der alten
1718 1918 2882 1983 kam es dahin, daß er jede Aussprache über dergleichen
520 1929 1706 1998 geringste Interesse entgegenbrachte. Sie blieb ihm fremd.
2895 1959 3225 2027 Plötzlich hielt
1709 1966 2889 2028 Dinge für überflüssig hielt. Denn wenn sie über ihre Zu¬
527 1987 1701 2046 Seltsame Dinge ereigneten sich, die an sich ohne Bedeu¬
2896 2009 3256 2074 Platz, wo er bis
1715 2006 2893 2083 kunft redete, so that sie das nicht wie Jemand, dem ein
520 2024 1697 2083 tung sein mochten, die aber jedenfalls ohne Erklärung
1712 2051 3256 2112 vorgezeichneter Weg ins Weite weist; vielmehr schienen ihr Bogen hinter da¬
517 2082 1708 2136 blieben. So begegnete Albert eines, Tages um die Mittags¬
2895 2103 3256 2170 gewaltig in der
1719 2109 2889 2182 alle Möglichkeiten nach wie vor offen zu stehen, und nichts
520 2124 1708 2188 stunde seiner Braut auf dem Stephansplatz in Gesellschaft
2891 2152 3249 2217 regungslos vor
1713 2157 2883 2211 in ihrem Verhalten deutete auf innere oder äußere Ge¬
524 2171 1704 2233 eines in Trauer gekleideten, eleganten Herrn, den er früher
2895 2205 3256 2273 auf den Degen 1
1716 2206 2887 2277 bundenheit. So wußte Albert eines Tages, daß ihm ein
531 2212 1710 2271 nie gesehen hatte. Albert blieb stehen, aber Katharina
2896 2250 3255 2314 ewigen Augen
1716 2243 2879 2323 unsicheres und kurzes Glück bevorstand, daß aber auch
523 2277 1705 2335 grüßte kühl, und ohne sich um ihn zu kümmern, ging sie
2891 2293 3257 2363 erhabener Müdig
1722 2298 2892 2357 Alles, was folgen könnte, wenn sie ihm einmal ent¬
526 2313 1704 2378 mit dem fremden Herrn weiter. Albert folgte ihr eine
2899 2344 3256 2419 und der Zwecklos
1714 2344 2880 2431 schwunden war, jeglicher Bedeutung für ihn entbehrte.
527 2357 1704 2426 Weile, der Herr stieg in einen Wagen, der an einer
2897 2389 3249 2458 ginge sein ganzer
1713 2396 2891 2456 Denn ein Dasein ohne sie war für ihn vollkommen un¬
528 2419 1704 2472 Straßenecke auf ihn wartete, und fuhr davon. Katharina
2905 2442 3247 2499 stand vor der Bi
1715 2445 2885 2521 denkbar geworden, und es war sein fester Entschluß ge¬
524 2457 1706 2517 ging nach Hause. Als Albert sie Abends fragte, wer der
2902 2484 3256 2558 Antlitz. Albert bl
1712 2488 2885 2567 worden, einsach die Welt zu verlassen, sobald ihm
531 2515 1695 2575 Herr gewesen wäre, sah sie ihn befremdet an, nannte
2891 2535 3248 2603 dann wagte er
1717 2535 2881 2619 Katharina verloren war. In dieser Sicherheit fand er den
522 2552 1700 2625 einen ihm gänzlich unbekannten polnischen Namen und
2891 2581 3256 2650 müssen, aber sie
1714 2594 2888 2672 einzigen, aber würdigen Halt während dieser wirren und
518 2604 1698 2665 zog sich für den Rest des Abends auf ihr Zimmer zurück.
3165 2636 3256 2685 en
2905 2631 3156 2702 sie auf dersel
1708 2629 2162 2708 sehnsuchtsvollen Zeit.
529 2657 1697 2718 Ein anderesmal ließ sie Abends lang vergeblich auf sich
2902 2671 3107 2741 mit rothen
525 2691 1713 2773 warten. Endlich erschien sie, als es zehn Uhr schlug, mit
1794 2701 2881 2766 Am Morgen, da Albert Katharina zur Trauung ab¬
2894 2726 2972 2787 sie
520 2765 1704 2808 einem Strauß von Feldblumen in der Hand und er¬
1705 2720 2877 2817 holte, war sie ihm gerade so fremd als an dem Abend, da
2892 2773 2978 2835 wie
1713 2798 2880 2868 er sie kennen gelernt hatte. Sie wurde die Seine ohne
519 2788 1701 2858 zählte, daß sie auf dem Lande gewesen und auf einer
2890 2820 2986 2889 säul
1721 2838 2891 2917 Leidenschaft und ohne Widerstreben. Während sie an seiner
529 2842 1699 2901 Wiese eingeschlafen sei. Die Blumen warf sie zum Fenster
2888 2870 2989 2953 ging
1716 2892 2889 2964 Seite schlief, schien sie ihm nicht mehr zu gehören als ihren
524 2893 1708 2941 hinab. Einmal besuchte sie mit Albert das Künstler¬
1709 2937 2877 3011 Erinnerungen und ihren Träumen. Nichts hatte sich geän¬
527 2933 1703 2996 haus und stand lang mit ihm vor einem Bild, das eine
2888 2940 3028 3022 mal u
1709 2980 2889 3068 dert. Eie war so frei wie früher, und er war ihr völlig
531 2995 1703 3052 grüne einsame Höhenlandschaft mit weißen Wolken drüber
2887 3011 3051 3075 herange
1713 3026 1922 3096 verfallen.
526 3041 1704 3099 vorstellte. Ein paar Tage darauf sprach sie von dieser
2901 3060 3166 3122 berührte. Eili
526 3068 1706 3145 Gegend, als wäre sie in Wirklichkeit über diese Höhen
1793 3074 2889 3168 So kam es, daß ihr Verschwinden heute Früh und ihr
2889 3101 3256 3170 fall kam ihm, der
524 3137 1700 3192 gewandelt, und zwar als Kind in Gesellschaft ihres ver¬
1716 3120 2878 3214 seltsamer Brief ihn nur erschüttert hatte, ohne ihn eigent¬
2891 3151 3256 3226 und dessen er sich
523 3186 1701 3247 storbenen Bruders. Zuerst glaubte Albert, daß sie scherzte,
1708 3182 2892 3261 lich zu überraschen. Er hätte sie und sich zu erniedrigen
2889 3203 3258 3265 Geliebte zu thun,
523 3231 1695 3301 allmälig aber merkte er, daß das Bild selbst für sie in
1712 3237 3256 3314 geglaubt, wenn er geforscht hätte. Wer sie ihm genommen zu einer Kunsthau
516 3270 1690 3344 Der Erinnerur lebdig geworden war. Damal###
1712 3278 1844 3333 hatte
1839 3280 3245 3350 * eine Laune, ob ein Traum, ob ein lebendigers er, ob eine Bron
1716 3318 1823 3373 #
517 3307 870 3393 er, wie sich sern
1878 3329 3245 3417 war ja viillig gleichgiltig; er wußte nichts und licher Größe zu k
512 3338 1569 3448 pe ##f lu bega r je un icher=ihm ihr
2253 3376 3256 3464 ille sie ihm nicht eine solche vor ei
2064 3415 2211 3489 cht
2269 3419 2892 3510 — seher gut, di Gdas Unver¬
585 3417 1614 3489 entgleitenlicht B um so hoffnungslos dringender
2883 3434 3257 3505 Besteller, ein Lord
1947 3454 2880 3550 fruy gekommen war. Sein Vermögen war
565 3483 1623 3546 ue Sehnsucht #a, lihr. Zuwäilen gelang es ihm,
2887 3486 3246 3551 sich, das Kunstwer
1938 3523 2892 3584 auf des Hauses auf das Gerin ste zusammen¬
518 3516 1640 3593 vin ihrer Jugen### den zu machen. Doch Alles, was
2884 3526 3257 3600 Preis. Er entspra
1955 3573 2888 3643 und von seinem kleinen Gehekonnten sie
524 3565 1603 3643 berichtete, Erzählungen wirklicher Geschehnisse und
2889 3580 3258 3652 Albert gab seine
1908 3621 2879 3679 Mit ihr von Einschränkungen um von den
1711 3592 1873 3677 Riche
511 3601 1703 3686 ständnisse ferner Träumereien, schwebte wie im gleichen
2880 3621 3257 3696 Weisung, in weld
1709 3662 2885 3720 gewöhnlichen Sorgen des Alltags zu reden, wäre ihm in
522 3672 1698 3732 zuatten Schimmer vorüber, so daß Albert nicht wußte,
2894 3674 3228 3741 in Wien die
1703 3709 2883 3766 jedem Fall unmöglich gewesen. Einen Moment fuhr es
514 3711 1695 3775 was sich ihrem Gedächtniß lebendiger eingeprägt: jener
2885 3710 3258 3791 besorgen sollte. D
1710 3767 2878 3828 ihm durch den Sinn, von ihr Abschied zu nehmen. Sein
520 3758 1698 3813 Orgelspieler, der sich vom Kirchthurm herabgestürzt hatte,
2891 3770 3256 3838 nahm den Weg d
1707 3806 2880 3871 Blick fiel auf die Bettdecke, wo der beschriebene Zettel lag.
523 3809 1696 3859 der junge Herzog von Modena, der einmal im Prater an
2888 3817 3247 3890 und im Wäldchen
1697 3855 3193 3921 Der flüchtige Einfall kam ihm, auf die weiße Seite ein Mittag zeigte.
519 3853 1690 3930 ihr vorübergeritten war, oder ein Ban Dyck'scher Jüngling,
511 3964 2149 4025 Während Marguerite als die liebenswertheste Besiegte vor] Heirat seiner Tochter,
2143 3957 3230 4035 denn auch Taneuse hat für seinen gehalten werden.
2386 4008 2507 4043 Mei#
1375 4019 1414 4050 1
2114 3991 2315 4067 Lran
