3204 4096
577 64 892 147 Frende
1009 60 1435 176 box 2/3
196 66 486 177 14. Di
375 90 897 197 EAS  TSHA
2758 555 3059 632 Nr. 13553
2112 562 2454 663 18. Mai 1902
995 562 1711 641 Neue Freie Presse.
236 568 576 653 Wien, Sonntag
726 658 3091 723 dessen Bildniß sie als junges Mädchen in der Liechten= kurzes Wort der Erklärung hinzuschreiben. Aber in der
91 669 728 748 er in eine wol wundersame,
1902 706 3092 789 deutlichen Empfindung, daß ein solches Wort für Katha¬
719 712 1915 793 stein=Galerie gesehen hatte. Und so dämmerte auch jetzt
89 730 729 785 Epoche seines Lebens einge¬
722 752 3108 826 ihr Wesen hin, wie nach unbekannten oder ungewissen rina nicht das geringste Interesse haben könnte, stand er
87 776 720 847 durch den Sonntag spazierte,
1915 802 3102 865 wieder davon ab. Er öffnete die Handtasche, steckte seinen
723 814 1910 880 Zielen, und Albert ahnte, daß er nichts Anderes für sie
80 798 725 893 urch Gärten und Alleen, den
1908 845 3113 909 kleinen Revolver zu sich und dachte, irgendwo hinaus vor
734 866 1915 933 bedeutete als irgend Einer, dem sie in einer Gesellschaft
119 874 727 940 an manchen fröhlichen und
1912 906 3114 965 die Stadt zu wandern, um dort correct und ohne Jemanden
722 905 1909 968 zu einer Runde durch den Saal den Arm gereicht hätte.
71 898 669 985 vorbei, da fühlte er, daß
1905 948 2733 1013 zu stören, den Selbstmord zu verüben.
725 956 1900 1029 Und da ihm jede Kraft gebrach, sie aus ihrer ver¬
73 962 726 1044 u diesen gehörte und daß über
1993 969 3109 1054 Ein Sommermorgen von dunkelblauer Klarheit und
728 1000 1912 1075 schwommenen Art des Daseins emporzuziehen, fühlte er
69 1011 628 1092 nd besonderer Art walte.
1920 1039 3099 1114 früher Schwüle lag über der Stadt. Albert ging immer
729 1053 1916 1114 endlich; wie ihn der verwirrende Hauch ihres Wesens zu
90 1064 732 1136 nun oben in dem gewölbten
1908 1093 3112 1154 1 mit dem Blick gerade vor sich hin. Er war noch nicht
735 1094 1907 1169 betäuben und wie sich allmälig seine Weise zu denken,
77 1130 728 1196 atharina mit einer angenehmen
1914 1138 3101 1209 hundert Schritte weit vom Hotel entfernt, als er Katha¬
730 1141 1915 1211 ja selbst zu handeln aller durch das tägliche Leben ge¬
81 1169 727 1250 ig ausdruckslos, einfache, meist
1909 1185 3114 1255 rinens Gestalt vor sich erkannte. Sie hielt ihren grauseidenen
731 1180 1909 1264 gebenen Nothwendigkeit zu entäußern begann. Es fing
83 1219 725 1287 denen er sie auf dem Clavier
1917 1236 3101 1295 Sonnenschirm in der Hand und ging langsam des Weges.
733 1250 1917 1313 damit an, daß er Einkäufe für den künftigen Hausstand
81 1260 732 1324 er oft mit ihr bis zum späten
1916 1285 3108 1341 Die erste Regung Albert's war, in eine andere Straße
737 1299 1913 1355 machte, die seine Einnahmen weit überstiegen. Dann
106 1313 725 1386 in den stillen Hof hinab, wo
1918 1331 3117 1396 abzubiegen, aber eine Macht, die hestiger war als alle
733 1333 1920 1409 schenkte er seiner Braut Schmuckgegenstände von beträcht¬
69 1364 730 1436 ospten. An schönen Nachmit¬
1918 1378 3110 1431 seine Vorsätze und Ueberlegungen, drängte ihn, ihr zu
739 1385 1920 1447 lichem Werth. Und am Tage vor der Hochzeit kaufte er
83 1409 734 1472 im Belyederegarten mit ihr
1926 1425 3110 1498 folgen, um sich nun die Gewißheit zu verschaffen, der er
731 1434 1921 1518 ein kleines Häuschen in einer Gartenvorstadt, das ihr auf
78 1458 727 1532 meist schon lang gesessen, und
1917 1475 3107 1529 vor einer Minute noch mit Gleichgiltigkeit gegenüberzu¬
729 1488 1910 1544 einem Spaziergang wohlgefallen hatte, und überbrachte
67 1504 727 1569 gesehen. Wenn sie ihn kommen
1918 1522 3108 1591 stehen geglaubt hatte. Er bekam sogar einige Angst, daß
731 1535 1915 1613 ihr am selben Abend eine Schenkungsurkunde, durch die
72 1551 727 1625 ann spazierten sie auf den be¬
1927 1570 3120 1629 sie sich umwenden und ihn entdecken könnte. Sie nahm
738 1585 1919 1641 es in ihren alleinigen Besitz überging. Sie aber nahm
79 1594 731 1671 d ab. Ansangs redete er manch¬
1924 1608 3108 1665 den Weg dem Hofgarten zu, er blieb in gemessener Ent¬
735 1624 1913 1679 Alles mit der gleichen Freundlichkeit und Selbstverständ¬
66 1653 736 1722 Existenz, von den Jugendjahren
1918 1664 3102 1730 fernung. Jetzt war sie bei der Hofkirche angelangt, deren
736 1673 1920 1732 lichkeit hin, wie früher den Antrag seiner Hand. Gewiß
79 1697 733 1761 n der Studienzeit in Wien, von
1916 1716 3109 1774 Thor offen stand. Sie trat ein. Albert folgte ihr nach
738 1725 1916 1792 hielt sie ihn für reicher, als er war. Im Anfang hatte
61 1745 727 1808 derte sich nur über die Schatten¬
1911 1769 3116 1831 einigen Augenblicken. Er blieb in der Nähe des Ein¬
735 1772 1905 1838 er natürlich daran gedacht, auch über seine Vermögens¬
74 1793 734 1852 t beim Versuch erinnernden Ge¬
1915 1799 3122 1875 ganges im tiefsten Schatten stehen; er sah, wie Katharina
733 1822 1914 1881 verhältnisse mit ihr zu reden. Er schob es von Tag zu
65 1838 731 1919 n erschien. Vielleicht lag es auch
1925 1855 3118 1906 langsam durch das Mittelschiff zwischen den dunklen Bild¬
736 1860 1917 1931 Tag hinaus, da ihm die Worte versagten; aber endlich
69 1887 732 1964 llen diesen Dingen nicht das
1928 1898 3106 1969 säulen der alten Heiden und Königinnen hindurchschritt.
744 1918 1914 1974 kam es dahin, daß er jede Aussprache über dergleichen
78 1932 729 2007 nbrachte. Sie blieb ihm fremd.
1923 1957 3107 2019 Plötzlich hielt sie inne. Albert entfernte sich von dem
742 1964 1909 2031 Dinge für überflüssig hielt. Denn wenn sie über ihre Zu¬
96 1982 739 2054 sich, die an sich ohne Bedeu¬
1922 1998 3109 2060 Platz, wo er bisher gewartet, und schlich in einem weiten
83 2016 1915 2093 aber jedenfalls ohne Erklärung kunft redete, so that sie das nicht wie Jemand, dem ein
1915 2049 3110 2102 Bogen hinter das Grabmal des Kaisers Maximilian, das
71 2061 1913 2152 ert eines, Tages um die Mittags vorgezeichneter Weg ins Weite weist; vielmehr schienen ihr
1922 2093 3115 2169 gewaltig in der Mitte der Kirche steht. Katharina stand
71 2112 1917 2190 zem Stephansplatz in Gesellschaft alle Möglichkeiten nach wie vor offen zu stehen, und nichts
1926 2142 3113 2215 regungslos vor der Statue des Theodorich. Die Linke
107 2148 1919 2243 eleganten Herrn, den er früher in ihrem Verhalten deutete auf innere oder äußere Ge¬
1927 2185 3111 2249 auf den Degen gestützt, blickte der erzene Held wie aus
109 2201 1918 2284 blieb stehen, aber Katharina bundenheit. So wußte Albert eines Tages, daß ihm ein
1919 2237 3108 2311 ewigen Augen vor sich hin. Seine Haltung war von
742 2257 1920 2310 unsicheres und kurzes Glück bevorstand, daß aber auch
83 2275 743 2344 hum ihn zu kümmern, ging sie
1919 2281 3114 2354 erhabener Müdigkeit, als sei er sich zugleich der Größe
740 2283 1921 2351 Alles, was folgen könnte, wenn sie ihm einmal ent¬
78 2311 746 2379 weiter. Albert folgte ihr eine
1927 2333 3111 2400 und der Zwecklosigkeit seiner Thaten bewußt, und als
743 2346 1918 2413 schwunden war, jeglicher Bedeutung für ihn entbehrte.
62 2369 742 2435 n einen Wagen, der an einer
1923 2392 3110 2443 ginge sein ganzer Stolz in Schwermuth unter. Katharina
743 2395 1924 2461 Denn ein Dasein ohne sie war für ihn vollkommen un¬
67 2409 739 2482 ete, und fuhr davon. Katharina
1917 2435 3115 2503 stand vor der Bildsäule und starrte dem Gothenkönig ins
737 2438 1924 2503 denkbar geworden, und es war sein fester Entschluß ge¬
62 2466 733 2531 Abert sie Abends fragte, wer der
1920 2474 3119 2549 Antlitz. Albert blieb einige Zeit in der Verborgenheit,
739 2488 1914 2555 worden, einfach die Welt zu verlassen, sobald ihm
69 2505 735 2577 hsie ihn befremdet an, nannte
1917 2515 3116 2600 dann wagte er sich vor. Sie hätte die Schritte hören
64 2538 1917 2620 kannten polnischen Namen und Katharina verloren war. In dieser Sicherheit fand er den
1925 2578 3117 2637 müssen, aber sie wandte sich nicht um; wie gebannt blieb
742 2596 1923 2667 einzigen, aber würdigen Halt während dieser wirren und
70 2589 739 2664 Abends auf ihr Zimmer zurück.
1922 2613 3118 2689 sie auf derselben Stelle. Leute kamen in die Kirche, Fremde
741 2631 1204 2713 sehnsuchtsvollen Zeit.
70 2653 742 2727 Abends lang vergeblich auf sich
1923 2673 3110 2738 mit rothen Reisebüchern, man sprach neben ihr, hinter ihr,
821 2681 1920 2751 Am Morgen, da Albert Katharina zur Trauung ab¬
68 2697 746 2769 e, als es zehn Uhr schlug, mit
1930 2715 3105 2771 sie hörte nicht. Es wurde eine Weile stiller, Katharina stand
746 2750 1922 2808 holte, war sie ihm gerade so fremd als an dem Abend, da
63 2746 744 2827 blumen in der Hand und er¬
1916 2765 3112 2833 wie früher, in ihrer Bewegungslosigkeit selbst einer Bild¬
750 2793 1914 2858 er sie kennen gelernt hatte. Sie wurde die Seine ohne
65 2791 748 2865 Lande gewesen und auf einer
1931 2808 3109 2868 säule gleich. Eine neue Viertelstunde und wieder eine ver¬
749 2840 1918 2897 Leidenschaft und ohne Widerstreben. Während sie an seiner
75 2836 747 2925 ie Blumen warf sie zum Fenster
1924 2867 2634 2941 ging. Katharina rührte sich nicht.
751 2893 1936 2965 Seite schlief, schien sie ihm nicht mehr zu gehören als ihren
81 2895 741 2968 sie mit Albert das Künstler¬
2014 2895 3119 2972 Albert ging. Am Ausgang wendete er sich noch ein¬
752 2938 1924 2992 Erinnerungen und ihren Träumen. Nichts hatte sich geän¬
84 2951 744 3012 t ihm vor einem Bild das eine
1931 2934 3115 3014 mal um; da sah er, wie Katharina nahe an die Statue
741 2961 1919 3055 dert. Sie war so frei wie früher, und er war ihr völlig
68 2991 743 3059 schaft mit weißen Wolken drüber
1924 3001 3117 3065 herangetreten war und mit ihren Lippen den erzenen Fuß
754 3026 970 3098 verfallen.
80 3040 747 3105 edarauf sprach sie von dieser
1924 3045 3125 3124 berührte. Eilig entfernte sich Albert. Er lächelte. Ein Ein¬
78 3073 753 3147 Wirklichkeit über diese Höhen
832 3063 1922 3147 So kam es, daß ihr Verschwinden heute Früh und ihr
1929 3096 3090 3168 fall kam ihm, der ihn mit einer Art von Rührung erfüll
81 3140 742 3202 Kind in Gesellschaft ihres ver¬
762 3130 1920 3189 seltsamer Brief ihn nur erschüttert hatte, ohne ihn eigent¬
1927 3145 3082 3214 und dessen er sich freute. Nun hatte er noch etwas für d
83 3179 749 3252 glaubte Albert, daß sie scherzte,
748 3167 1929 3256 lich zu überraschen. Er hätte sie und sich zu erniedrigen
1925 3182 3089 3269 Geliebte zu thun, bevor er dahinging. Er nahm den We
752 3233 1924 3289 geglaubt, wenn er geforscht hätte. Wer sie ihm genommen
75 3233 747 3301 daß das Bild selbst für sie in
1929 3241 3069 3316 zu einer Kunsthandlung in der Bahnhofstraße: dort frag
610 3263 737 3326 euinger
743 3281 887 3357 hatte
81 3283 699 3366 geworden war. Danial###
912 3261 3103 3339 5 eine Laune, ob ein Traum, ob ein lebendigerj er, ob eine Bronzenachahmung des Theodorich in natür
789 3318 867 3388 .
482 3326 589 3384 Or
917 3328 3106 3386 war ja villig gleichgiltig; er wußtenichts und licher Größe zu beschaffen sei. Ein Zufall wollte es, da
74 3347 611 3447 rje mn icher ihm ihr
1311 3383 3110 3431 einer s ihm nicht eine solche vor einem Monat fertig geworden war; de
1099 3408 1250 3482 nicht
1304 3416 1928 3486 ### scnor gut, di göas Unver¬
65 3405 657 3500 so hoffnungslos dringender
1925 3431 3110 3496 Besteller, ein Lord, war gestorben, und die Erben weigerter
978 3441 1929 3539 fruy gekommen war. Sein Bermögen war
85 3461 665 3542 Zuweilen gelang es ihm,
1931 3472 3124 3552 sich, das Kunstwerk zu übernehmen. Albert fragte nach dem
977 3505 1929 3583 auf des Hauses auf das Gerin ste zusammen¬
66 3507 680 3575 zu machen. Doch Alles, was
1928 3518 3121 3575 Preis. Er entsprach ungefähr dem Rest seines Vermögens
990 3567 1927 3636 und von seinem kleinen Gehe##unten sie
73 3570 644 3639 wirklicher Geschehnisse und
1926 3566 3133 3647 Albert gab seine Wiener Adresse an und ertheilte genaue
745 3608 1923 3666 ###  Mit ihr von Einschränkungen #n von den
60 3582 747 3681 reien, schwebte wie im gleichen
1931 3608 3122 3688 Weisung, in welcher Art ein Vertrauensmann der Firma
752 3644 1930 3712 gewöhnlichen Sorgen des Alltags zu reden, wäre ihm in
60 3664 741 3717 r, so daß Albert nicht wußte,
1934 3668 3118 3750 in Wien die Aufstellung im Garten des Häuschens
746 3701 1924 3769 jedem Fall unmöglich gewesen. Einen Moment fuhr es
58 3703 751 3770 iß lebendiger eingeprägt: jener
1929 3700 3116 3783 besorgen sollte. Dann empfahl er sich, eille durch die Stadt,
752 3757 1930 3810 ihm durch den Sinn, von ihr Abschied zu nehmen. Sein
59 3750 752 3822 n Kirchthurm herabgestürzt hatte,
1935 3759 3116 3829 nahm den Weg durch die Vorstadt Wilten gegen Igls zu,
750 3794 1926 3865 Blick fiel auf die Bettdecke, wo der beschriebene Zettel lag.
63 3797 750 3876 odena, der einmal im Prater an
1932 3811 3125 3897 und im Wäldchen erschoß er sich, gerade, als die Sonne
66 3827 2248 3923 oder ein Van Dyck'scher Jüngling, Der flüchtige Einfall kam ihm, auf die weiße Seite ein Mittag zeigte.
745 3955 1932 4015 Heirat seiner Tochter, denn auch Taneuse hut für seinen
61 3948 753 4028 die liebenswertheste Besiegte vor
1928 3956 3125 4035 gehalten werden. Margucrite liebte mich uid hatte mir
115 3998 389 4038 bätte mwrann.
502 4002 592 4040 4011
747 3999 1934 4049 Reffen ein Auge auf Marauerite Weißt du was er ihm
2561 4005 2618 4049 „
2650 4014 2748 4049 21
1925 3999 2521 4093 —
2800 4015 2964 4094 M
