3344 4352
2228 172 2367 256 —
2080 173 2147 253 —
1226 269 1699 378 box 41/6
213 271 1083 395 1. Miscellangels
2899 1118 3362 1208 recht der Völter. Welch
1782 1163 3340 1243 Der deutsche Boischafter Graf Wedel hat sich über bestimmung machen will
756 1152 1698 1235 vayin der Friedens¬
1672 1203 3360 1294 mehrere Fragen, die an ihn vom Herausgeber der „Politischen aber müssen dagegen Be
422 1219 1685 1291 vertrag bekannt sein wir d.
1654 1282 3350 1393 auf, der Schrecken ihrer Schauspieler zu sein. Gefährlicher für soignierteste Menschenke
1655 1368 3361 1458 die Darsteller sind Autoren, die ihr Werk mit allen Finessen des gibt er sich auch aufd
822 1341 1327 1466 Feuilleton.
1662 1400 2933 1467 gewiegtesten Regisseurs in Szene zu setzen vermögen und als
3019 1412 3355 1500 Auch Anton Wi
1674 1451 3330 1527 Routiniers der „Wirkung“ nicht ruhen, bis sie dem Darsteller Gelegenheit gehabt,
664 1472 1472 1569 Der Autor auf der Probe.
1669 1503 2932 1588 sozusagen den letzten Blutstropfen des von ihm Erreichbaren
2920 1497 3360 1576 dichterischen Auffassun
505 1529 1609 1624 Aus Gesprächen mit Schauspielern.
1686 1559 2122 1638 herausgepreßt haben.
2920 1552 3360 1617 Regisseur vielleicht im
2914 1608 3357 1673 ausgezeichneter Vorlese
992 1609 1149 1677 Von
1790 1582 2938 1677 Ein solcher idealer, aber allerdings nichts weniger als be¬
1675 1646 3360 1731 quemer Regisseur seiner Stücke ist Karl Schönherr. Proben mit in einer derart überze
846 1645 1290 1748 Karl Marilaun.
1679 1700 3335 1769 ihm können den Beteiligten zur Marter werden, aber wenn seine gansspezialisten, wie e
547 1714 1694 1797 Der Autor auf der Probe, seines Stückes selbstverständlich,
1688 1754 3333 1830 Arbeit beendigt ist, müssen sich die oft bis zur totalen Er=fassung der des Dich
436 1761 1699 1846 ist immer ein Theaterereignis, das die etwas graue Werkstatt¬
1684 1797 3322 1873 schöpfing geplagten Schauspieler allerdings sagen, daß es kein zender Schauspieler,
437 1832 1689 1900 atmosphäre eines Probenvormittags mehr oder weniger, meistens
1693 1829 3337 1919 anderer als eben Schönherr erreicht hätte, jeden einzelnen bis theater schon gerade
439 1893 1687 1947 mehr, zu elektrisieren pflegt. Die zunächst Beteiligten, Direktor,
1682 1889 3349 1970 zum kleinsten Statisten hinunter mit dem Herzblut seiner Dichtung sich Hans Müller vor
433 1921 1696 1979 Schauspieler, der Regisseur vom Tag, sehen dem „Auftreten“ des
440 1950 3358 2045 Dichters mit einem zwischen Zehn und Eins in der Regel förmlich zu durchtränken. Er spielt jede Rolle bis ins Detail daß er seine bestrickend
440 2027 3347 2074 ungewohnten Lampensieber entgegen, insbesondere, wenn das vor, und mit einer rücksichtslosen, oft sehr holzgeschnitzten Uner= Bonmots ins Theater
2045 2041 3347 2114 er darauf, daß auch das geringste dingt amüsant— auf
441 2055 2050 2142 Stück eigentlich schon aus dem Gröbsten herausgebracht bittlichkeit achtet
2481 2092 2612 2157 bis
2776 2084 3346 2148 Punkt großer Burgtheaterdur
2614 2084 2768 2151 zum
443 2097 2449 2187 ist, und der Autor, der zunächst nur kommt, um „ein seiner Detais vom Darsteller
2749 2140 3347 2206 eigenen Genick brach, hat ihm
441 2173 2757 2231 paar Retuschen“ vorzunehmen, nach der ersten Viertelstunde Stück auf dem i gebracht werde. Mit einer
443 2173 3347 2287 und Darstellung, Regisseur und Schauspieler, Direktor, Inspizient, Rollenauffassung auf eine Probe zu kommen, die Schönherr selbst munterer, unveränder
438 2269 3360 2337 Beleuchtungstechniker und Vorhangzieher auf den Kopf stellt leitet, ist vollständig aussichtslos. Der holzschnittartigen Manier Haargudels am Bach
436 2275 3347 2385 Dergleichen pflegt vorzukommen, während es sehr viel seltener ist, seiner Bühnenwerke entspricht auch die Regisseurtechnik Schön- gantiarum des deutse
445 2335 3341 2417 daß der Dichter — wie etwa der junge Walter Eidlitz bei den herrs, der von seinen Schauspielern weniger subtile Seelen= guter, sondern auch
451 2384 3352 2475 Proben seines „Hölderlin“ — die Hände in den Schoß legt, malerei als vor allem Wirkung verlangt. Jede einzelne Szene der nichts so sehr ver¬
1689 2430 3219 2490 wird von ihm auf diese Theaterwirkung hin gestellt, auf schärfste Hemdärmeln.
449 2446 1690 2530 entzückt ist und auf die Frage, wie es ihm gefallen hat, höchstens
3030 2449 3359 2542 Uebrigens gibt
1673 2471 2939 2551 Kontraste und das oft brutale Herausarbeiten jeder Kraftstelle.
440 2509 1522 2563 errötend bekennt, daß er „ungeheuer viel gelernt“ hat.
1691 2533 3360 2591 Sind die Proben eines von ihm in Szene ges en Stückes ab-soweit der Schneider
563 2546 1689 2607 Der Dichter Eidlitz ist eben noch ein Jüngling, der sich
2923 2570 3360 2638 Müllers kaum zurückst
443 2558 2943 2659 nach den ersten Erfolgen diese von Schauspielern und Regisseuren geschlossen, so hat jeder einzelne Schauspieler die Empfindung,
2931 2622 3361 2690 Theater, und wäre
442 2620 2942 2716 hochgeschätzte Bescheidenheit wahrscheinlich schnell abgewöhnen wird, dem Regisseür Schönherr dankbar sein zu müssen, vor allem aber
2925 2665 3358 2737 leuchtet, genau so soig
452 2675 2940 2751 Die älteren Kollegen gehen resoluter ins Zeug, und einigen von atmet wohl jeder erleichtert auf, dem Schraubstock dieser Proben
2929 2719 3353 2791 spielern ihre Rollen v
1686 2721 2087 2804 entronpen zu sein.
444 2740 1696 2811 ihnen ist die Arbeit des Regisseurs gerade wert, daß sie zu¬
1782 2775 3358 2838 *Auch Artur Schnitzler erscheint natürlich bei den Proben seiner unbestreitbaren,
449 2764 1711 2862 grunde geht, wenn sie auf eigene Faust darangehen, ihre
450 2816 3353 2905 Schreibtisch= und Poetenträume an gewitterschwangeren Probe=seiner Stücke und liebt es, gelegentlich aufklärend und verbessernd angezogene sranzösisch
452 2905 3359 2945 vormittagen zu realisieren. Es gibt sehr sanfte Dichter, Verzfin die Arbeit von Regisseur und Schauspieler einzugreifen. Er ist zugute kommt.Ein
455 2913 3351 3003 künder zartester Lyrismen und apartester Seelenmysterien, die nicht nur ein weltmännisch gepflegter Autor, sondern auch — was schmäht er natürlich
2926 2955 3348 3030 zu blasiert, nicht meh
441 2961 2934 3054 auf der Probe die Allüren eines gereizten Tierbändigers an= unter Umständen schwerer fallen kann — ein durchaus soignierter,
2927 3010 3350 3079 folger französischer No
1690 2992 2942 3083 geradezu außerordentlich liebenswürdiger Weltmann auf der Probe.
453 3018 1712 3094 nehmen können, wenn der Held auf der Bühne vom Helden ihrer
1690 3051 3360 3123 Dabei mit einem sicheren Blick für das, was bei jeder Bühnen= wie noch einige ander
452 3074 1697 3147 Träume auch nur um die Farbennuance eines Haares der Theater¬
1675 3102 3349 3186 dichtung „Theater“ sein muß, begabt. Er verschmäht es, in die zwar ungemein wichtig
450 3133 919 3214 perücke verschieden ist.
578 3143 3359 3232 Diese so ungeheuer — nicht im Umgang mit Schauspielern eigentliche schauspielerische Arbeit einzugreifen und gibt höchstens privaten Dégout. Auc
452 3237 3352 3294 nad Regisseuren! — zartbesaiteten Dichterregisseure sind allerdings Winke, wie dieser oder jener Figur beizukommen wäre; und er aber es ist sein Glas.
449 3280 3349 3324 meistens blutige Dilettanten des eigentlichen Theaterhandwerkes eischöpft oft in sehr wenigen Worten das Wesentliche einer Rolle, krug, aus dem die viel
454 3293 3357 3413 und sie geben es nach deu ersten Probengewittern in der Regel nicht ihre Gesten, sondern ihre Seele. Er ist heute wohl der dem großen Rausch ko
1153 3376 1489 3567 7.2
