3344 4352
217 295 1661 404 1. Miscellaneous box 41/6
2029 209 2266 284 —.—
2000 343 2301 449 ZASL10
2191 383 2737 523 Dentschen Pagtlat
2163 455 2776 596 Oedontsche Kundschen
2404 552 2570 627 Wien
2189 602 2880 734 Kunst und Bähne.
2656 721 3006 795 Wien, 23. Juli.
2115 781 2935 895 Derkneie Generalirkendank.
2048 871 3049 944 Vor elf Jahren war man so gescheit, die überflüssi¬
2027 933 3043 986 ge, zwecklose und störende „Amtsperson“ eines Inten¬
2019 973 3053 1030 danten nicht mehr zu ernennen. Wer nur halbwegs die
2018 1010 3048 1075 Geschichte des Burgtheaters kennt, weiß, daß fast jeder
2018 1062 3047 1123 Intendant die Qual und der Tod des jeweiligen Di¬
2015 1111 3053 1161 rektors war. Nun lebt also diese Würde von neuem auf.
2025 1148 3054 1198 Wozu, weshalb, mit welchem Wirkungskreis? Man
2023 1189 3059 1251 fragt mit einiger Besorgnis. Soll der schwerfällige bu¬
2014 1228 3058 1288 reaukratische Geschäftsgang in seinem Mechanismus noch
2023 1280 3053 1331 mehr erschwert, verkünstelt werden? Aber dies sind
2010 1332 3049 1378 Dinge, worüber sich die Herren des Obersthofmeister¬
2010 1368 3049 1419 amtes, der Intendanz und schließlich der Direktion klar
2011 1409 3053 1459 und einig werden müssen. Uns interessiert der neue
2022 1458 3052 1507 Herr Generalintendant und was er verspricht unge¬
2023 1479 3057 1549 mein. Mt großer Belulichkeit wurde er von der „frei¬
2025 1538 3052 1589 siunigen“ Presse begrüßt. Man beeilte sich, der bang auf¬
2025 1584 3057 1640 horchenden Judenschaft mit Augurenwink die Beruhi¬
2018 1627 3046 1685 gung zu bieten: Meyerbeer war der Großvater. Wir
2025 1671 3064 1730 sind nicht so leicht zu befriedigen und sind damit auch
2016 1713 2814 1774 hinsichtlich der Wahl nicht völlig beruhigt.
2042 1726 3099 1814 Leopold Freiherr v. Andrian=Wernberg, #
2019 1786 3051 1849 ehewals Generalkonsul in Warschau, bevollmächtigter
2015 1841 3044 1893 Minister, jetzt wieder im Auswärtigen Amt, hat beste
2017 1884 3054 1942 österreichische Tradition im Blute; er trägt einen guten,
2007 1932 3061 1980 im österreichischen Kulturleben geschätzten und ge¬
2017 1950 3053 2027 münzten Namen. Man möchte ihm, ach so gerne, ohne
2016 2012 3069 2072 Vorurteil begegnen, aber das Freudengeheul der ge¬
2021 2051 3053 2110 vissen Presse macht ihn verdächtig. Vielleicht bedankt
2013 2090 3054 2155 sich Freiherr v. Andrian um diese gar nicht gesuchte, be¬
2009 2122 3050 2198 gohrte Gönnerschaft?? Vielleicht?? Aber da sind zwei
2009 2182 3054 2232 Dinge die recht bedenklich stimmen: er dichtete einst —
2025 2230 3042 2282 lang ist es her — in der Cafe Griensteidl=Weis' und
2018 2269 3045 2340 ferner — er ist der intimste Freund und Geistesbruder
2018 2313 2497 2386 Hugo v. Hofmannsthals.
2061 2333 3048 2414 Gehen wir einer Renaissance dieser einst lebendig
2006 2401 3049 2464 gewesenen Artistenliteratur entgegen? Das wäre doch
2020 2450 3052 2496 wohl eine Unkenntnis der Bühnenkunst, wogegen die
2018 2482 3058 2541 Naivität Millenkovichs geradezu als Durchtriebenheit
2025 2537 3055 2586 anmutetr?! Gehen wir einer widerlichen Cliquen= und
2012 2576 3042 2634 Freunderlwirischaft entgegen? Wird der gute Freiherr
2022 2613 3052 2670 nicht blöß der Strohmann der gefährlichsten südischen
2025 2658 3037 2715 Suobliteraten sein? Hofmannsthal voran, dann nas
2007 2696 3038 2754 türlich die Herren Schnitzler Beer=Hofmann, Sals
2024 2733 3044 2797 ten — wiewohl der letztere ihnen selbst verächtlich und
2018 2805 3039 2860 zuwider ist! Den sie aber ob seiner Begabung, Frechheit
2012 2833 2734 2888 und — Vorurteilslosigkeit benötigen!
2055 2852 3054 2926 Das sind natürlich lauter Bedenken, von denen der
2020 2922 3056 2977 Obersthofmeister Graf Hunyady und sein erster
2024 2958 3057 3025 Ratgeber, Sektionschef Dr. Keller, hiermit zum
2022 3008 3057 3062 erstenmale Kenntnis erhalten Natürlich — das sind ja
2023 3039 3060 3102 die Künste dieser geheimen Mächte, im Trüben zu
2027 3091 3057 3144 kreisen. Vielleicht ist Freiherr v. Andrian so stark,
2019 3131 3056 3184 sich von dieser Gesellschaft freizumachen. Wir fürchten
2019 3171 3057 3250 für das Burgtheater, daß es leider nicht der Fall sein
2019 3224 2153 3279 wird!
2060 3240 3055 3328 Die ideale Vetätigung eines Intendanten
2022 3308 3054 3360 wäre nicht so ohne weiteres ohne Nutzen und Zweck.
2014 3359 3051 3411 Eine idesle Betätigung könnte genug Gutes schaffen;
2005 3387 3097 3465 es wäre damit eine diplomatische Pusferstellung vor
2833 3436 2954 3490 a
2468 3440 2631 3502 ereniurenan
2021 3473 3062 3558 handen, die den Direktoren mancherlei abnehmen
2028 3523 3074 3593 könnte, sie mancher Sorge entheben würde; den Direk¬
2030 3571 3073 3643 toren freies Feld für rein künstlerische Arbeit zu schaffen
2027 3593 3087 3667 hätte Sicht Herr v. Andrtundarinseine Tülgkeit.
2035 3636 3072 3710 dann ist er wärmstens zu begrüßen und zu unterstützen;
2036 3685 3071 3765 bleibt er der Geist, der über den Wassern schwebt, wird
2043 3727 3076 3798 er als vornehmer Gleichgewichtshalter wirken, so wi.?
2033 3776 3056 3840 man seiner Tätigkeit die wärmste Anerkennung zolle
2034 3813 3063 3887 müssen — ober aber darin die Befriedi
2034 3862 3086 3932 igung seines Ehrgeizes sieht? Wieder der
2052 3921 2367 3981 bange Zweifel?
2083 3937 3077 4022 Rund herausgesagt: Um etwa in die künstlerische Lei¬
2043 3998 3076 4065 tung der beiden Hofühnen einzugreifen, fehlt Frei¬
2053 4028 3085 4106 herrn v. Andrian aber auch die leiseste Beru¬
2045 4073 3101 4162 fung und Befähigung. Wir halten eine direk¬“
2041 4109 3096 4204 torale Einflußnahme sowohl in der Oper als auch in der
2503 4166 3089 4207 Wir müssen uns nicht immer
