3344 4352
271 346 1080 465 Miscellaneons
1207 355 1664 448 box 41/6
1255 1039 2083 1164 SG
1002 1190 1821 1300 Inschriften von Karl Kraus
1017 1291 1384 1363 Arthur Schnitzler
1239 1350 2104 1426 Sein Wort vom Sterben wog nicht schwer.
1237 1409 1931 1464 Doch wo viel Feinde, ist viel Ehr:
1238 1445 1893 1514 er hat in Schlachten und Siegen
1234 1489 1492 1549 geschwiegen.
1013 1551 1669 1635 Auszeichnung eines Ueberlebenden
1188 1621 2194 1695 Er hat den Graben mit kühnem handstreich genommen,
1190 1670 2014 1733 doch zerfetzt ist er auf dem Platze geblieben.
1190 1704 2054 1760 Der Siegfried, der es gehört und geschrieben,
1190 1756 1955 1822 hat dafür das Verdienstkreuz bekommen.
1005 1822 2141 1879 Meinem Franz Grüner (getötet am neunzehnten Juni 1917)
1226 1888 2161 1942 Wo bleibst du denn? Andacht und Wissenschaft
1230 1923 1987 1969 will ich von deiner reinen Stirne lesen.
1226 1963 2039 2030 Welch öder Zufall hat dich mir entrafft?
1234 2012 2113 2085 Was triebst du dort, wo du zuletzt gewesen?
1224 2078 2113 2157 Lebhafter Hörer — sprachst du mir vom Geist,
1224 2120 2049 2187 wie ward dem unruhvollen Herzen stille.
1228 2166 2151 2241 Du frommer Forscher. Sprich, da du es weißt:
1222 2212 1991 2272 Wohin wies dich der unerforschte Wille?
1005 2271 1182 2335 Dorräte
1277 2327 1991 2378 Wir hoffen doch, es wird erklecken,
1274 2374 2118 2434 wenn wir das Mehl und den Zucker strecken.
1262 2421 2107 2467 Noch weniger Müh' aber würde es schaffen,
1270 2469 2167 2531 mit weiser Doraussicht zu strecken die Waffen.
997 2517 1227 2584 Expansion
1322 2568 1993 2648 'nen Platz an der Sonne erlangen?
1306 2618 1561 2675 Nicht leicht.
1308 2658 1771 2740 Denn wenn er erreicht,
1312 2707 1737 2771 ist sie untergegangen.
995 2783 2180 2843 Meinem Franz Janowitz (getötet am vierten November 1917)
1185 2831 2096 2902 Ein Landsknecht du? Dier Jahre deines Seins
1168 2875 1969 2939 hast du dein frühlinghaftes Herz getragen
1169 2920 2106 2984 durch Blut und Kot und alle Pein und Plagen
1169 2968 1921 3032 und wurdest der Millionen Opfer eins?
1179 3039 2121 3102 Und durftest, was du mußtest, uns nicht sagen
1175 3080 1988 3140 und fühltest Dogelsang des grünen Rains
1173 3127 2046 3185 und lebtest stumm am Rande dieses Scheins
1178 3172 2051 3241 und fromm genug, um ferner nicht zu fragen.
1178 3237 1958 3294 Und da dein reines Herz erstickt in Rot.
1170 3285 2018 3335 das Mitgefühl der Zeit mußt du entbehren.
1175 3332 2028 3392 Ein treuer Bursch nur stand bei deinem Tod.
1174 3387 2046 3454 Doch seine Tränen wird die Welt vermehren,
1173 3439 2183 3524 färbst einst nicht Blut mehr, färbt die Scham sie rot.
1171 3489 1900 3546 Bis dahin mag sie ihre Henker ehren!
991 3528 1097 3603 66.
2058 273 2327 359 ——
