3344 4352
185 355 1660 444 1. Miscellaneous box 41/6
1699 1359 1797 1431 D
174 1424 2011 1480 Besichtspunkt der Heimatstadt seines Ideals über. Sanfte Höhen, buntgesprenkelie Wiesen,
1036 1472 2010 1516 geheimnisvoll geschlossene Wälder erzählten von
181 1474 1036 1514 hen, erschien es ihm voller Reiz, aber
1054 1507 2012 1553 der Lieblichkeit der Landschaft. Aber die Sprache
178 1512 1043 1556 Da er es resultatlos durchforscht hatte, fand
1046 1533 2020 1595 der Natur d#ing nicht zu ihm, der soeben ein
193 1535 1044 1595 leer, tot, ablehnend. Wollte er ebedem
1038 1583 2005 1645 Konversationsprogramm entwarf, das sehr viele
194 1577 1041 1624 Essai über das noch vorhandene „Süße
194 1625 1043 1693 l“ schreiben, so beschloß er nun, einen über
1045 1625 2017 1683 „Schau'n S', wie herzig!“ aufwies. Schließlich
1042 1652 2017 1709 war die betreffende Station erreicht, was ihm
190 1667 876 1711 leider ausgestorbene“ zu verfassen.
1044 1702 2023 1750 dadurch zum Bewustsein kam, daß die Erhoffte
182 1699 1037 1753 nn er war ein Mensch, der romantischen
198 1740 1042 1808 mit praktischer Verwertung zu verbinden
1055 1738 2016 1786 sich erhob, um auszusteigen. Er folgte ihr in ein
1051 1770 2021 1825 ländliches Wirtshaus, das einen guten Nahmen
216 1773 1037 1826 und die jeweiligen vernichteten und
181 1815 1042 1862 ernichteten Ziele seines Lebens in Drucker¬
1057 1812 2011 1867 für sie abgab. Sie schien hier zu wohnen, gewiß
189 1853 1038 1908 ze umzuwerten verstand. Schon hatte er
1045 1857 2007 1910 im Kreise von Vaterl und Schwesterl, die sich
1045 1895 2019 1939 eine billige Sommererholung gönnten. Die
183 1901 1046 1942 rgenommen, mit der negariven Ausbeute
198 1938 1040 1984 Wiener Aufenthaltes nach Berlin zurück¬
1042 1931 2011 1991 Mutter hatte er ein= für allemal getötet, das
1052 1972 2015 2041 paßte besser zu „ihr“, gab ihr eine sentimentalen
191 1966 1040 2030 ren, als er in der Mariahilferstraße ein
1052 2013 1347 2068 Hintergrund.
190 2011 1042 2065 3 Mädchen sah, das äußerlich so vollkommen
194 2050 1052 2115 Anforderungen entsprach, daß er beschloß,
1107 2046 2008 2110 Das abendliche Wirtszimmer sah ein wenig
201 2091 753 2137 letzten Versuch zu wagen.
1044 2093 2009 2150 trüb aus im Schein der einzigen Gasflamme,
186 2123 1040 2177 urch die Kühle seiner norddeutschen Sprech¬
1048 2135 2016 2185 und es war von dumpfem Gasthausbunst erfüllt.
189 2163 1040 2217 hatte er sich bisher des öftern den Weg zum
1054 2177 2012 2230 Die Ersehnte erschien wieder, diesmal ohne Hut,
190 2205 1041 2251 in, ja zum Verständnis der Wienerin ver¬
1059 2219 2012 2268 und sah noch lieber und mädchenhafter aus als
193 2247 1042 2301 denn wenn nicht schon der harte Klang
1049 2251 2025 2293 vordem. Aber sie blieb allein. kein Vaterl und
206 2284 1043 2328 Idioms sie abschreckte, so doch ganz gewiß
1052 2288 2017 2344 kein Schwesterl, nicht einmal eine „Tant“. „Es
176 2322 1045 2377 orrekte Satzbau, die Tadellosigkeit seiner
1057 2333 2017 2381 geht auch so,“ dachte er und versuchte ihren Tisch
186 2366 312 2411 den.
1057 2371 2009 2436 zu erreichen, aber schon hatte sie sich wieder er¬
176 2380 1046 2469 bald er begann: „Mein gnädiges Fräulein
1059 2405 1214 2465 hoben.
182 2435 985 2488 ten Sie .. . .“ fingen sie an zu lachen.
1105 2423 2018 2504 „Bringen S' mir 's Essen aufs Zimmer, ich
202 2477 1044 2525 hatte er versucht, sich den Wiener Dialekt
1051 2480 2009 2535 bin zu müd'!“ rief sie dem Wirt zu und ging da¬
183 2515 1044 2572 ignen, ohne daß es ihm bisher gelungen
1060 2526 1174 2578 von.
184 2557 1042 2605 Aber als strebsamer und auf das Ziel be¬
1106 2539 2021 2607 Es wäre nun ein leichtes gewesen zu er¬
179 2587 1048 2649 r Mensch setzte er seine Studien fort, indem
1052 2597 2021 2646 fahren, wer sie sei, aber darauf verfiel er nicht.
186 2633 1046 2678 bungen mit dem Wort „Knäulerl“ machte,
1051 2640 2023 2691 Im Gegenteil, er umaing die Leichtigkeit und
184 2666 1045 2718 hm für seine Zwecke ganz besonders em¬
1064 2680 2015 2726 wählte das Schwerere. Er aß einen zähen Palat¬
193 2706 1046 2768 en war. So schritt er auch jetzt Knäulerl
1063 2714 2022 2767 schinken mit zweifelhafter Füllung, trank einen
199 2737 1041 2804 hinter dem hübschen Mädchen her, dessen
1062 2761 2015 2810 saueren Wein und träumte von künftiger. besse¬
208 2782 1043 2843 sanftes Gesicht so recht den Wiener Ur¬
1054 2790 2019 2851 rer Zeit. Dann ließ er sich ein Zimmer an¬
203 2823 1047 2876 aufwies. So vertieft war er in ihren An¬
1053 2824 2020 2881 weisen. Er verbrachte eine ungewöhnlich schlechte
188 2872 1046 2919 und seine Studien, daß er erst merkte, wo¬
1054 2879 2024 2923 Nacht, im beständigen Kampf mit einer verbeul¬
193 2902 1037 2952 n der Weg führte, als er eingekeilt zwischen
1052 2909 2019 2957 ten Seegrasmatratze und einigen wandernden
187 2949 1040 2992 Rucksäcken und zwei Handtaschen an einem
1057 2947 2027 3003 Hautreizen, die es ihm nicht gelang. zur Strecke
177 2980 698 3045 ter der Westbahn stand.
1060 2992 2010 3040 zu bringen. Die Hoffnung erhielt ihn am Leben,
1057 3040 2025 3079 und er sollte für seine Tapferkeit zunächst durch
175 3019 1049 3101 ollends erwachte er beim Klang einer sanf¬
1061 3068 2028 3114 sich selbst belohnt werden. Als er nämlich das!
190 3070 1044 3140 Stimme, die eine Fahrkarte nach einer
1051 3106 2016 3151 Fenster aufschlug und die sanften, sonnbeleuchte¬
190 3103 1048 3167 on des Wienerwaldes verlangte. Schnell
1056 3141 2033 3199 #ten Höhen des Wienerwaldes vor sich liegen sah
184 3140 1056 3195 er die gleiche Karte. und es gelang ihm
1063 3182 2028 3244 und zugleich des süßen Mädels gedachte, dessen
185 3191 1047 3240 das gleiche Abteil mit der Ersehnten zu er¬
1063 3230 2026 3276 Existenz festzuhalten er im Begriff war. über¬
189 3220 1061 3288 en, leider durch die drei Rucksäcke und zwei
1066 3258 2019 3306 kam ihn die Lyrik. Er zog das Notizbuch und
186 3273 1037 3315 dtaschen nebst Zubehör von ihr getrennt. —
1056 3300 2009 3370 schrieb: „Du schöner Rahmen um ein schöneres
200 3303 1046 3360 nach dem andern jener reizvollen Orte,
1064 3328 2035 3385 Bild .. .“ Da trat eine Stockung ein. Er leckte am
194 3331 1065 3400 so lebhaft koloriert sind durch allzufesche
187 3380 2035 3446 dl und allzu abgenützte Bnam, glitt vor= Bleistift. Dann trat er vor den Spiegel und zog
2611 1336 2972 1423 M
2093 1340 2477 1430 S
2022 1409 2994 1470 sich einen Scheitel, und als ob diese Tat der Kul¬
2021 1454 2988 1523 tur seine Insoiration befördert hätte, notierte er
2036 1501 2224 1561 weiter:
2063 1511 2992 1576 „So sanft gewellt der eine wie der andere!
2014 1559 2986 1648 Ihr haltet mich, daß ich nicht weiter wandere.
2011 1614 2794 1682 Ihr kettet mich an liebliches Gefild.“
2070 1631 2994 1700 Dann aber strich er das liebliche Gesild wieder
2022 1680 2994 1751 durch —, denn er dachte an seinen Stammtisch im
2024 1714 2999 1775 Café des Westens — und setzte dafür: „Die Seele
2030 1764 2993 1823 fesselt ihr, die frei und wild.“ Eigentlich war
2025 1799 2995 1861 auch das noch zu anmutig und viel zu gereimt,
2018 1843 3003 1905 aber er konnte nicht anders: wie der Sonntags¬
2030 1883 3000 1935 reiter seinem Roß, so mußte er sich seiner Wiener¬
2029 1930 2992 1974 wald-Inspiration überlassen, es dichtete einfach
2029 1969 2923 2026 aus ihm, und er tröstete sich echt wienerisch:
2073 2005 2749 2056 „Ja da kann man nix machen.“
2070 2018 2997 2096 Aber 'vorläufig hatte er sich erschöpft, und so
2023 2078 2995 2126 beendete er seine Toilette und ging froher Er¬
2032 2111 2990 2170 wartung voll in die Wirtsstube. „Sie“ war nicht
2027 2156 2994 2218 dort. Er frühstückte. Sie kam nicht. Er frühstückte
2034 2202 2803 2246 nochmals. Sie kam immer noch nicht.
2082 2232 3006 2301 „Natürlich ist sie längst draußen,“ tröstete er
2020 2273 2134 2346 sich.
2080 2300 3011 2378 Er durchstreifte den Wald, die Wiesen, ging
2026 2356 2996 2412 rund um den Ort. Als er eben ermüdet heim,
2033 2403 2996 2455 kam, saß das süße Mädel am Wirtstisch und
2023 2430 3000 2487 klopfte eben ein drittes Ei auf. Er warf einen
2030 2476 3008 2533 Blick in den Spiegel, der sein Gesicht grün und
2019 2512 2995 2563 achteckig zurückgab, und zupfte das Sacktuch höher
2024 2544 2994 2604 aus der Tasche. Dann räusperte er sich, während
2035 2588 2998 2659 sie jetzt die Zeitung las. Eine Zeitung ist immer
2038 2633 2424 2691 eine gute Brücke:
2084 2646 2971 2717 „Bitt schön, erlauben's, ist die Zeitung frei?“
2073 2693 2997 2757 Beinahe hätte er noch „Knäulerl“ hinzuge¬
2034 2743 2997 2812 setzt, aber er verschluckte es im letzten Augen¬
2028 2785 2157 2844 blick.
2080 2804 3008 2871 „Ich les eh ur, er g'storben is,“ antwortete
2032 2853 3004 2923 sie freundlich mit einer schönen Ursprünglichkeit,
2028 2906 2434 2962 die ihn berauschte.
2085 2940 3005 2995 Würde dies je eine Berlinerin zugegeben
2028 2977 3000 3030 haben?! Und das Schönste: sie hatte nicht gelacht,
2036 3023 3008 3072 also war sein Wienerisch einwandfrei, Ja, sie
2842 3068 2927 3112 er
2033 3063 2822 3115 zeigte sich nicht einmal überrascht, als
2034 3097 2999 3147 Zeitung weiter nicht beachtete, sondern sich ein¬
2023 3135 3008 3201 fach an ihrem Tische niederließ. Das war sie, es
2039 3183 2999 3223 war „das“ süße Mädel, wie Wien es geboren,
2035 3211 3009 3275 Artur Schnitzler es festgchalten und viele andere
2033 3262 3001 3312 es nachempfunden hatten. Er bestellte sich auch
2029 3296 2999 3347 drei Eier und fühlte sich ganz aufgehen im
2028 3336 2225 3406 Milieu.
2608 3345 2995 3447 (Schluß folgt.) 7
