2968 4256
87 53 1634 132 nnhnemnceeeene
77 118 2141 159 wort, aber, „da kann man halt nix machen“, er ist vorsagen sollen. Sicherlich das Repertoire gehört
66 161 2130 198 wirklich der litcharische Pate der neunziger Jahre des schon zu den Kindern, aber es gehört nicht zu ihnen,
1111 199 2134 266 daß sie nur zu dem Zwecke vor fremde Leute bemüht
63 200 1094 247 vorigen Jahr#nderts, und auch Felix Salten kommt
1109 238 2132 284 werden, um es herzusagen. Pathetik und Welt¬
68 238 1099 284 aus dieser Gegend, die in den besagten neunziger
70 281 1096 335 Jahren so sehr mit Kahlenhergluft vollgepumpt
1110 272 2136 336 anschauung, anekdotische Schlankheit und artistische
72 311 1100 375 wurde, daß Generationen daran zu tragen hatten,
1108 319 2123 362 Kompression, ein Herumschlendern um einen starken
66 357 1102 401 dieses etwas parfümierte Ozon aufzuatmen. Salten
1110 359 2118 410 Sanquinismus, das gibt diesen Einaktern, den
61 404 1103 454 ist sicher robuster als sein Pate, weniger intim we¬
1106 401 2122 460 „Kindern der Freude" und Vom anderen User“
66 425 1092 485 niger seidig, weniger in die Untergründe und Hinter¬
1100 423 2129 499 Farben, Rhythmus, Ton, Haltung. Der Dialog
62 479 1095 526 gründe, mehr in die Menschen selbst, die seiner Feder
1100 476 2118 528 knistert, die Typen springen scharf und lebendig aus
64 524 1095 570 zulaufen, verliebt. Seine Psychologie hat härteren
1104 516 2129 572 den Szenen, Lösungen, die alle tragischen Ansätze
65 563 1096 614 Griff, sie offenbart sich rascher, schäumt von der Ober¬
1105 564 2123 617 mit einem heiteren und liebenswürdigen Aktschluß¬
71 589 2135 669 fläche mehr glitzerndes Blasenspiel ab als Schnitzlers Kompromiß prellen, machen sie bekömmlich, schmack¬
73 639 2132 698 sanftes Leuchten aus der tiefsten Tiefe heraufholt. haft. Aber die Kraft der Anschauung die ausge¬
64 683 2136 720 Und Saltens Ironie ist die streitbarere, sie bleibt, in schöpfte Gestaltung wird doch erst den Menschen, den
62 706 2123 778 sehr viele weiche Liebenswürdigkeiten gewickelt, mit wahrhaften Menschen seiner Epik zuteil. Seine „Ge¬
64 755 1095 811 dem Peluche heiterer und dämpfender Worte zuge¬
1105 754 2128 806 denktafel der Prinzessin Anna“ wird bleiben; die
69 792 913 855 deckt, noch immer scharf, schneidend, spitz.
954 792 1091 852 Dafür
1691 796 2134 867 er Geschichte von der
1104 795 1616 857 herbstlich aufglühende Sü
64 844 1098 901 trägt er aber auch keine Stirnlocke, sondern struppig
1108 845 2131 902 „Kleinen Veronika“ ist Meisterschaft; und „Der
66 877 1099 940 aufgezwirbeltes Haar. Man dichtet schließlich so, wie
1107 872 2141 958 Schrei der Liebe“ hallt frech und jauchzend aus Ur¬
1102 924 1269 978 trieben.
65 921 809 990 man frisiert ist; wenigstens in Wien.
1161 958 2135 1025 Das Wien, dessen Leute man Phäaken nannte,
126 953 1105 1015 Dann ist da noch eines zu beachten: Arthur
1103 989 2132 1061 gibt sich in Saltens dokumentarischen Büchern „Das!
57 1000 1091 1064 Schnitzler macht einen großen Vogen um alles, was
1104 1041 1552 1101 österreichische Antlitz“
1547 1052 2132 1119 und „Das Wirtshaus von
65 1057 1091 1116 Journa#ismus heißt; er faßt die Zeitung mit zwei
1102 1083 2139 1144 Oesterreich“ ein letztes Stelldichein vor dem Sterben.
55 1098 1097 1151 langstlich gespreizten Fingern an, am liebsten mit
1105 1132 2131 1179 Dieses Wien ist jetzt tot, und seine Geigen sind vom
63 1123 1094 1182 Handschuhen, und auch dann noch mit der hein##kchen
61 1172 473 1226 (Assoziation: Seife!
1101 1174 2129 1235 Himmel gefallen; aber in zwei Büchern die wie zwei
507 1181 1095 1233 Felix Salten aber faßt den
1105 1202 2123 1273 Museen sind, ist es in Bild und Ton für alle Ewig¬
65 1207 1098 1276 Journalismus erst gar nicht an, er umarmt ihn; er
63 1259 1097 1315 ringt dieser Umarmung ab, was sie hergibt; wenn
1101 1253 2122 1306 keit festgehalten von Felix Salten, geboren zu Buda¬
48 1302 1097 1348 man von den dichterischsten Arbeiten Saltens eine
1105 1285 2142 1366 pest, mit Leib und Seele aber zuständig nach Wien
62 1338 1101 1392 ldeale Linie zu ihren letzten Ausgangspunkten zöge,
58 1369 1101 1422 man könnte daran, wie auf der Rutschbahn im vor¬
65 1409 1109 1470 mals k. k. Prater, sanst, jäh und sehr direkt in die
64 1453 1098 1503 bunte Ebene des Tagesschrifttums zurückrutschen.
63 1502 1097 1558 Einal wollte er sich vom Journalismus irgendwie
64 1530 1108 1593 frei machen, sozusagen das Herumstreichen aufgeben,
73 1578 1097 1637 sich von den vielen Liebesnächten des journalistischen
65 1622 1106 1668 Zufalls trennen und ein gottwohlgefälliges, tugend¬
69 1660 1089 1709 haftes Dichterleben beginnen. Da hat ihm ein k. k.
69 1703 1107 1757 Hofrat sein Jugendwerk „Der Gemeine“ verboten,
331 1743 1106 1797 alten ging weiter auf die Straße; die
87 1741 179 1790 und
87 1785 134 1825 bu
371 1783 1107 1844 in der die Aktualitäten einen an¬
90 1823 166 1874 sprei
360 1819 1105 1879 u Feuilletons verführen. Er wurde in
65 1852 170 1913 der
357 1858 1109 1924 lötzlichkeit eingestellten Wiener Feuille¬
62 1899 171 1959 ton
401 1899 698 1956 niste Aktualist.
795 1906 1111 1970 es brannte, ob
61 1933 108 1989 d
324 1940 1105 1998 in“ Metternich ein frisches Faß Wohl¬
274 1990 1108 2041 mzapfte, ob weiter oben, wo Wappen und
107 2026 1112 2080 oldene Vließe glänzten, ein bißchen Staub aufge¬
180 2062 1088 2116 elt wurde, ob der Kaiser Franz Joseph über die
174 2089 1100 2152 iahilferstraße nach Schönbrunn fuhr, oder eine
166 2142 1113 2206 e Kriminalaffäre die Wiener zum Anhalten des
151 2188 1116 2239 mns verpflichtete — Felix Salten stand schon parat.
57 2232 1108 2278 Wie ein fleißiger Imker zog er den Honig der Stim¬
58 2266 1109 2337 mung aus den Waben der Begebnisse; und die
61 2305 1113 2362 Pointen, denen andere ächzend nachliefen, die dräng¬
56 2354 1110 2410 ten sich an ihn heran, schmiegten sich sauft und freund¬
58 2391 1107 2442 lich an ihn. Seine Feuilletons wurden dann immer
57 2435 1109 2487 das, was man brillant nennt: sie waren ja auch
65 2470 1106 2534 wirklich wie Brillanten geschliffen, und das Zeitungs¬
65 2507 1106 2566 blatt trug sie zum Schmuck, so wie man eben aus
59 2555 1105 2602 luxuriöser Laune und höchst überflüssig Schmuck
60 2591 1106 2660 trägt, nur um aufzufallen und zu gefallen. Aber
60 2630 1109 2689 diese Feuilketons wurden doch mehr als Schmuck,
61 2680 1104 2731 mehr als Schaustück: sie wurden schon in raffinierte
61 2709 1110 2780 Goldschmiedearbeit gefaßte Juwelen einer kultivierten
55 2752 1109 2817 Wiener Kleinkunst: Wiener Sehenswürdigkeit, Kah¬
48 2796 1112 2852 lenberg=Pendant Prater Inkarnation, Donauperle.
64 2839 1115 2901 Industriöse versuchten Nachahmungen, die sie als
51 2870 716 2942 Wiener Exportartikel vertrieben.
130 2913 1118 2972 Dieser Felix Salten blieb immer leidenschaft¬
53 2973 1112 3021 licher Journalist, als Tagesschriftsteller war er ehr¬
54 2993 1126 3064 lich dem Metier ergeben, wie er es in seinen dichte¬
60 3053 1116 3105 risch ausmündenden Werken nicht immer so ehrlich
67 3089 1113 3135 war. Er (ein wenig eitel) hatte das Verstehen und
59 3128 1123 3200 Sichbescheiden mit dem „ruhmlosen Heldentum“ des
756 3169 1117 3228 in die Menge
38 3166 770 3235 einen Tages, der ein Feuilleton
58 3206 1122 3264 schwemmt um es ein paar Stunden später an dem
65 3259 1124 3316 Charonhaken der Vergessenheit festrennen zu lassen.
59 3295 1112 3338 Er läutete nacheinander bei den größten Wiener
57 3339 1119 3399 Tageszeitungen die literarische Sonntagsglocke im
65 3377 1121 3441 Feuilleton; immer aber hatte er in rascher Anpas¬
61 3417 1119 3478 sungsfähigkeit das heraußen was man in Oesterreich
63 3461 1109 3507 Blattgefühl“ nennt, den Patriotismus des Journa¬
58 3499 1107 3567 listen. Wenn er ein Burgtheaterreferat schreibt, ist
62 3547 1108 3593 es mehr journalistisch mehr auf den Willen zur
55 3588 1114 3644 Pointe auf die Selbstherrlichkeit eines eigengebauter
55 3629 1112 3693 Lustschlosses von Wort und Spiel mit dem Wort zu¬
53 3667 1115 3743 geschnitten, als kritisch; und doch weitaus kritischen
57 3713 824 3778 als alles professorale Referententum.
127 3762 1107 3813 Daneben durchaus nicht nebenbei, ist er Novellis
60 3790 1103 3850 und Dramatiker. Als Novellist sagen wir als Epiker
61 3841 1110 3900 denn manche Novelle macht sich ökonomisch klug aus
61 3888 1105 3953 gewertet zum Roman breit, hat er die größere Lieb
443 3940 893 4102 -
