3392 4352
152 288 1011 377 1 Miscellaneens
1091 270 1581 361 box 42/1
1772 89 2001 169 remeshe
1736 115 2657 220 war, sich aber alte Bebenten snei n
1752 154 2865 261 stolzesten. Augenblicken aus dem Tunkel des Glücks in das
1748 208 2880 302 strahlende Licht der Offenheit treien wollte. Die Frau ent¬
1743 274 2879 358 flieht und überläßt die Leiche ihrem Schicksal. Soweit die
1748 298 2875 400 Geschichte, die einmal passierte und in der Welt, die
1750 343 2898 449 sich Cottage neni, lebhaft erörtert wurde: denn schließlich
1754 393 2896 483 vertät sich die Frau ja doch irgendwie. Diese Welt hat ihren
1754 438 2897 533 Dichter und der heißt Arthur Schuiuler. Eine enge Welt
1759 490 2907 593 mit ihren auf Geld, gute Gesellschaft, Inzucht der Menschen
1767 513 2904 635 und Gedanken eingeschränkten Voraussetzungen; gleichwohl ein
1763 576 2895 678 Dichter, just darum, weil er aus den Besonderheiten einer
1760 633 2898 736 schmalen Wirklichkeit doch immer die gültige Form einer
1772 675 2925 783 lebendigen Wahrheit zu ziehen sucht und sie oft genug findet.
1855 906 2533 1017 #beiter Zeitung, Wien
1780 1140 2231 1224 6. Februar 1920
2445 1145 2700 1228 Nr 56
1605 1256 2745 1326 Auch aus jener Begebenheit wurde das Kunstwerk einer
1604 1308 1921 1373 kleinen Rovelle.
1721 1329 2750 1409 Dem Schanspiel, das uns derselbe bebauerliche Vorfall
1610 1398 2752 1455 in „Frau Gittas Sühne“ bietet, ist alles Leoen ausgetrieben
1604 1454 2748 1529 Leben im höheren Sinne einer künstlerischen Wahrheit, ja
1605 1497 2765 1571 Leben auch im Sinne der gemeinen Wirklichkeit. Um so gründ¬
1604 1553 2746 1605 licher, je mehr für das eine mühselige Realistik, für
1612 1602 2742 1655 das andere mystische Psychologie aufgebeten wird. Derr
1611 1644 2741 1702 Trebitsch läßt Mann und Frau im Absteigquartier — hör
1607 1681 2752 1759 es, vornehmes Cottage! — zusammenkommen, und hier
1623 1754 2750 1809 führt den schuldigen Ehebrecher der Schlag. Sehr, sehr
1614 1795 2754 1845 peinlich für die Frau, für die Famille, fürs Kottage:
1611 1823 2751 1888 die Welt immerhin hat andere Sorgen, andere Sorgen auch
1614 1893 2749 1942 gerabe in den Problemen der geschlechtlichen Beziehung. Dex
1615 1933 2563 1989 Boden, dem diese eine Voraussetzung entwachsen ist.
1608 1976 2743 2034 durchaus echt, wie ja schon der Rame „Gitta“ echtestes-Cottage
1606 2023 2598 2086 ist; aber darauf allein bleibt selbst die Wirklichkeit,
1614 2070 2757 2141 Wahrheit des Stückes beschränkt. Frau Gitta muß ihre Feigheit
1613 2128 2768 2194 sühnen; gut. Aber wie, das ist so erklügelt, so über= und du chi¬
1622 2170 2754 2225 einandermotiviert, daß alle die vielen guten Absichten des Ver¬
1619 2221 2755 2278 fassers, die man ohneweiters anerkennen muß, sein qualvollet
1616 2273 2759 2319 Mühen um Problemne, die nur deshalb sind, weil er sie aus¬
1615 2317 2754 2382 heckt, und nur so lange, wie er sie braucht, ihn nur um so weiter
1612 2379 2750 2428 und um so gewisser von dem Ziel der dramatischen Kunst
1620 2413 2766 2469 entfernen. Menschlichkeit wird hier nicht zu künstlerischer Wahr¬
1616 2461 2758 2515 heit erhöht, ja aus der Wirklichkeit wird nicht einmal Theater,
1607 2508 2763 2560 sondern ein Gedachtes, Gespinst und Gespenst zugleich, wlse
1607 2553 2759 2625 Kern, ohne Leben, ohne Blut. Eine Gestalt möchte ich gern
1607 2611 2762 2670 ausnehmen. Das ist die der Tochter des Toten, die ohne
1619 2657 2766 2711 Schwanken eine inbrünstige Liebe der noch unbekarnten
1613 2715 2758 2767 Geliebten des Vaters entgegenträgt; die Frau, die er gelebt.
1611 2749 2762 2810 muß dieser Liebe durchaus würdig gewesen sein. Dies ist eine
1617 2814 2763 2866 wahrhaft poetische Idee, und Herr Trebitsch mag stolz darauf
1618 2849 2770 2913 sein, daß ihm diese Idee sichtbar wurde. Doch wie er dieses
1618 2894 2757 2954 Licht nützt, verdient wahrhaftig weit meniger Lob. Die tragische
1608 2943 2773 3006 Wendung, daß ja gerade die Liebe des Kindes die Erbärmlich¬
1618 2999 2763 3057 keit jener Todesstunde der Frau als Schuld auf die Seele
1612 3064 2758 3105 wälzt, wird zu einer theatralisch zwar nicht unwirksamen.
1614 3101 2764 3152 menschlich und künstlerisch doch ganz unmöglichen
1610 3129 2764 3184 Rührszene verfälscht. Nicht zuletzt darum, weil auch diese Gestalt
1613 3196 2773 3246 Objekt einer psychologisierenden Methode wird, die zuerst jede
1613 3232 2767 3293 Psyche, das heißt Seele austreibt, dann den toten Körper wit
1617 3289 2763 3342 Seelenfleckchen aus Theorien und fremden Dichtungen wieder
1630 3330 2760 3382 in Gang setzen will. Hier wie in anderen Gestalten, ja sogar
1613 3372 2768 3441 in der äußeren Handlung; aber zusammengekehrte Schlack,
1621 3430 1974 3496 heizt keinen Ofen.
1729 3442 2760 3525 So muß auch Herr Paulsen als betrogener Ehegatte
1621 3517 2776 3573 einen Zürgen Tesman spielen, der keiner ist; sogar die Geschichte mit
1617 3582 2769 3626 dem einzigen Mannskript spukt hier herum. Doch Herr Paulsen spielt
1619 3616 2760 3670 diese vertrackte Figur ganz ausgezeichnet. Wie denn überhaupt
1618 3665 2770 3733 die sozusagen unbedeutenden Nebenmenschen in der Darstellung.
1615 3708 2770 3776 im Grunde wohl schon in der Dichtung selber, am besten weg¬
1618 3760 2763 3819 kommen. Frau Mayer verleiht der betrogenen, ja sich ent¬
1622 3801 2778 3862 ehrt fühlenden Gattin die Weihe wahrer Menschlichleit. In der
1622 3849 2792 3916 Mitte steht Fräulein Mayen als Tochter. Sie hat sehr schöne
1620 3878 2790 3969 Augenblicke; Unmögliches in Möglichkeit zu ver wandeln ist ihr
1619 3939 2765 3999 nicht gegeben. Die Sünder erden von Frau Marberg
1616 3994 2779 4055 und Deren Trebler gespielt, vorzülglich heste bürgerlahe
1620 4043 2762 4093 Gesellschaft. Der junge Reimers hat das Pech in diesem
2582 4091 2736 4162 B. R
1630 4097 2203 4175 Stück Doltor Feßler zu heißen.
