3344 4352
1794 238 2309 345 —
1135 334 1609 440 box 41/6
125 322 991 456 1. Miscellancous
1101 1391 2082 1463 eeune von Orgezany zeitweise statte Feuer
2063 1397 3065 1505 gliedern des hollandisch=standinavischen Aus.
147 1424 2065 1521 Auffassung, daß Herr v. Seihmann Wilson und flaute in den Abendstunden wieder ab. Im
2068 1459 2275 1535 schusses.
144 1493 651 1559 Gerard getäuscht habe.
1094 1496 2082 1568 [Ludowagebiet beiderseits des Oitoz- und
2100 1496 3055 1583 Zum Schluß stellt das Schriftstück noch fest,
166 1550 2077 1611 Das gegenseitige Nichtverstehen beruhte auf des Stanic=Tales lebhaftes feindliches Störungs¬
2062 1547 3047 1611 das es lerder nicht gelungen sei die Mitwirkung
126 1589 3057 1655 der Verschiedenheit der Mentalität. In demo= feuer und vereinzelte Patrouillentätigkeit. An des internationalen sozialistischen Ausschusses
131 1692 2075 1759 Mischung abgeben kann. So müßte Wien Pro= Oesterreich in der Schweiz mit seinem geistigen
2070 1678 3051 1761 blickich Französisch. Aber einem Volke zwischen
1106 1739 2069 1805 Besitz werben müsse, und habe zur Unterstützung
145 1738 1115 1798 paganda in Deutschland machen, wenn Deutsch¬
2071 1744 3045 1805 den Völkern ist so etwas immer, man verzeihe
1115 1762 2071 1846 folgendes Gespräch erzählt, das ich mit einem
142 1789 1101 1863 land das nicht von selber verstehen lernen will.
2068 1790 3056 1859 den ungalanten Ausdruck in Angelegenheiten
1109 1839 2072 1903 Schweizer an dem Tage hatte, an dem die ersten
168 1837 1109 1898 Aber Wien geht nach Neutralien. Im Krieg
2073 1837 3053 1906 einer meist so galanten Dame: Choux vert et
1106 1881 2083 1949 deutschen Internierten in Zürich an der Uni¬
2080 1889 2367 1958 vert choux!
145 1880 1108 1949 sind die Neutralen ja auf einmal in Hausse
1101 1927 1771 1999 versität immatrikuliert wurden.
142 1938 1105 1996 geraten, besonders solche, die, wie die Schweiz,
2109 1915 3065 1998 Gewiß hatte die Burg Erfolg und Hofmanns¬
724 1983 779 2023 231
1134 1964 2071 2047 Als wir eine Gruppe solcher Offiziere sahen,
2065 1987 3049 2045 thal wurde ehrfurchtsvoll angehört. Jedoch nicht
141 1977 1122 2047 ihre Sprache zwischen drei Völker teilen. Alle
1110 2023 2069 2096 sagte der Schweizer, ein Mann von Namen:
2077 2015 3076 2098 um eine Schattierung ehrfurchtsvollex ober um
138 2036 1105 2100 Nationen, die geistigen Besitz haben, werben
1105 2087 2068 2162 „Hätten wir doch auch österreichische Offiziere an
2070 2082 3058 2158 einige Blutwallungen erwärmender als jetzt
144 2080 1122 2148 hier, und alles wird doppelt blau und rot
1104 2126 1553 2188 unserer Universität!“
2070 2126 3065 2205 das Théätre Française oder die Georgette
146 2128 1124 2194 unterstrichen. Die Deutschen brachten ihre Musik,
1139 2166 1552 2244 Ich: „Weshalf?“
2073 2182 2678 2240 Leblanc-Maeterlincketwa.
148 2177 1115 2242 ihr Kunstgewerbe, ihren Reinhardt hin. Die
1139 2206 2084 2287 Der Schweizer: „Wissen Sie, die Oester¬
2118 2206 3048 2297 Denn es ist eben das, daß die Welt nicht der
133 2226 1115 2291 Franzosen warben zunächst, in der irrtümlichen
1109 2252 2075 2340 reicher haben mehr das, was wir an den
2072 2273 3049 2347 Kunst gehört. Der stärkste Ausdruck eines
131 2276 1112 2330 Auffassung, daß auch dem Charakter anderer
1103 2320 2073 2403 Deutschen lieben; die Deutschen mehr das, was
2075 2322 3045 2391 Volkes in seiner Gegenwart wird von der
139 2326 1113 2388 Völker die verheerende Verleumdungsfreude
1106 2370 1693 2433 wir an ihnen fürchten ...“
2075 2372 3055 2438 Masse eines anderen Volkes nicht mehr in den
135 2375 1112 2442 innewohne, die den ihrigen stempelt, mit den
1141 2400 2075 2481 In demselben Vortrag legte ich den Wienern
2076 2422 3049 2490 Aeußerungen seiner Kunst gesucht, und bei einer
146 2423 1120 2500 Greueln der Deutschen in Belgien und
1112 2478 2071 2526 nahe, ihre Philharmoniker, Schnitzler und Hof¬
2065 2472 3053 2547 solchen Propaganda galt es doch, auf die Masse
138 2462 1108 2533 der Oesterreicher und Ungarn in Serbien.
1100 2515 2070 2581 mannsthal und das Burgtheater nach der
2074 2520 3059 2607 zu wirken, die Phantasie, die Aufmerksamkeit,
133 2529 1107 2583 Jetzt, wo sie erkannt haben, welchen Widerwillen
1110 2578 2066 2636 Schweiz zu schicken. Die Schauspieler sollten dort
2073 2570 2963 2643 die Verven meinetwegen aller zu besiegen.
142 2575 1109 2630 die schmutzige Angelegenheit ihrer Greuel¬
1106 2622 2072 2682 „Tell“, Grillparzer und Schnitzler spielen. Ja, ich
2111 2613 3059 2689 Aber das hat Wien dennoch in der Schweiz
142 2621 1112 2681 kommissionen in der Schweiz hervorrief, haben
1103 2673 2081 2735 habe sogar mit Ministern diese Angelegenheit
145 2678 1108 2737 sie sich auf Madame Bartet und die gestelzte
2066 2662 3054 2751 erreicht. Es mußte jedoch dazu seine Kaufleute
1103 2723 2070 2782 beraten, und der damalige Ministerpräsident hat
146 2723 1105 2786 Comédie Frangaise besonnen und sich geändert.
2065 2726 3049 2795 und seine Mädel nach Zürich schicken. Die
1113 2774 2072 2825 sich zwei Tage vor seinem Abschied da ür ein¬
2063 2767 3041 2835 machten dort eine „Wiener Modenschau“...
176 2761 1110 2830 Ja, vor einer gewissen Zeit glaubte man, das
1109 2817 2065 2879 setzen wollen... Nun, die Burg kam nach der
136 2812 1109 2879 sei Propaganda. Ich selber habe im November
2071 2802 3055 2890 die Modehäuser Wiens, deren Namen jeder
1109 2872 2076 2937 Schweiz. Sie spielte andere Dinge. Meinet¬
2070 2869 3051 2927 Wienerin ins Tagesprogramm gehören und
139 2870 1109 2925 1916 in einem Vortrag in der Wiener Urania
1101 2917 2064 2975 wegen! Zürich hat sich unter der Heroldrufer¬
2070 2906 3051 2979 teuer sind (und jedem Wiener Ehegatten noch
139 2916 1109 2985 mitgeteilt, die Schweizer deutscher Zunge
1115 2948 2071 3040 schaft des tüchtigen Dr. Korrodi revanchiert. In
136 2951 1110 3023 lechzten nach Austausch von geistigem Verkehr
2067 2963 3052 3035 teurer), und die Mädel, die ein jeder kennt,
1106 3014 2076 3072 den Zeitungen an der Donau wie in denen am
143 3015 1110 3076 mit ihren Sprachgenossen im deutschen und
2070 3021 3047 3083 der etwas von seiner Zeit zwischen die nach¬
1112 3045 2067 3123 Limmatkai erschien ein Austausch allerverbind¬
137 3066 1111 3124 österreichischen Reich. Deutschland habe bis jetzt
2074 3069 3059 3123 mittägigen Spiegel der Probierräume und
1103 3111 2080 3172 lichster Gefühle. Die Neue Zürcher Zeitung war
139 3116 1105 3184 eine Propaganda dort nur mit Dingen gemacht,
2063 3110 2830 3186 die mitternächtlichen der Bars teilt.
1101 3161 2072 3230 fast wienerisch graziös geworden in diesen Tagen
141 3163 1108 3228 die die Schweizer an ihm fürchten: mit der auf¬
2108 3141 3049 3232 Denn die Schneider, Hutmacher, Pelzhändler
1100 3204 1545 3280 und unterm Strich.
141 3220 1107 3288 saugenden Kraft seiner Industrie und seines
2071 3201 3045 3270 kamen nicht mit Koffern, aus denen heraus sie
148 3261 416 3326 Handels...
2073 3256 3051 3336 die Kleider platonisch an öffentliche Gestelle
1148 3237 2067 3330 Aber ich weiß nicht, Thalia hat sich doch als
2072 3309 3042 3374 hingten, sondern sie brachten das mit, was man
1100 3313 2073 3375 etwas zu eben Ausfließendes, als etwas zu
175 3295 1116 3382 Ich habe auch, auf die Anschauung gestützt,
2081 3360 3044 3432 mit einer unerträglich häßlichen und falschen
137 3362 1117 3420 daß die deutsche Montalität die österreichische
1095 3356 2076 3420 überkommen Gleichmäßiges gezeigt. Sie kam,
143 3421 1110 3476 zur Ergänzung nötig habe, in jenem Vortrag in
2062 3412 3047 3480 Bezeichnung technisch „Mannequins“ nennt...
1114 3421 2069 3476 wurde gesehen und vergessen. Einmal spricht
134 3459 3055 3543 Erlebnissen vorgezeichnet, weshalb gerade Thalia Deutsch, einmal Italienisch und augen= die blonde Mizzi und das brünette Katherl usw.
1285 3521 1693 3632 W
