3344 4256
1666 126 1794 233 7
1377 131 1525 227 #7
1871 297 2130 376 Nr. 9405
922 297 1325 377 11. Januar 1920
830 387 2181 515 Ein Abend bei Artur Schnitzler.
840 486 919 545 che
1474 498 1589 564 Von
1248 548 1839 624 Dr. Kurt Sonnenfeld.
835 571 933 660 en
1028 607 2184 689 Wie freute ich mich darauf, Artur Schnitzler wiederzusehen!“
924 671 2180 723 Aber heutzutage ist es nicht ganz einfach, ins Währinger Cottage
841 694 915 761 eit
925 716 2179 787 zu gelangen. Die Elektrische blieb in dem wienerischen Brei von
845 748 912 812 ter
927 764 2193 817 Schnee und Kot stecken, und da der Motor weder auf die Lieh¬
856 801 917 848 en
936 813 2188 882 kosungen noch auf die Flüche des Wagenführers mit einem Lebens¬
846 843 917 905 für
924 878 2193 931 zeichen antwortete, kam ich mit beträchtlicher Verspätung in der
833 895 913 949 ten
929 909 2188 964 Sternwartestraße an. Zum Glück verbreitete der Schnee einen un¬
833 930 931 1010 der
926 963 2178 1021 gewissen Schein, denn sonst hätte ich in der Finsternis kaum die
841 985 923 1048 de.
922 1015 2192 1072 liebe, altvertraute Villa gefunden, in der Frau Hedwig Bleib¬
923 1047 2188 1133 treu bis zum Tode ihres Gatten Römpler gewohnt hat
840 1092 912 1141 nd
925 1105 1652 1171 und die jetzt. Artur Schnitzler gehört.
831 1133 935 1206 ing
1028 1152 2189 1211 Bei der Gartentür treffe ich Heini, den Sohn des Dichters,
838 1187 2180 1273 De einen bildhübschen, sympathischen jungen Menschen, dessen offenes,
845 1232 930 1292 ine
934 1246 2188 1329 frisches Wesen auf manche sanfte Christine und manche kecke
929 1295 1935 1356 Schlagermizzi seine Wirkung nicht verfehlen wird ...
1048 1343 2194 1404 Axtur Schnitzler empfängt mich mit seiner bezaubernden
921 1369 2191 1449 Herzlichkeit, die den Besucher völlig vergessen läßt, daß er mit
835 1442 2194 1501 nte einem berühmten Dichter spricht. Er ist völlig frei von jener gewissen
838 1486 2193 1542 ille Pose der Selbstbespiegelung, die den Verkehr mit berühmten
834 1550 2184 1605 en, Menschen manchmal so unerquicklich macht. Er spricht schnell und
837 1580 2180 1630 lne lebhaft, blendend geistreich, aber niemals nur geistreich ...
838 1634 2190 1697 ll, Müßige Brillantfeuerwerke des Geistes liebt er nicht. Starken
847 1673 2187 1733 er= Worten und kräftigen Urteilen geht er keineswegs vorsichtig aus
845 1727 2179 1782 nis dem Wege, und wer ihn um der gedämpften Lichter seiner
837 1778 2183 1841 ten Jugendwerke willen für einen zimperlichen Aestheten halten wollte,
842 1821 2186 1892 zu=würde sich sehr irren. Denn wenn auch die Tür seines
839 1884 2182 1935 ien Arbeitszimmers mit schalldämpfenden Lederkissen gepolstert ist,
845 1920 2188 1981 emso lauscht Schnitzler dennoch mit scharfem Ohr auf die Stimmen
931 1974 1362 2041 der Wirklichkeit..
835 1966 935 2042 hi,
1024 2003 2185 2085 Daß der Dichter niemals aufgehört hat, Arzt zu sein,
842 2059 2201 2131 #,erkennt man an seinem Blick, diesem unauffällig beobachtenden
838 2125 2201 2184 er= Blick des erfahrenen Diagnostikers. „Ich habe noch heute eine
838 2165 2197 2218 ort Art von Heimatsgefühl für die Medizin“, sagt er, „und darum
837 2207 927 2271 lich
934 2208 2183 2275 gehe ich auch gern durch die Höfe des Allgemeinen Krankenhauses.
851 2256 2183 2328 ing Der Geruch der Kliniken und Seziersäle ist für mich ein Jugend¬
926 2300 2123 2367 geruch wie für andere der Düft von Veilchen und Flieder ..
835 2353 2192 2435 jört Ich bin ja bis zu meinem vierzigsten Jahre, also auch noch als
839 2404 2181 2467 sembekannter Schriftsteller, praktischer Arzt geblieben, und erst als
940 2446 2187 2511 ich das volle Verfügungsrecht über meine Zeit brauchte, um
839 2480 921 2550 vier
840 2497 2194 2560 itet Reisen unternehmen und ungestört arbeiten zu könner, ver¬
865 2559 2199 2632 in abschiedete ich mich in einem Rundschreiben von meinen
940 2597 1174 2675 Patienten.“
838 2630 935 2692 en,
1030 2640 2195 2702 Nun, daß der Dichter Artur Schnitzler den Arzt niemals
899 2687 2190 2762 verleugnet hat, beweisen seine Werke, die, stattlich gebunden, im
935 2745 2187 2804 Bücherkasten stehen. Aber die Theaterdirektoren, die mit ihm
842 2771 934 2845 gen
943 2806 2197 2847 Verträge abschließen, rühmen ihm — manchmal seufzend — auch
833 2818 922 2874 en,
935 2832 2187 2907 hervorragende juristische Fähigkeiten nach. Ueber die Frage,
841 2867 932 2926 #rt,
839 2894 2197 2946 ser ob er nicht für einen Dichter sast zuviel Verstand, eine allzu
1576 2953 1629 2999 „
1626 2930 2205 3009 darüber macht er sich keine
853 2940 1522 3007 der analytische Veranlagung habe
945 2981 1970 3043 Sorgen: „Man kann nie genug Verstand haben ...
853 3007 930 3064 sen
1044 3035 2185 3091 Er liebt es nicht, sich über Tagesereignisse zu „äußern“
945 3072 2192 3146 wie man so schön zu sagen pflegt. Er hat es ja auch gar nicht
935 3129 2200 3186 notwendig, da ihm seine Kunst schon oft zur Tribüne geworden
839 3151 940 3213 eiz
946 3170 2188 3239 ist und er in seinen Dramen und Romanen aus seinen Ueber¬
850 3198 931 3259 ter¬
941 3224 2199 3295 zeugungen kein Hehl macht. Im Kriege hat er nur einmal
838 3244 934 3317 des
932 3265 2196 3339 öffentlich das Wort ergriffen, um gegen eine Verleumdung
925 3316 2193 3376 schärfsten Einspruch zu erheben. Das war damals, als irgendein
853 3363 2196 3429 er= Schwindler eine Unterredung mit ihm erfand und ihm Worte
854 3411 2192 3493 ene des Hasses gegen große russische und englische Dichter zuschrieb,
842 3458 2186 3518 ber die ihm lieb und teuer sind. Romain Rolland hat Schnitzlers
853 3503 2195 3565 ts=] Protest, der dann die Runde durch die neutrale Presse machte
943 3569 2193 3632 und auch in der Wiener „Arbeiter=Zeitung“ veröffentlicht wurde,
853 3567 930 3629 ch,
840 3609 1439 3679 ern ins Französische übersetzt.
1047 3657 2198 3709 Wir sprechen über meinen verehrten Freund Pierre Ramus
843 3659 944 3718 auf
849 3695 2192 3755 ses und über die immer heller strahlende Idee der Gewaltlosigkeit.
863 3763 2192 3814 ist Ich sage Schnitzler, daß ihn die anarchistischen Anhänger Tolstois
860 3803 2200 3857 nd für sich reklamieren, weil er sich anläßlich des Prozesses gegen
864 3843 2200 3912 ich den Kommunisten Ernst Toller gegen jeden Gewaltakt,
858 3905 2192 3952 zen gegen jede terroristische Diktatur — einerlei, ob von
845 3956 2203 4006 dersoben oder unten — aussprach. Schnitzler, der die
908 4002 2198 4051 anarchistische Lehre der Gewaltlosigkeit genau kennt, gesteht seine
1048 4088 2204 4137 Als sie auf der langen Eisenbahnfahrt von Neapel nach
855 4086 950 4158 cio
1860 4126 2157 4178 Miesen ein#og
