3436 4320
156 292 1012 387 1. Miscellangens
346 1023 1023 1143 Humoristirche Biattek, Wich
230 1134 529 1213 20.0% J19
466 1291 972 1404 THEATER.
304 1451 1226 1546 In Wien gedeiht neben der wirklichen
201 1518 871 1593 auch die politische Operette.
309 1589 1204 1648 Mutet nicht alles, was bei uns geschieht,
221 1636 711 1705 wie ein Libretto an?
305 1680 1208 1779 Da hat neulich ein Protest gegen die
199 1735 1207 1818 Hinrichtung Tollers in München bei uns
218 1814 1205 1892 das Licht der Welt erblickt und man hat
211 1877 1207 1956 bei dieser Aktion, an welcher unsre besten
218 1932 1198 2017 Dramatiker beteiligt waren, die Achseln ge¬
220 1992 370 2059 zuckt.
299 2053 1207 2122 Nun wollen plötzlich die unterschriebe¬
210 2090 1203 2197 cen Dramatiker Schnitzlex Beer-Hof¬
212 2158 1088 2237 mann usw. nicht dabei gewesen sein.
297 2233 1203 2289 Sind sie also jetzt für die Hinrichtung
212 2272 418 2349 Tollers?
299 2349 1199 2414 Haben sie auch nur bedacht, wie es
212 2402 1202 2483 ankt, wenn man plötzlich erklärt, man sei
211 2447 1204 2537 chtt bei dem Protest gegen eine Hinrichtung
211 2512 641 2593 beteiligt gewesen?
302 2582 1200 2653 Wollen am Ende gewisse Dramatiker
205 2643 1197 2708 die Genst des bürgerlichen Publikums nicht
217 2689 463 2752 vorlioron?
277 2742 1181 2813 Hätten sie nicht mit dem Dementieren
191 2794 1170 2880 warten können, bis Tollers Schicksal ent¬
195 2847 515 2919 schieden ist?
281 2912 1174 2977 Wenn der Name des Schreibers dieser
177 2956 1177 3037 Zeilen auch fälschlich zitiert geworden würe.
191 3020 957 3107 er hätte wahrlich nicht protestiert.
280 3082 1171 3159 Die schlotternde Angst vor dem Miß¬
184 3144 1170 3220 brauch des Namens nimmt sich eigentümlich
183 3205 1173 3273 aus bei Herren, die jeden zweiten Tag in
185 3273 1178 3335 der Zeitung stehen und noch bei jeder
183 3332 1054 3393 Aktion mit ihrem Namen dabei waren.
263 3377 1180 3456 Nein, Hterr Beer-Hofmann, das hat
177 3434 1164 3513 Jaakob nicht geträumt, daß seine Nach¬
184 3496 1182 3562 kommen nicht protestieren würden dagegen,
186 3553 1196 3636 daß sie gegen eine Hinrichtung protestien“
185 3611 367 3689 hätten.
1160 283 1619 375 box 41/6
2104 178 2215 278 —
2158 361 2263 459 ##
1991 436 2610 531 Catenen dn Raltschau
2693 444 2956 548 1- Jll. 131
2230 512 2387 599 Wien
2020 581 2733 714 Kunst und Bühne.
1878 696 2917 771 Komödienhaus. Da veranstalten die Juben geräuschvolle
1850 744 2915 814 Protestversammlungen gegen die Pogronte, doch mo immer
1849 788 2917 850 sie zur Macht gelangen, sei's in der Presse, in der Pollul
1839 829 2902 895 Loder in der Kunst, tun sie selber alles, um im ifriedferttessten
1848 871 2900 947 Philosemiten Pogromstimmungen zu erwecken. Seit dem
1840 928 2896 976 Iglorreichen Bestand der jungen Republik vermehren sich auf
1841 969 2920 1032 sunseren Bühnen mit schier kaninchenhafter Triebkraft die
1847 997 2906 1059 Stücke zum Preise des Judenkums, und wer sie in die
1836 1046 2908 1098 Inatürlichen Schranken des ihnen zukommenden Gastrechtes
1841 1094 2919 1149 weist, ist ein Kullurseind, ein Rückschrittler oder wohl gar
1839 1137 2917 1196 eln Finsterling, der es nicht verdient, Zeitgenosse des großen
1843 1180 2912 1237 Bela Kun oder des Scharfmachers Friedrich Adler zu sein,
1851 1229 2906 1279 der sich auf das Sozialisieren ebenso gut versteht wie auf
1849 1262 2911 1314 den Menchelmord. Erst vor kurzem sah man im Komödien¬
1854 1311 2910 1367 haus ein Schauspiel „Jud Süß“ das wie geschaffen ist, das
1844 1346 2910 1419 arische Voik herauszufordern. Jud Saß, durch schlaue Ränke
1847 1387 2918 1450 zum geheimen Finanzrat emporgeworsen, legt die schwersten
1845 1450 2911 1492 Steuern auf das Land, verschachert die einflußreichsten
1855 1479 2904 1522 Stellen an die Meistbletenden, umgarnt den Herzog damit,
1841 1521 2921 1577 daß er ihm immer neue Maitressen zuführt, und will nun
1846 1562 2917 1613 auch das protestantische Land an die katholische Kirche ver¬
1850 1608 2930 1669 raten. Dafür stirbt er zwar den Tod durch den Galgen, was
1850 1660 2917 1707 aber den Verfasser nicht hindert, ihn zum Märtyrer seines
1856 1697 2912 1742 Volkes emporzudichten, der voll Heldenstolz von sich selber
1851 1741 2912 1791 sagt: „Ich bin ausersehen, all die Unbilden zu rächen, die
1858 1794 2920 1844 meine Brüder erduldeten, und all ihr schmachvoll vergossenes
1848 1827 2911 1879 Blut. Heute lieg' ich, der Jud, über diesem Lande wie ein
1858 1868 2920 1922 Alp und sauge sein Blut und werde sett von seinem Mark“.
1858 1901 2924 1965 Und gestern veranstaltete auf der gleichen Bühne die Ar¬
1851 1966 2909 2011 beitsgemeinschaft „Arche“ für jüdische Kunst und Literatur
1853 2004 2909 2055 anläßlich der fünfzehnten Wiederkehr von Theodor Herzls
1855 2044 2915 2092 Todestag eine Sonderaufführung des Schauspieles „Das
1849 2075 2845 2141 neue Ghetto“ dessen Knallefsekt darin besteht, daß
1861 2134 2917 2184 christlicher Kavalier, der überdies Offizier ist, von einem
1858 2178 2918 2231 Jnden geohrfeigt wird. Dazu die pathetische verkündete
1858 2215 2914 2275 „Christenpflicht“ gegenüber dem leidenden Proletariat, und
1850 2263 2913 2311 das jüldische Heldentum ist vollendet. Ein unglaublich schöner
1862 2304 2912 2353 Märtyrertod krönt auch die gestern wieder bejnbelte und be¬
1859 2348 2916 2399 weinte Laufbahn des verunglückten Ghettobefreiers. Das
1856 2380 2916 2432 Stück hat allerdings auch ernsthafte Seiten, die allerhand
1862 2432 2919 2483 Ungelegenes und Unangenehmes aus der Judenschule
1866 2473 2913 2529 schwätzen, und schon, als es vor ungefähr zwanzig Jahren
1866 2500 2909 2559 im Carltheater aufgeführt wurde, fand man es als Juden¬
1868 2559 2918 2610 stück zu antisemitisch und als Antisemitenstück zu jüblsch.
1859 2612 2919 2665 Inzwischen hat sich der Kreis der Zlonisten, deren Führer
1867 2641 2923 2699 damals Theodor Herzl war, bedeutend erweitert. Die Mau¬
1870 2702 2915 2744 ern des alten Ghettos sind zwar gefallen, geblieben aber ist
1866 2739 2913 2793 das neue, das moralische Ghetto, als dessen Prophet nun
1865 2785 2926 2826 Herzl gilt. Nicht die Moral de anderen schließt das neue
1853 2827 2922 2872 Ghetto ein — die andere Moral der Ghettobewohner bildet
1870 2860 2919 2917 die ewig scheidende Grenze. Und die Ghettomenschen?
1866 2906 2924 2959 Sie bleiben trotz platonischer Anerkennung der zionistischen
1861 2945 2921 3014 Bewegung noch heute gern in ihrem moralischen Gefäng¬
1864 2985 2914 3047 nisse, sie fühlen sich wohl darin und nehmen es sehr übel,
1862 3031 2919 3077 wenn man sie „erster Klasse und trockenen Fußes noch Jeru¬
1863 3090 2921 3135 salem führen will“. Es genügt ihnen, In allerlei Verkleidun¬
1871 3132 2916 3174 gen kleine Ausflüge in das Leben der anderen zu machen,
1862 3170 2926 3217 Vergnügungsfahrten, Schnngglerzüge und Geschäftsreisen;
1867 3190 2935 3263 ihre He'mat bleibt das Ghetto und ihre Seligkeit der Kriegs¬
1868 3261 2926 3305 oder Friedensgewinn. Die Schnitzler, Salten, Dörmann,
1869 3295 2920 3361 Hirschfeld und die himmlische Heerschar der Operetten¬
1874 3333 2926 3395 macher, sie alle schreiben Ghettostücke; aber sie stecken ihren
1918 3370 2946 3438 dischen Witz in arische Gewandung, wöllen im Lande blei¬
1831 3422 2960 3503 1 bet und sich rerlich von Tantiemen nähren. Thoodov Herzl, 1
1903 3533 2965 3578 der dus dramatische Handwerk. nicht beherrscht, war es mehr
1906 3568 2963 3621 um Belehrung und Bekehrung zu tun. Abgesehen ven der
1906 3600 2968 3660 zionistischen Tendenzehrfeige bekam, man auch von der ge¬
1910 3646 2959 3702 strigen Aufführung seines Schauspieles zuvörderst den Ein¬
1908 3687 2969 3747 druck, als wohnte man in einem Ghetto einer Vorlesung
1908 3745 2962 3792 über das Ghetto und seine sozialistische und kapitalistische
1905 3784 2960 3831 Umwelt an. Daß da für die Schauspieler nicht viel zu holen
1911 3824 2963 3882 ist, begreift sich leicht. Jedenfalls hatten die Tarsteller der
1905 3865 2959 3909 echten Judentypen leichteres Spiel als die der Mealjüerten
1905 3907 2956 3968 Tendenzjuden, unter denen Herr Lassen den Helden des
1911 3941 2953 4011 Stückes zur höheren Weihe des rituellen Fester=in der Maske
1900 3991 2959 4069 Herzls spielte, zu dessen Ehren der Aullührung auch ein
1900 4036 2627 4114 Huldigungsprolog vorangegangen wor.
