3392 4256
1161 264 1624 349 box 41/6
261 243 1010 372 Misgellansens
1247 1120 1589 1320 14 1 1916
581 1117 1279 1363 Schlesische Zeilone, Breskas
2411 1352 2621 1432 a  M
940 1390 1056 1470 IV
1534 1401 2934 1502 7selbst vor einen Wagen oder Schlitten und schleppen die Leiche auf
1680 1455 2933 1516 en Kirchhof oder aber sie tragen sie in einem Laken dorthin,
673 1446 1551 1532 Aus Kunft und Leben.##
1639 1499 2937 1563 Oft reißt dabei das Laken und die Leiche fällt in den Staßendreck.
438 1518 1649 1592 * Zu einer Art literarischen Angelegenheit hat sich
1630 1539 2932 1579 Viele werfen die Leichen einfach auf die Straße. Die Toten=
321 1574 2923 1617 neuerbings das Schicksal des Münchener Spantakistenführers! kammern sind von Leichm überfüllt. Diese Leichen werden alle in
2562 1609 2698 1667 Die
2720 1604 2946 1661 Arbeiter¬
963 1609 2248 1660 z. B. in München selber Thomas besonderen Lastautomabilen
2252 1599 2536 1668 weggeschafft.
370 1617 868 1669 Frust Toller gestaltet.
681 1645 2923 1703 en gefährlichen Umstürzler, der auch einige bevölkerung erhält auf Karten der ersten Kategorie durchschnittlich
312 1647 487 1728 Man
344 1677 1860 1731 expressionistische Gedichte auf dem Gewissen hat, eingetreten undpro Tag
1844 1687 2914 1755 (natürlich mehr auf dem Papier als in Wirklichkeit):
330 1727 2932 1767 aus Wien haben in einem Telegramm an den bayrischen Minister=dreiviertel Pfund Brat, einen halben Hering, acht Solotnik
899 1763 1558 1818 1. Hermann Bahr, Franz Bl
1672 1763 2947 1818 1 Solotnik = 4½ Gramm) Graupen, vier Solotnik Zucker und 1
333 1763 860 1821 bräsidenten Hoffmann u.
675 1795 1649 1853 #da Roland, Alexander Moissi,
1636 1788 2944 1852 sechs Solotnik Pflanzenöl, natürlich nicht alle Tage, das ist ein
330 1801 581 1855 Artbur
339 1833 2932 1886 Albert Ehrenstein, Franz Werfel, Hugo Hoffmanns=] Fünftel der normalen Ration und ihr Nährwert ist minimal. Die
479 1880 1642 1936 Oskar Fried, Beer=Hoffmann, Stephan Zweig
1631 1878 2936 1936 nichtarbeitende Bevölkerung erhält bedeutend weniger. Das
335 1910 1639 1958 schärfstens gegen die „beabsichtigte" Erschießung Tollers „pro¬
1639 1921 2928 1970 Existenzminimum ist auf 500 Rubel monatlich festgesetzt. Aber
609 1945 1650 2006 den spartakistischen und den von ihnen nicht zu
342 1951 571 2001 testiert. I
1678 1954 2925 2003 das kann ein Arbeiter für dieses Geld dazu kaufen wenn ein
350 1986 1645 2041 unterscheidenden unabhängigen Blättern wird Toller in immer
1636 1981 2931 2033 Pfund Brot 60 Rubel und ein Pfund Butter 200 Rubel kostet.
350 2025 2853 2073 ausdringlickerer Weise als ein Muster wahrer Humanität hin= Diejenigen aber, die keinen Beruf und kein Geld haben, und
351 2056 2927 2124 gestellt Dies Kind, kein Engel ist so rein — heißt es jetzt und Laufe von fast zwei Jahren alle ihre Sachm bereits verkaßft
342 2093 818 2157 rührende Erzähl
884 2097 1639 2150 gen werden aufgetischt, daß Toller
2201 2108 2702 2161 Petersburg verhunge
1627 2096 2221 2165 haben, verhungern einfach.
334 2143 1648 2200 den Grafen Arco „gerettet“ und üverhaupt nur Gutes in München
1636 2125 2938 2187 Geld aber kann man alles haben. So sah der Gewährsmann des
803 2167 1629 2225 ist eine unverschämte und ge¬
337 2174 643 2237 gestiftet habe!
2167 2174 2929 2239 wie er nur in der guten alten Zeit,
1630 2177 2160 2244 Blattes einen Ostertisch,
1480 2209 1648 2273 Toller
1097 2208 1445 2268 r Wahrheit!
336 2209 1091 2269 meine Vergewaltigung de
1636 2225 2892 2278 existierte mit dem erkorderlichen Österkuchm, Eiern und soga¬
347 2257 2937 2288 war das Oberhaupt jener Verbrecher die so viel entsetzliches Un= Wein. Er kostete aber auch einige Tauseno Rubel. Geld spielt
340 2282 2929 2352 heil über Bayern und München gebracht haben. Unter seiner überhaupt keine Rolle. So kaufte neulich ein Mutrose mit eilem
336 2316 2935 2395 „Oberhoheit“ bedrohten seine russischen und jüdischen Spieß] Stubenmädchen am Arme auf der Liteinaja von einet Dam eine
336 2355 2932 2428 gesellen die Münchener an Leben und Besitz, um das ihnen ge¬ Karakul=Jacke und bezahlte für dieselbe ohne zu handelw12 000
2808 2405 2899 2457 nsere
338 2393 1906 2451 stohlene Geld in tohesten Orgien mit verkommenen Dirnen; Zarenrubel.
2521 2406 2756 2455 wolle und
2023 2406 2499 2469 Und solchen Zuständen
335 2431 627 2496 #n hexpraf
739 2443 2934 2479 In solchen Orgien schamlosester Art bestand! deutschen Kommunisten, die man leider immer pöch frei
341 2477 1651 2522 nämlich in Wirklichkeit das „Regieren“ aller jener Zuchthäusler.
1636 2471 2372 2536 berumlaufen läßt, entgegenführen!!
341 2510 1649 2584 Deserteure, Narren und Kaffeehausliteraten, die die sogenannte
1260 2552 1646 2613 tzt soll aller dieser
340 2558 1239 2603 „Münchener Räteregierung“ bildeten. Und
1155 2592 1648 2647 s Märtyrer heiligster
331 2586 1138 2648 Gauner Rädelsführer auf einmal
345 2627 1643 2679 Ideale dastehen? In einer Zeit, wo angebliche Deutsche einen
346 2660 1653 2712 so zersetzenden Geist, wie er der Frau Dr. Rosa Luxemburg
337 2697 1644 2764 eigen war als etwas Verehrungswürdiges und für das Deutsch¬
332 2738 1652 2791 tum (!) Unersetzliches hinstellen, kann freilich auch dies nicht
334 2782 1654 2827 mehr wunder nehmen! Aus der Liste der oben genannten Wiener
338 2821 1656 2872 Schriftsteller läßt sich übrigens unschwer erseben, daß viele von
345 2853 1650 2895 ihnen Toller eben als ihren Glaubens= und Rassengenossen vor
329 2889 1650 2950 dem verdienten Schicksal bewahren wollen. Wie ja auch das
337 2926 1657 2987 Verl. Tageblatt“ für Rosa Luxemburg setzt die gärtlichsten Worte
348 2959 513 3018 findet.
596 2966 1660 3024 eses Zusammengehörigkeitsgefühl verleugnet sich eben
334 3007 1652 3065 nitmals! Immerhin sollten deutschbewußte Kreise bei all diesen
346 3043 1654 3096 Vorgängen darauf bedacht sein, um was es sich hier eigentlich
336 3082 527 3155 handelt
515 3097 1646 3175 Die in Helsingfors erscheinende „Rußkasa Shifn“ (Das
343 3148 1657 3195 russische Leben) bringt folgende Daten über das Leben in Peters¬
338 3193 1661 3241 burg. Hunger und Krantheiten herrschen wie bisher. So sind
340 3230 1657 3295 in einem Asyl 150 Kinder an der Rotzkrankheit erkrankt.
343 3266 1651 3327 Gewöhnlich erschießen die Volschewiste solche Kranke, in diesem
334 3297 1648 3361 Fall wurde aber eine Ausnahme gemacht, die Kinder wurden mit
348 3348 1649 3402 Chloroform eingeschläfert. Nach den letzten offiziellen Daten,
341 3386 1648 3441 welche fraglos niedriger als in Wirklichkeit sind, sterhmn in
341 3418 1662 3482 Petersburg tausend Menschen am Tage, mit anderen Worten, die
350 3457 1651 3512 Stadt stirbt aus. Die Toten werden auf verschiedenerlei Art
337 3485 1651 3560 beerdigt, entveder billiger nach Karten, wobei die Leiche fuder¬
343 3529 1645 3584 weise weggeführt werden, oder auf Vereinbarung zu horrend
338 3574 1642 3633 hohen Preisen (900 bis 1200 Rubeln), wobei der Sarg nur bis
484 3607 1683 3678 Kirchhof gelieben wird, oder die Angehörigen spannen sich
