3392 4352
284 300 997 412 Miscellaneeus
1900 211 2184 292 —.
1112 299 1608 396 box 41/6
2001 2086 2268 2185 9-OE2 10-0
1481 2163 2161 2257 Neue Freie Prasae Wien
1308 2250 2395 2328 [Eine Bürgerwehr in Währing und
1216 2328 2397 2374 Döbling.] Die Bürgerschaft des 18. und 19. Bezirkes hat
1232 2362 2393 2427 nach dem Muster des 13. Bezirkes eine Bürgerwehr
1235 2400 2329 2459 geschaffen, welche dazu bestimmt ist, die Sicherheitswache
1236 2444 2337 2496 verstärken und sie in diesen Bezirken in ihrem schwer
1228 2486 2202 2543 Dienst gegenseitig zu unterstützen. Ein diesfälliger,
1232 2535 2180 2585 Bezirlsvorstehern Baumann und Kuhn, den
1243 2574 2168 2632 Finanzminister Baron Wimmer, den
1223 2620 2147 2676 Dr. Oswald Redlich, Bernatzik und He
1233 2658 2158 2708 dem Hofrat Hugo Thimig, Dr. Artur Schuit
1226 2702 2169 2757 meister Micheroli u. a. m. gezeichneter an
1703 2744 2172 2809 daß sich hauptsächlich
1229 2748 1687 2807 bereits die Wirkung,
1219 2788 2241 2840 Gewerbetreibenden von Währing und Döbling, au
1223 2840 2333 2890 Turnvereinen usw. über 400 Personen in selbstloser, uneige
1236 2879 2395 2921 nütziger Weise zur Verfügung stellten. Weuere Anmeldungen
1238 2928 2387 2978 werden bis einschließlich 15. d. von 9 bis 12 Uhr beim magi¬
1238 2959 2386 3016 stratischen Bezieksamt (Martinstraße 100) und beim Polizei¬
1233 3004 2125 3059 kommissariat Döbling (Kreindlgasse 13) erbeten.
