3344 4352
1227 292 1678 374 box 41/6
302 287 1068 387 Miscellançols
415 530 588 635 12 0ll
553 548 1263 654 Neue Freie Presse, Wien
831 629 1085 690 undhlaft
362 651 1554 749 Ein Protest aus Wien gegen eine Hinrichtung
849 723 1079 815 Töllers.
654 777 1286 895 (Telegramm der „Neuen Freien Presse“.)
1065 832 1526 906 “München, 11. Juni.
459 868 1544 968 Das sozialdemokratische Porteiorgan „Münchner Post“.
374 946 1544 1030 veröffentlicht heute folgendes, ihr aus Wien zu¬
375 989 1551 1074 gegangenes Telegramm: Die Unterzeichneten haben an den
364 1038 1545 1120 Ministerpräsidenten Hoffmann nachstehendes Tele¬
371 1079 1557 1179 gramm geschickt: „Wir protestieren aufs schärfste gegen
373 1124 1539 1217 jedes Standrecht, besonders gegen die beabsichtigte Er¬
375 1169 1549 1275 schießung Ernst Tollers. Staatssekretär Bauer,
380 1221 1558 1317 Seitz, Tandler, Friedrich Adler, Hermann
372 1272 1543 1365 Bahr, Franz Blei, Artur Schnitzler, Ida
372 1321 1548 1415 Roland, Alexander Moissi, Hugo Sonnen¬
378 1368 1547 1466 schein, Albert Ehrenstein, Franz Werfel, Hugo
382 1420 1562 1504 Hoffmansthal, Stefan Zweig, Oskar Fried,
378 1493 1053 1566 Richard Beer=Hoffmann.“
462 1510 1559 1611 Das sozialdemokratische Blatt bemerkt dazu: In voller
376 1577 1559 1646 Anerkennung der humanen Gesinnung, der dieses Tele¬
377 1634 1569 1709 gramm entsprungen ist, müssen wir doch die Frage auf¬
385 1667 1553 1747 werfen, auf welche Tatsachen sich die Behauptung stützt,
380 1717 1558 1784 die Erschießung Tollers sei beabsichtigt. Soweit wir die
385 1783 1567 1848 Verhältnisse kennen, glauben wir, daß davon keine Rede
385 1813 1554 1899 sein kann. Wo sind übrigens die Protesttelegramme der
381 1852 1560 1946 Wiener Staatsmänner und Intellektuellen geblieben, als die
388 1933 1563 1988 von Lewin und Leviné=Nissen aufgepeitschten
390 1953 1558 2032 revolutionären Stoßtrupps in München den auf den Tod
389 2004 1562 2087 verwundeten Genossen Auer aus der Klinik verschleppen
387 2077 639 2145 wollten 24
614 2566 1331 2706 Niinehnter Oert
502 2689 1092 2803 73 ure 4#10
1259 2809 1546 2942 Posten
424 2833 768 2972 Telegra
484 2922 1500 3032 Das m #sterisse velegramm.
558 2989 1554 3060 Δ Wien, 12. Juni 19. (Korr-Bür Staats¬
485 3039 1561 3116 sekretär Dr. Otto Bauer hat an den bayerischen
475 3075 1572 3174 Ministerpräsidenten Hoffmann in München sol¬
476 3135 1027 3205 gende Depesche geschickt:
556 3141 1569 3240 Die „Münchener Post“ veröffentlicht einen Protest
482 3200 1567 3292 gegen die angeblich beabsichtigte Erschießung Ernst
481 3239 1563 3321 rollers, unter dem auch die Unterschrift des Präsi¬
486 3287 1550 3364 denten Seitz und meine Unterschrift gesetzt ist. In Wirk
486 3317 1543 3410 lchkeit ist weder dem Präsidenten Seitz no¬
525 3356 1545 3441 ger jemals ein solcher Aufruf zur Unte:
491 3396 1549 3478 schrift vorgelegt worden. Unsere Namen wur
481 3440 1558 3519 den ohne unser Wissen unter den Protest gesetzt. Wir sind
482 3488 1567 3546 überzeugt, daß es unserer Bitte gar nicht bedarf, die baye¬
498 3508 1563 3590 rische Regierung zu bewegen, kein Todesurteil
497 3577 1163 3660 mehr vollziehen zu lassen.
1143 3578 1536 3663 gez. Otto Bauer.
614 3637 1569 3732 Wien, 12. Juni 19. Das Korrespondenz=B reau
571 3714 1566 3781 öffentlicht eine klärung des Schriftstellers Arthur
995 3744 1574 3804 ervon dem Protestrelegramm
597 3773 790 3819 nitzler,
923 3774 1571 3852 #llirs kaitte Kenntneß hafte und
505 3778 837 3869 er vie- Hir
494 3788 1606 3903 daß ihm ein solches Telegramm niemals zur Unterschrift,
494 3886 840 3971 vorgelegen habe.
2254 187 2375 270 —
2920 314 2967 382 an
2325 293 2898 387 „Rumoristische Blätter, W
2393 515 2995 619 HILHTER.
2234 611 3120 711 Der furchtbaren Niedergang des Deutscf¬
2133 691 3120 771 tums hat sich auch auf dramatischem Ge¬
2141 753 3130 840 biete angekündigt, und zwar weit früher als
2131 824 3116 892 auf politischem Gebiete. Wagners Grund¬
2133 879 3148 951 thema war nichts anderes als die Ahnung
2127 941 3126 1002 vom Niedergang des Deutschtums. Siegfried
2139 1000 3117 1050 mit seinem Schwert und der Vogelsprache¬
2137 1052 3121 1135 kunde ist Symbol des ebenso kriegerischen
2124 1100 2899 1189 als sinnreichen deutschen Volkes.
2226 1166 3118 1244 Das Rheingold ist Sinnbild der
2129 1217 3117 1305 blühenden rheinischen Industrie, die den
2124 1282 2901 1339 Deutschen den Geldstrom brachte.
2227 1345 3105 1417 Hagen ist Repräsentant der neidischen
2141 1385 3110 1478 Westmächte, die Deutschlands Macht
2135 1451 2537 1523 zerstören wollten.
2217 1502 3112 1580 Am Rhein holten die Deutschen das
2130 1576 3103 1652 Gold der Industrie, am Rhein entstand das
2129 1632 3116 1714 Evangelium das Kommunismus — am Rhein
2125 1696 3104 1781 wird Deutschland s Niedergang besiegelt.
2213 1746 3119 1829 Auch Gerhart Hauptmann war ein
2122 1819 3109 1890 dichterischer Prophet des Niederganges und
2123 1864 3111 1951 sein wertvolles Werk „Die Weber“ kündigt
2116 1920 2796 2002 schon die Räterepubliken an.
2232 1976 3121 2067 Von Gestalten wie Wedekind, Evers,
2120 2042 3016 2116 Sternhein usw. gar nicht zu reden.
2212 2093 3107 2167 Um speziell Deutschösterreichs
2125 2163 3116 2240 Untergangzu verstehen, genügtes Schnitzler,
2123 2211 3111 2314 Hermann Bahr, Rudolf Hans
2114 2267 2790 2351 Baitschusw.-zuriee.
2217 2340 3110 2405 Kann man sich vorstellen, daß ein
2126 2355 3101 2483 Schnitzlerscher Held ein Reich zu¬
2116 2450 2599 2531 sammenhalten kann.
2209 2512 3106 2590 Daß ein Mensch, der Hermann Jahr
2119 2566 3104 2645 liest, je was Kluges tun wird, oder aus den
2121 2617 3106 2693 Romanen des Herrn Bartsch Festigkeit
2114 2669 3016 2751 und Führung im Leben gewinnen kann.
2210 2747 3096 2820 In allen Autoren nur Sophismen, leicht¬
2118 2804 3103 2866 fertiges Gedankenspiel, schwüle Sinnlichkeit,
2129 2857 2735 2935 weiche Gefühlsschweigerei.
2221 2918 2622 2995 Und die Malerei!
2214 2981 3096 3042 Man sehe sich Makart an und die
2122 3038 3105 3116 dummen Hurengesichter auf seinen Bildern,
2128 3094 3091 3158 die weichliche, unsolide Farbenschwelgerei.
2208 3150 3093 3227 Man sehe sich unsre Feuilletonisten an,
2127 3212 3104 3300 unsre Satiriker mit ihrer maßlosen Eitelkeit,
2127 3273 3104 3332 ihrer Stilschwelgerei, ihrem öden Wortdienst.
2114 3329 3103 3399 Für sie ist Österreichs Untergang nur ein
2112 3393 3104 3471 Kabarettvorwurf, der Stoff zu einem gegen
2114 3439 2796 3521 Entree vorzutragenden Bänkel.
2216 3506 3099 3582 Sie grinsen dem Publikum zu: „Was
2123 3562 3094 3621 sagt ihr, mit welcher Stilkunst ich die
2122 3612 3088 3688 Schande des Vaterlandes besiege, welche
2119 3679 3095 3745 glänzende Witze ich über die Millionen von
2119 3749 2588 3809 Todesopfern mache.“
2200 3790 3099 3864 Man sollte solchen Überbrettelhelden
2116 3850 3099 3926 der allgemeinen Schande ins Gesicht spucken,
2119 3915 3091 3985 und auch dem Gelichter, welches solche
2111 3970 2751 4051 Schaustellungen ermöglicht.
2206 4039 3095 4110 Aber der Osterreicher hatte ein
2125 4087 3098 4159 Vaterland und liebt’s, wenn man es besudelt.
