3344 4352
263 269 1079 367 Miscellancons
1125 258 1565 353 box 42/1
1663 923 1719 1020 3
1646 1098 1748 1177 20
1619 1228 1734 1298 ∆
1676 1444 1756 1503 S.
1663 1501 1755 1590 8
1663 1581 1747 1652 9
1748 263 2629 390 Franz Schreker und sein „Schatz
2048 345 2307 447 gräber“.
1818 417 2626 494 Anläßlich der Uraufführung des „Schat
1742 491 2624 547 gräber“ im Opernhaus in Frankfurt a. M
1747 522 2625 600 welche mit Begeisterung ausgenommen wurd
1732 566 2635 639 widmen sämtliche deutschen Blätter dem Dichte
1750 617 2641 694 und Musiker Schreler eingehende Würd
1746 659 2637 749 gungen. Wir entnehmen dem Verich
1708 711 2649 811 5 Julius Kapps in der „Vossischen Zeitung
1763 777 2205 854 die folgenden Zeilen:
1854 804 2659 900 Wagners sittlich = christlicher Welt
1771 866 2645 937 anschauung mit den Begriffen von Sünd
1758 916 2653 1007 durch sinnliche Liebe und ihrer Sühne i
1775 960 2664 1034 Ueberwindung, der bei ihm und seiner
1777 1009 2665 1090 Nachfolgern allherrschenden Erlösungs
1769 1067 2670 1137 theorie war Schreker von je abhold. In
1768 1117 2666 1198 „Schatzgräber“ aber wirft er mit klaren
1775 1159 2684 1235 Worten dieser Richtung den Fehdehandschul
1777 1210 2666 1280 hin und stellt ihr stolz sein Evangelium de¬
1779 1254 2692 1336 Lebensbejahung gegenüber. Das Glüc
1778 1301 2685 1384 nicht, das einst nur das Höchste schien: das
1777 1352 2680 1428 Glück des Erlösers, des selbstlosen Toren
1781 1415 2683 1491 Ich kenne nur Eines, ein höchstes Gebot¬
1778 1451 2673 1538 „Mir selbst das Leben! Mir selbst die
1778 1504 2671 1589 Freude!“ Seine Menschen kennen nich
1782 1557 2683 1631 Sünde und Erlösung, sie folgen in unver
1789 1600 2688 1671 fälschtem Naturgesetz ihrem Trieb den
1795 1636 2686 1724 Urelement alles Lebens, bis zur Vereini'
1789 1702 2694 1775 gung mit einem schicksalbestimmten zuge¬
1792 1757 2685 1817 hörigen Wesen. Durch ein Abirren vor
1790 1790 2704 1874 diesem Weg, in eitiem Wahn befangen, ent
1790 1859 2528 1944 stohen die schmerzlichen Konflikte.
1871 1897 2700 1968 Schreker gestaltet daher nicht gute un
1791 1964 2701 2024 schlechte Helden, sondern Tatmenschen („die
1806 2002 2688 2071 Tat allein, sie macht stolz und frei“) und
1800 2045 2701 2123 willensschwache. Hierin, wie in seiner Vor
1798 2097 2693 2173 liebe für symbotsches Rätselspiel, Ver
1798 2159 2695 2221 quickung von Traum und Wirklichkeit
1793 2194 2700 2274 Märchen und Leben, ist er ein echtes Kini
1799 2247 2614 2325 der Jungwiener=Schule (Artur Schuitz
1804 2289 2700 2371 Nur, daß seine Dichtungen deren muden
1806 2343 2616 2421 Degenerationserscheinungen glücklich
1801 2385 2716 2469 entwinden und in ihrer überschäumenden'
1806 2428 2709 2517 gesunden Sinnlichkeit zur höchsten Sinnen
1810 2496 2724 2559 lust sich emporschwingen. Der Kernpunk:
1810 2532 2718 2611 seiner Werke ist das Weib als Geltungs¬
1811 2589 2713 2671 begriff, und die Konflikte entwickeln sich je
1811 2633 2723 2708 nach Triebkraft oder Willensschwäche der
1807 2671 2733 2763 Männer in dem sich entspinnenden urewigen
1821 2732 2710 2809 Kampf der Geschlechter. Dieses Urthema —
1816 2773 2743 2853 Schreker selbst nennt es „das Schöpfungs¬
1823 2836 2577 2908 wunder in ewiger Erneuerung“
1816 2876 2678 2967 seinen vier bisherigen Musikdramen g
1831 2925 2754 3003 meinsam, in eine mehr ader minder 'ymbo¬
1825 2974 2750 3044 lische Handlung eingesponnen. Am stärksten!
1823 3012 2737 3094 kommt seiner Eigenart natürlich ein
1830 3080 2737 3159 Märchenstoff entgegen, wobei nur die eine
1837 3114 2749 3205 Gefahr droht, sich allzu sehr ins Mystische zu
1842 3169 2753 3246 verberen, dem Schrekers „Spielwerk der
1840 3221 2367 3304 Prinzessin“ verfallen ist.
1933 3267 2747 3351 Der „Schatzgräber“, dessen Held gleich
1833 3320 2763 3390 Tannhäuser im Wartburgsaal der Welt
1831 3365 2755 3453 zuruft: Was wißt ihr Armen von Schönheit
1856 3414 2757 3481 und Freude!“, scheint Schrekers Evangelium
1844 3460 2753 3538 am überzeugendsten zu künden und seine
1851 3515 2742 3582 Geschwister um Haupteslänge zu überragen.
1847 3549 2758 3635 Auch der Komponist steht hier in der Vollkraft
1850 3602 2755 3682 seines Schaffens. Der immer bewundertt.
1846 3658 2762 3723 Meisterichaft in zauberischen Klangwirkunger
1851 3703 2762 3770 und berückender Stimmungsmalerei eint sick
1848 3748 2757 3829 hier ein Reichtum an melodischer Erfindung
1856 3805 2749 3879 und lyrischer Gestaltung, daß auch der
1850 3855 2760 3916 Widerstrebende bald dem Zauber diese
1858 3895 2758 3979 Musik unterliegt. Freuen wir uns, daß unser
1849 3940 2767 4019 zerrissene, kungfeindliche Zeit ein solche
1853 3989 2765 4077 Kusek#zubringen vermochte, das si
1856 4042 2769 4117 viel echte Musik enthält, wie kein Werk de
1860 4099 2520 4187 nachwagnerischen Opernliteratur.
