3436 4320
1902 161 2303 262 —
1225 246 1689 357 box 42/1
222 254 1064 361 1. Miscellancous
692 1210 751 1285 1
2238 1213 2998 1301 n
203 1279 3013 1341 uß des Waffenstillstandes mit einer Neu¬ mann zu einem großen Dichter. Von deutschen] Stellung vor allem seinem superioren Talent,
200 1329 2046 1396 Ihrung der Puccinischen Opern zögerte, Opernwerken gar nicht zu reden, unter denen
2025 1336 3009 1405 Musik für dieses Theaterpublikum zu schreiben.
209 1377 2039 1455 en die Briefträger täglich Stöße von viele ältere — etwa „Die Widerspenstige“ von
2026 1392 3014 1460 Seine Musik ist vollständig Theatermusik, sein
204 1426 1066 1495 en, die alle dieselbe Frage stellten: „Wann
1069 1435 2040 1502 Goetz — und manches neuere Werk. so Hans
2025 1433 3023 1503 Geschmack Theatergeschmack. Seiner musikali¬
205 1474 1071 1549 eigentlich wieder Puccini gegeben?“ Nun
1061 1475 2032 1547 Pfitzners „Rose vom Liebesgarten“, trotz aller
2031 1487 3019 1552 schen Bildung nach kommt Puccini von den
202 1513 1064 1592 war der große Tag gekommen. Direktor
1067 1512 2041 1600 edlen Künstlerschaft und geistvollster Musik im
2037 1530 3018 1603 französischen Theatermusikern her. von Bizet,
220 1576 1062 1644 k selbst saß bei der „Tosca“=Aufführung
1061 1581 2031 1643 Spielplan fehlen oder doch nur selten erscheinen.
2027 1586 3019 1644 Gonnod, Massenet, und sein Theaterideal ist
202 1629 1061 1685 Dirigentenpult (obzwar der ausgezeichnete
1069 1631 2029 1694 Gewiß ist Puccini ein Künstler, der fein, ge¬
2027 1629 3011 1692 das französische, die regelmäßige Bühne, mit
210 1681 1066 1740 her=Dirigent über Puccini=Musik höchst
1063 1678 2033 1734 schmackvoll und poetisch gestaltet. In der
2032 1683 3017 1753 den klar geführten Akten, der Seène-à-faire,
1061 1728 2035 1785 „Bohème“ ist Leben, Geist, Bewegung, und den
202 1727 1075 1800 sche Ansichten haben dürfte), die Jeritza
2035 1730 3012 1782 den sicher berechneten Steigerungen. Dieses
1059 1769 2032 1835 sentimentalen und elegischen Stimmungen
203 1775 1065 1841 die Tosca, Duhan den Skarvia und
2028 1775 3016 1838 wirkungsvolle Theaterideal, in dem sich die
1057 1823 2041 1875 dieser „Liebelei“ wird sich niemand entziehen
191 1831 1064 1895 er den Cavaradossi, und so war alles vor¬
2026 1817 3020 1887 mathematische Klarheit des französischen Geistes
1068 1874 2035 1923 wollen. Das erotische Parfüm der „Madame
2030 1871 3003 1944 widersviegelt, ist niemals ganz das Theater¬
202 1870 1065 1958 t, um den Tag der Sensationen möglichst
1057 1917 2041 1980 Butterfly“ ist eigenartig. In diesem Werk ist
220 1922 513 2001 zu begehen.
2037 1909 3014 1985 ideäl der Deutschen gewesen, die auch im
1056 1959 2033 2029 auch Poesie, freilich eher die Poesie eines sehr
2036 1973 3003 2029 Theater vor allem Dichter, Träumer, Männer
201 1972 1071 2067 durch hat Puccini diese Gunst in der
1062 2016 2036 2078 kultivierten Mannes von Welt, eines geist¬
2036 2020 3017 2079 der Phantasie (nicht der Theaterberechnung)
210 2056 1065 2105 ung des Opernpublikums erworben?
2028 2065 3009 2126 gewesen sind, denen das Theater Kanzel und
211 2093 1063 2156 könnte sagen, weil er ein Künstler, weil
1061 2069 2039 2174 Fianeurs als eines liesen Ainter. „Toten
2032 2118 3016 2179 Kirche war. Wenn auch einzelne große deutsche
220 2143 1068 2214 Opernmusiker von Eigenart und Feinheit
1058 2139 2038 2223 wieder ist ein Schauerdrama, in dem Blutgeruch
2026 2161 3014 2224 Dichter die französische Theaterform angestrebt
199 2194 1061 2256 er unglücklicherweise aibt es noch größere
1069 2210 2043 2273 mit mondänem Parfüln sich mischt, und nur ein
2037 2212 3014 2272 haben und der helle, energische Geist Lessings
199 2245 1062 2315 ler und noch reichere oder feinere Opern¬
1068 2258 2035 2318 Schritt weiter, und man ist im Puccinischen
2031 2260 3022 2323 sich in diesem klaren Element der formalen
216 2297 1064 2350 r, deren Werke niemals die beherrschende
1064 2289 2059 2383 Kinodrama, dem Mädchen aus dem Westen“.
2036 2310 3010 2375 Gesetzmäßigkeit wohlgefühlt ho es doch die
201 2343 1063 2417 ung der Puccinischen Opernwerke erlangt
1059 2348 2037 2421 Alle vier Opernwerke bilden die Welt des
2026 2360 3010 2428 meisten großen deutschen Tu#rdichter en
241 2386 1065 2458 Ich erinnère nur an den Verdischen
1058 2392 3016 2473 Künstlers, keine große und tieje Welt, aber ein Egrößeren und freien Theaterformen, der
200 2417 1055 2505 aff“, der weit und breit im Opernspiel¬
1059 2447 3006 2520 Künstler hat sie gebaut, in ihr ist er zu Hause! Bhantasiebühne Shakespeares, der griechischen
200 2469 1066 2563 icht zu sehen ist, eines der größten Werke
1059 2506 3017 2561 ein Künstler vom Schlage Artur Schnitzlersi# ##terienbühne. Sie streben über das Theater
204 2543 1070 2605 Opernliteratur überhaupt, eine Schöpfung
1065 2554 3016 2612 dem Puceini nahesteht durch die geschmackvolle Fhinaus, das nichts als Theater ist: seine Regel¬
210 2588 1073 2655 her Altersweisheit, die mit weisem Lächeln
1059 2589 2046 2672 und sichere Form, durch die kultivierto Senti¬
2025 2587 3016 2651 Emäßigkeit ist zu eng für ihr weites geistiges
202 2627 1081 2700 die tollen Dinge des Lebens scherzt, mit
1056 2651 2034 2704 mentalität, durch sein scharfes Gestalten lebens¬
2031 2644 3019 2718 Streben, und ob es der „Götz“ ist oder der
197 2679 1070 2759 ophischer Heiterkeit das Treiben der Welt
1050 2691 2034 2743 voller Personen, durch poetische Stimmung, Re
2033 2703 3017 2755 „Faust“, ob es die Stücke der Stürmer und
197 2727 1059 2794 utto nel mond' & burla“ — bespottet.
1064 2743 2038 2799 (nach einem Worte Maximilian Hardens) bis
2031 2743 3012 2810 Dränger oder der deutschen Romantiker sind,
203 2776 1058 2844 Meisterwerk mit einer Fülle von lebendigen
1065 2786 2032 2839 zur Oberfläche der Tiefe streift. Aber Künstler¬
2021 2791 3009 2858 das Phantasievolle und Tiefe der Phantasie
1055 2834 2036 2895 schaft allein erklärt nicht Welterfolge wie die
205 2834 1057 2902 ten, geistvoller Bewegung, ein Kabinett¬
2035 2837 3016 2903 dieser Dichter läßt sich nicht eingrenzen in den
1060 2878 2027 2938 Puceinis, und vor allem nicht die unbestrittene
203 2884 1062 2946 er Musik. Wo aber ist das Publikum, das
2030 2870 3018 2958 festbegrenzten Bezirk des Theaters. Auch den
1063 2932 2027 3002 Herrschaft der Puccinischen Opern über das
214 2933 1062 2989 hverlangt, den „Falstaff“ zu hören, der
2039 2938 3016 3001 deutschen Opern ist der Rahmen des Theaters
212 2975 1071 3037 von Verdi geschrieben ist, gegen den
1058 2972 1798 3043 Theaterpublikum an allen Orten.
2035 2987 3005 3046 viel zu eng, und man muß nur Wagner, der
200 3021 1073 3085 ni sich verhält wie Octave Feuillet zu
1145 3031 3022 3095 Wenn Puccini heute der populärste neben Schiller der stärkste Theatermann des
202 3082 3029 3155 Suno ein elenanter. neichmalkvoller Welt. 1 Theatermulifer ist io verdauff er seine1 heutichen Nalfes ist. mit Verhi veraleichen. um
