3392 4320
217 277 1054 369 1. Miscellangels
546 600 965 713 Bischertisch.
618 692 1249 769 Mi. „Der Tanz ums Drama.“
268 716 770 797 (Delphi=Reyng, München.)
308 786 1256 835 Diese Sachmlung von kritischen Betrachtungen zu
278 820 1262 881 neuen Dramen weicht in mancher Hinsicht von der
273 857 1260 901 üblichen „Kritikensammlung“ ab, mit der mehr oder
276 900 1255 951 weniger namhafte Kritiker uns von Zeit zu Zeit be¬
272 947 1256 993 glücken. Das vorliegende Bändchen rückt vielmehr in
277 976 1257 1021 die nächste Nähe des „Jahrbuchs der Bühne" von
279 1014 1251 1058 Jacobsohn; d. h. es geht nicht von der Voraus¬
279 1049 1257 1103 setzung aus, daß sein Verfasser die kritisch¬
277 1094 1252 1130 ästhetische Literatur um eine Neuerscheinung be¬
280 1129 1266 1191 reichern müsse, sondern es ist von dem ethischen
285 1168 1249 1212 Pflichtgefühlt diktiert: in ein Chaos von Mode
284 1209 1264 1250 und Aefferei, von Halbbildung und Parfüm eine
285 1247 1250 1287 wahrhafte künstlerische Ueberzeugung zu pflanzen. So
281 1284 1262 1337 wachsen diese Kritiken über den Rahmen des Kritischen
279 1322 1247 1369 hinaus in die Sphäre tief psychologisch begründeter
284 1366 1254 1402 Erkenntnis. Und der Verfasser darf mit vollem Recht
276 1411 1251 1455 im Vorwort sagen: „Diese Blätter sind Versuche einer
283 1439 1259 1483 ethischen Kritik.“ Was in ihnen steht, ist oft weit von
278 1484 1257 1534 Ehrfurcht vor dem Dichter und seiner Kunst entfernt;
278 1518 1237 1574 aber er trifft meistens den Nagel auf den Kopf. Die
1007 1540 1341 1612 Gund daer¬
282 1556 838 1612 Abfuhr, die beispielsweise So
287 1568 1252 1646 fährt, wirkt wie eine Erkoftunng. Ver heißt es
283 1635 1261 1677 gelegentlich: „Wer steht den Dichter? Ich erkenne
278 1673 1233 1714 Einen Artisten.“ Zittern die „Expressionisten“, die
280 1701 1268 1750 literarischen „Kaiseristen"? Dem feinen Kritiker¬
276 1742 1287 1799 psychologen hilft überlegener Witz zu amüsanten
294 1796 1297 1861 Wirkungen, und er rettet ihn vor jeglicher Trockenbeit.)
827 1826 1241 1891 Hans Tessmer.
378 1871 1273 1936 „Abenddämmerung“ von Peter Rosegger.
1214 276 1659 363 box 41/6
1404 799 1504 890 8
1555 869 1671 939 * 6
1413 873 1534 971 2550
1421 970 1482 1023 65
1433 1010 1542 1086 75
1645 998 1703 1069 8
1651 1103 1738 1187 2.
1625 1209 1738 1300 6
2155 207 2278 264 —
2155 575 2818 659 Malationskommission.
2115 697 2938 761 zu sprechen! Ist übrigens auch der kunst¬
2087 740 2926 806 Vorleser seiner Stücke. So wie Schönherr)
2073 785 2922 856 ner der gegenwärtigen Dichter seine Werke
2064 823 2931 887 sen. Selbstrtur Schnitzler bleibt hinter
2039 862 2919 937 urück, auch Hermann Bahr (der Bahr der
2026 906 2930 975 ren, noch theaterfreudigen Jahre), obgleich
2026 954 2931 1020 beide im Vortrag halbe Schauspieler sind.
1979 1003 2925 1059 hönherr aber ist ein ganzer! Jeder Darsteller,
1978 1031 2937 1110 bst der unbedeutendste Episodist, hat seinen
1944 1087 2729 1145 Frundton, jeder eine andere Stimme
1939 1124 2913 1194 weiß nicht, woher diese Kehle, diese so ganz ver¬
1948 1172 2916 1234 schiedenen Tonfarben nimmt. So daß es fast
1946 1223 2932 1277 scheint, als sprängen aus dem Mund des vor¬
1954 1259 2877 1325 lesenden Dichters Gestalten, zunächst ganz klein
1946 1305 2925 1383 wie sie aber einmal draußen sind, in der Phantasie
1947 1342 2718 1404 des Zuhörers lebensgroß anwachsend...
2029 1371 2935 1437 Hans Müller: Der nervöseste unter den
1847 1415 1935 1467 wie
1945 1427 2911 1498 jüngeren Theaterdichtern. Glaubt jedesmal, es werde
1850 1456 1930 1506 abe.
1945 1478 2916 1545 schief gehen. Verläßt an einem Erstaufführungs¬
1854 1502 1925 1553 des
1941 1528 2915 1588 abend das Bühnenhaus nicht für einen Augenblick.
1843 1534 1937 1600 Der
1948 1562 2914 1617 Schon vor Beginn der Vorstellung steht er hinter
1837 1590 1937 1644 zend
1947 1597 2914 1667 dem Vorhang. Da bleibt er zunächst, bis der Eiserne
1831 1630 1934 1685 eim,
1950 1651 2842 1723 in die Höhe geht. Sobald er aber durch den Sa
1839 1680 2802 1758 moch vorhang das eigentümliche Rauschen
1838 1721 2846 1807 sveig als das die halblauten Gespräche der Zuschauen
1837 1764 2908 1852 men hier aus sich ausnehmen — eilt er davon. Ihm ist
1825 1809 1925 1869 sppt,
1942 1835 2922 1887 wie dem Angeklagten vor Gericht der die Ge¬
1843 1853 1924 1909 noch
1947 1870 2925 1945 schwornen antreten sieht. Ihm graut vor seinen
1842 1896 1929 1954 hter
1955 1923 2923 1997 Richtern. Hans Müller verläßt nun fluchtartig
1835 1941 1925 2008 fen.
1953 1961 2912 2014 seinen Beobachtungsort und wartet in einem Seiten¬
1947 2012 2919 2066 gang der Bühne, oder im Hintergrund, oder auch in
1933 2035 2922 2119 der Versenkung — das ist ihm sogar ein Lieblings¬
1845 2072 1919 2153 em
1943 2090 2928 2141 aufenthalt — den Verlauf des Abends ab. Denn er
1932 2127 2916 2196 darf sein eigenes Wort, das die Schauspieler auf der
1849 2140 1928 2191 zei¬
1935 2181 2927 2228 Szene sprechen, nicht hören, zum mindesten nicht
1852 2187 1934 2263 sie
1888 2240 1930 2282 e.
1945 2223 2712 2277 verstehen, weil ihn das zu sehr aufregt!
1934 2273 2929 2328 wenn er vernimmt, der Zwischenaktsvorhang gehe
1928 2300 2317 2373 nieder, kommt
2440 2321 2931 2386 aus dem Verstecke
1935 2347 2615 2406 hervor und ist glücklich, zu
2637 2358 2926 2423 hören, man
1938 2393 2909 2460 zische nicht! Und wenn erst geklatscht wird —
1941 2447 2938 2508 welch unverhofftes Glück! Er kann 's anfangs kaum
1928 2498 2936 2560 glauben!... Den Schauspielern vor Beginn der
1944 2528 2591 2598 Proben sein Stück vorzulesen
2630 2540 2938 2600 derlei wagt
1944 2578 2932 2633 Müller nicht. Sie sind ihm ein gar zu kritisches
1945 2621 2170 2691 Publikum.
2004 2710 2850 2794 Oh, dieses Vorlesen! Jeder Autor soll sich
1934 2772 2939 2832 gut überlegen! Da hat einmal ein Dichter an einem
1934 2825 2906 2888 bedeutenden Hoftheater den Darstellern seine
1927 2860 2915 2924 Arbeit aus der Handschrift vorgelesen. Erster Akt.
1934 2906 2907 2966 zweiter Akt — die Hörer werden immer weniger.
1939 2959 2926 3013 Schlußakt — es sind nur mehr fünf Schauspieler dal
1940 2992 2910 3055 Alle anderen hatten sich davongeschlichen. Der
1863 3046 1918 3096 er
1934 3041 2906 3083 Dichter ist außer sich. Wer er war? Ein gewisser
1929 3078 2910 3140 Friedrich Schuler. Und wie das Stück hieß?
1936 3135 2904 3192 „Fiesco“. Und warum der Mißerfolg? Weil der
1931 3173 2908 3228 Dichter zu stark geschwäbelt hatte. Der Dialekt
1935 3217 2916 3262 hatte die ganze Klassizität erschlagen! Erst als nach¬
1936 3259 2906 3316 her Iffland den „Fiesco“ vorlas, waren die Schau¬
1867 3296 2278 3372 erspieler begeistert.
2520 3308 2968 3383 Qulius Stern. 1
2156 3415 2810 3583 Geat. nchhgls
