3344 4320
363 81 1181 171 enen en enene  e
351 145 1644 219 glücklich bestandenen Maturanten ist. Und wahrscheinlich wären
365 187 2352 275 Baron Andrians literarische Produkte damals nicht verlegt worden, j
364 247 1631 314 wenn sie sich in unrentabler, pathetischer Pubertätspoesie,
358 300 1647 358 die sich jeder Verleger zu verschleißen scheut, geäußert
366 340 1627 408 hätten. Nein, der Untergymnasiast war (obwohl es „Mittel¬
364 372 1638 454 schülern verboten ist, mit den Erzeugnissen ihres Geistes in die
360 427 1631 502 Oeffentlichkeit zu treten“) kein durch Ovid verleiteter Dichterling,
361 493 1647 559 er schrieb keines jener Sturm= und Drang=Römerdramen in sechs!
355 519 1645 594 Akten, in denen es so edel und ritterlich zugeht, so posannenhaft¬
371 582 1636 659 pathetisch schmettert, nein, er verfaßte erwachsen, altklug, routiniert
364 617 1622 689 einen Roman. Und zwar gleich einen Romanzyklus: „Hannibal“.
368 676 1642 760 Er schrieb ihn nicht, um ihn in der Lade zu verschließen oder
368 722 1638 794 an geselligen Familienabenden vorzulesen. Nein, er schrieb für
362 760 1654 846 den Markt. Und Dr. Pirker hat die Verlagsfirma festgestellt,
370 807 1672 881 die heute selbst den Bibliophilen gänzlich unbekannt sein dürfte:!.
369 870 1646 943 das Buch erschien bei Ferrari, Kilchmayr & Scozzi in Venedig.
849 925 1657 988 Es wird, wenn es so weitergeht, unter
364 927 751 999 Im Jahre 1888
376 949 1647 1044 den Germanisten bald eigene Spezialisten, die Andrian=Forscher,
370 1028 534 1108 geben.
480 1048 1650 1134 Es ist kein Zufall, daß Baron Andrians Buch die Marke
375 1106 1662 1176 einer fremden Firma trägt. Denn seit seiner frühesten Jugend,
379 1162 1652 1233 war der Herr Baron sozusagen international. Ein Wiener Dichter,
379 1214 1643 1266 den man jetzt an den Stammtisch des alten Griensteidl zu setzen
382 1259 1643 1322 beliebt, in dieses Lager aufkeimender Wiener Dichterjugend, der aber
368 1305 1657 1381 durchaus nicht fest im heimatlichen Erdreich wurzelte, sondern in
377 1350 1657 1411 Jünglingsjahren bereits weltmännisch durch die Welt reiste. Ein
376 1400 1640 1473 Kosmopolit, der nicht nach Wiener Literatenart in einer Kaffee¬
385 1430 1648 1513 hausecke wirkte, nicht in geographischer Beschränktheit lebte,
376 1502 1649 1572 sondern schon zu einer Zeit, wo man ihm als Reisebegleitung
380 1543 1645 1628 noch einen Hofmeister mitgab, in den verschiedensten Ländern
376 1586 1646 1667 herumkutschierte. Seine Gymnasialjahre waren abwechslungsreich.
373 1642 1653 1706 Er verbrachte sie bei den Jesuiten in Kalksburg, dann bei
388 1685 1655 1759 den Schotten, also eine durchaus feudale, österreichisch=aristokratische
382 1741 1646 1799 Erziehung. Es fehlen nur die Lehrjahre im Theresianum. Seine
383 1785 1638 1841 Bildung wurde mit ausgewählter Sorgfalt besorgt, nichts ver¬
381 1826 1645 1897 absäumt, um ihn mit Kultur zu versehen. Sein Hofmeister war
379 1870 2904 1942 nicht ein scholastischer, pedantischee, doktrinärer Pädagoge, kein will?“, sagte mir kürzlich ein Freund Andrians.) Aber der väter¬
387 1913 2880 2001 Hauslehrer, sondern der modernisierte Dresdeuer Literaturhistoriker liche Professor — welcher Professor würde es anders bestimmen? —
373 1972 2888 2049 Walzl. In seiner Gesellschaft reiste er durch Oesterreich, nach ließ seinen Sohn Jus studieren. Ein Mann, der nun mit hohen
1625 2029 2886 2077 Aemtern und hohen Wücden ausgezeichnet ist, drillte ihm das
380 2042 1638 2096 Italien, Paris und Nizza, also etwas weiter als Maturafahrten
380 2096 2880 2146 zu gehen pflegen, und brachte von überall vielseitige Sprach=Kirchenrecht und die komplizierten Fragen der Wechselproteste ein.
386 2115 2870 2200 kenntnisse mit. Selbstverständlich fuhr in späteren Jahren der Der Korrepetitor will selbst heute nicht genannt werden, obgleich
374 2194 2874 2235 Herr Gesandte noch ein wenig weiter, als der noch hofmeisterbedürftige es ja eine Ehre ist, Einpauker einer Exzellenz gewesen zu sein.
383 2197 2886 2285 Jüngling. Und heute könnte der Herr Baron sich mit den Zimmer= Und es scheint, daß Andrian ein fügsamer, folgsamer Sohn
1819 2266 2888 2332 Er schrieb Akte statt Gedichte und hatte keine Ab¬
383 2263 1833 2325 leuten verständigen, die an dem Turm von Babel arbeiteten. Er kann war ...
383 2302 2882 2397 Polnisch, Russisch, Französisch beinahe besser als Deutsch, neigung dagegen, sich als Attaché die Welt noch weiter
1510 2366 1847 2437 diese anzusehen.
389 2357 1512 2447 Italienisch und sogar Neugriechisch sprechen, wobei
1741 2382 2895 2465 Vorher aber wurde er als blutjunger Wiener Dichter in
378 2412 1646 2473 linguistische Serie keineswegs vollständig ist ... Diesen Reichtum
393 2448 2893 2540 an Sprachkenntnissen und die Neigung zur Poesie hätten wohl das Griensteidl eingeführt. „Der Garten des Erkennens“ war
380 2515 2889 2584 einige Grundlagen zur Philosophie, wohl auch zur Germanistik die Legitimation, die Eintrittskarte zum Stammtisch der damals
383 2559 2930 2630 gegeben. („Kennen Sie einen Dichter, der Germanistik studieren Jung=Wiener Literaten Hoffmannsthal, Hermann Bahr undig
2810 2594 2906 2645 mne
1628 2634 2902 2706 Schnitzler. Und Andrian ist ja ein Name, der auf dem Theater“
1632 2673 2899 2765 zettel eines Schnitzler=Stückes stehen könnte. So ähnlich heißen
1634 2718 2905 2807 die gutgekleideten, ein bißchen näselnden Lebemänner, mit
1630 2774 2909 2851 Monokel und Diplomatenmanieren, die das Leben und die Liebeleien
1640 2815 2904 2891 nit Choristinnen nicht allzu ernst nehmen und von Herrn
1630 2860 2905 2957 korff gespielt wurden. Auch „der Garten des Erkennens“ ist
1639 2917 2913 2993 chnitzlerisch, er hat die Wiener Landschaft, die Wiener Farbe
1634 2960 2905 3041 ind die mgancholisch=düsteren Probleme der Welträtsel, die
1630 3015 2907 3109 Praterfahrten und den Heurigen, und Erwin, die Hauptfigur, ist
2729 3057 2912 3129 Baron
1633 3075 2656 3133 hoch mehr als ein Attaché, er ist ein Fürstensohn.
1632 3110 2906 3201 Andrian liebte intime literarische Abende in seiner Wohnung in
1630 3150 2910 3236 der Wickenburggasse mil Sandwichs und Vorlesungen, wobei die
1631 3207 2911 3287 Sandwichs vor allem interessierten. Er las die frischgebackenen
1623 3267 2909 3327 Novellen und Romane seiner Freunde im Manuskript vor. Er
1638 3311 2764 3388 rezitierte „die Verhüllt:“ seines Intimus Robert Michel.
1743 3332 2919 3429 Robert Michel ist inzwischen zum Major avanciert und sitzt in
1625 3395 2906 3470 einem Bureauzimmer der Generalintendanz. Er weiß heute nur,
1638 3429 2915 3520 daß ihm ein Platz am Schreibtisch reserviert wurde, aber es ist
1639 3482 2922 3567 ihm nicht ganz klar, welche Funktion und welches Amt
1627 3537 2929 3612 ihn an diesen Schreibtisch bindet. In seinem Bureauzimmer wird
1639 3577 2913 3676 eben gründlich geräumt, die Bilder nd von den Wänden ge¬
1637 3627 2914 3709 nommen und liegen hoch aufgeschichtet auf dem Boden. Dies ist
1631 3677 2924 3764 ein Symbol für den Zustand des Provisoriums und der
1642 3717 2915 3807 Uebergangswirtschaft, in dem sich die Leitung der Hoftheater
1634 3791 2914 3848 gegenwärtig befindet. Wir haben einen Generalintendanten, der
1630 3825 2910 3891 eben durch die deutschen Theaterstädte reist, einen Literaten, der
1632 3872 2915 3957 sich um die künstlerischen Angelegenheiten kümmert, aber keinen
1635 3921 1860 4015 Direktor.
1749 3953 2928 4044 Es wird versichert, daß Baron Andrian kein Freund von
1644 4021 2915 4094 Richtungen, von Programmen, von altgermanischen Schönheits¬
1638 4069 2922 4131 idealen und Nationaldichtern sei. Nur ein Freund guter Stücke
1646 4117 2832 4192 und guter Aufführungen. Man hofft, daß er sie finden wird.
