3344 4352
1784 208 2239 313 ——
1149 303 1620 400 box 41/6
147 304 1006 421 1. Miscellancens
1767 333 3024 419 endlich. Die neidischen Herren Kaffeehauskollegen erklärten lächelnd:
1776 404 3039 485 „Na, Sie werden eine anständige Kriegsgewinnsteuer bezahlen
1765 446 2720 523 müssen.“ Worauf ein Kritiker malitiös bemerkte:
1884 497 3044 566 „O nein, von Haupttreffern zahlt man vorläufig
1769 535 2289 622 keine Kriegsgewinnsteuer.“
1878 598 3017 666 Die meisten Tantiemen verdienten Ludwig Fulda mit dem
1755 631 3034 707 Lustspiel „Die verlorene Tochter“, die Herren Möller und
1770 692 3005 749 Sachs mit dem Lustspiel „Meine Frau, die Hofschauspielerin“
1759 734 3028 782 und Karl Rößler mit den „Seehunden". Jedes dieser Stücke
1763 782 3013 847 wird auf eine Viertelmillion Mark geschätzt, was ziemlich viel ist
1746 827 3031 887 da ja jetzt das Ausland entfällt. „Husarenfieber“ „Im weißen
1764 888 3024 948 Rößl“, von „Alt=Heidelberg“ zu schweigen, haben übrigen¬
1764 919 3027 1005 in Friedenszeiten unvergleichlich mehr Tantiemen abgeworfen.
1755 977 3027 1042 Das beweist, daß die Konjunktur für gute Stücke zu allen
2697 1023 3030 1091 haben vor¬
1755 1027 1957 1086 Zeiten
1940 1031 2684 1095 da ist. Von den Operetten
1758 1075 3012 1152 nehmlich „Das Dreimäderlhaus“ und die „Czardasfürstin“
1760 1100 3026 1193 für die Direktoren Millionen ins Rollen gebracht.
1757 1174 3038 1239 Die Kurse der Operettenbörse sind ins Maßlose gestiegen. Das
1764 1217 3024 1287 Johann=Strauß=Theater zum Beispiel spielt prinzipiell jede
1762 1265 3022 1330 Operette die ganze Saison durch. Die anderen Theater versuchen,
1764 1316 3033 1378 sich diesem Prinzip anzuschließen. Besondere Konjunkturen gibt
1759 1361 3041 1420 es hier genau so wie in jeder bürgerlichen Branche. Die
1750 1411 3031 1458 Tantiemen machen eine Ausnahme von anderen Artikeln, die
1758 1453 2281 1517 werden immer — fetter.
1871 1485 3034 1554 Der Steuerkommissär durchleuchtet nun die Kriegsgewinner
1745 1533 3027 1620 des Theaters wirklich mit Röntgenstrahlen, um ihre Geheimnisse
1748 1585 3033 1660 zu erforschen. Es geht der Literatur jetzt überhaupt an den
1758 1653 3030 1712 Kragen. Man setzt, seitdem sie für so viele ein goldenes Hand¬
1760 1694 3026 1765 werk und die Kunst lange nicht nur nach Brot allein
2757 1745 2886 1811 an.
2046 1733 2761 1820 Steuerschraube etwas kräftiger
1758 1737 2014 1803 geht, die
2866 1739 3033 1814 Die
1762 1772 2126 1856 Literatur wird
2153 1781 3027 1862 jetzt auch „oben“ gebührend ge¬
1791 1834 2025 1903 chätzt.
2023 1838 2745 1903 Und die Steuerbehörde macht,
2745 1829 3029 1901 seitdem sie
1746 1877 3030 1953 ihr Argusauge noch geschärft hat, die besten Erfahrungen.
1756 1933 3031 1989 Man würde es kaum glauben, wie große Summen das Theater
1756 1981 3031 2043 dem Staate abgibt. Ein bekannter Librettist hat im Vorjahr weit
1753 2034 3037 2081 über zweimalhunderttausend Kronen selbst fatiert. Einer seiner
1754 2073 3023 2135 Kollegen soll ausgerufen haben: „Was muß der Mann erst wirk¬
1750 2130 3025 2197 lich verdienen!“ Das ist wohl nur ein Scherz, den ehrlicher
1760 2161 2479 2243 kameradschaftlicher Neid geboren hat.
1853 2222 3019 2287 Vor kurzem wurde ein viel aufgeführter Autor vorgeladen,
1743 2258 3027 2319 weil man die Höhe der von ihm angegebenen Einnahmen zu ge¬
1754 2313 3032 2385 ring fand. Er konnte sich legitimieren und er bedauerte es am
1750 2374 3010 2427 meisten, daß seine literarische Bedeutung von der Steuerbehörde —
1747 2409 3032 2462 überschätzt wurde. Bei einem Schwankdichter, der auch Lokalpossen
1761 2463 3017 2520 schreibt, die über Oesterreich nicht hinauskommen, bezweifelte man
1759 2508 3041 2570 ebenfalls die Richtigkeit der Angaben. Der Arme erhält
1759 2552 3028 2627 seine Tantiemen leider in Briefmarken. Er antwortete:
1755 2606 3021 2668 „Wenn die löbliche Steuerbehörde einen armen Schwankautor so
1757 2653 3029 2712 sekkiert, kann er leicht den Humor verlieren. Das wäre dann
1755 2702 3024 2761 direkt Betriebsstörung.“ Eine lustige Episode soll hier festgehalten
1744 2753 3032 2812 werden. Ein Autor, der gern ausgiebig Reklame macht, wurde
1738 2793 3025 2856 vorgeladen. „Es ist unmöglich, daß Sie bloß 20.000 Kronen
1753 2847 3019 2902 jährlich verdienen“, wurde dem Manne vorgehalten. „Ich verdiene
1745 2895 3033 2957 wirklich nicht mehr“, erklärte der Librettist mit seinem großen
1739 2948 3020 3007 (Kaffeehausehrenwort. „Das ist kaum glaublich“, erwiderte der
1746 2966 3030 3056 Kommissär und zog den Akt des betreffenden Herrn hervor.
687 2977 1554 3130 19 r. 19- Aoles Wiener Jeurnal Win
1750 3035 3016 3111 „Sehen Sie nur her“, und er wies auf den Akt hin. Aus ver¬
1770 3091 2834 3150 schiedenen Zeitungen waren folgende Notizen aufgeklebt:
1866 3137 2920 3199 „Direktor Vollmer Hansen hat die neue Operette
1743 3161 3030 3258 von X, die im Y-Theater täglich ausverkaufte Häuser macht, für
631 3130 1649 3262 Die Kriegsgewinner des
1761 3223 2261 3299 Skandinavien erworben.“
1866 3250 3023 3346 „Da sich die Zugkraft der Operette . . . von & von Tag
953 3242 1353 3385 Theaters.
1742 3318 3023 3393 zu Tag steigert, wurden alle anderen Werke, die an dieser Bühne
473 3341 1760 3435 (Höchstpreise für Operetten. — Eine Viertelmillion Tantiemen. — Die
1758 3369 3014 3425 zur Aufführung bestimmt waren, auf die nächste Saison verschoben,
718 3409 1568 3478 Betriebsstörung. — Besteuerte Reklamenotizen.)
1751 3423 3032 3498 so daß die Schlageroperette bis zu Ende der Spielzeit auf den
619 3441 1751 3528 Handwerk hat einen goldenen Boden. Auch das Theater¬
1753 3470 2197 3538 Repertoire verbleibt.“
503 3506 1760 3568 handwerk. Selbst hier gibt es sozusagen Kriegsgewinner. Auch
1865 3490 3019 3574 „Das Y=Theater erzielt mit der Operette ... von & die
503 3559 1757 3630 auf dem Theater werden jetzt die „Stoffe“ glänzend bezahlt.
1757 3539 3013 3617 größten Einnahmen seit seinem Bestehen. Die ersten hundert Auf.
499 3602 1756 3671 Einige Autoren hatten noch gute, alte Ware auf Lager. Sie
1757 3604 3004 3684 führungen brachten eine Bruttoeinnahme von 800.000 Kronen.“
497 3640 1763 3727 erzielten hohe Preise. Es kommen hier ebenfalls Preistreibereien
1852 3635 3025 3735 Dem Librettisten wäre, sein Notizenruhm fast teuer zu stehen
486 3704 1753 3770 vor. Einer unserer erfolgreichsten Komponisten hat vor kurzem
1749 3695 2903 3767 gekommen. Besteuerte Eitelkeit! Billige Reklame kostet Geld.
489 3750 1767 3829 den Antrag erhalten, für die Eröffnungsvorstellung einer neu
1852 3727 3009 3821 Es gibt eine ganze Reihe Autoren, die bei der Steuer¬
497 3793 1747 3853 adaptierten Berliner Operettenbühne eine Operette zu schreiben.
1746 3786 3009 3863 behörde großes Ansehen genießen, weil man sicher weiß, daß sie
492 3831 1745 3917 Er refusierte die ihm angebotene Garantiesumme von 20.000 Mark
1756 3852 3025 3911 ganz ehrlich fatieren. Artur Schnitzler. Hermann Bahr, Karl
488 3875 1766 3965 mit dem Bemerken: „Das reizt mich nicht" Da er in
1755 3893 3005 3962 Schönherr und andere bekennen die Erträgnisse ihrer Werke auf
485 3920 1755 4013 der verflossenen Spielzeit ein dramatischer Kriegsgewinner
1748 3941 3005 4009 Heller und Pfennig. Einzelne legen die Abrechnungen ihrer
487 3982 3006 4044 war, kann sich der gute Mann das ruhig erlauben. Verleger vor. So war man in Steuerkreisen erstaunt über die
493 4032 1749 4095 Aber dieses Beispiel ist symptomatisch. Ein Theaterdirektor,
1743 4038 3019 4112 großen Einnahmen des „Weibsteufel" (in jenen Städten, in
494 4070 1754 4138 der diesen in eingeweihten Kreisen viel besprochenen „Fall“
1739 4087 2308 4164 denen er nicht verboten ist).
483 4120 1755 4209 erfuhr, meinte: „Man sollte auch bei Operetten Höchstpreise
1852 4109 3016 4184 Daß auch literarische Stücke so viel tragen können wie
497 4153 728 4222 einführen“
2907 4182 2980 4224 and
1749 4167 2654 4223 Einiahrsoveretten, hätte man nicht geglaubt
2709 4175 2924 4249 in Deutichte
