3392 4256
60 1230 383 1335 Die ganze E
67 1312 349 1376 aber wurde
78 1358 375 1424 wieder aufge
74 1407 380 1473 Dr. Reumann
183 1457 378 1520 Unsere
76 1501 375 1570 daß Dr. Reun
75 1555 368 1619 daß sie fähig
81 1605 365 1675 wissen, daß
71 1658 362 1722 ist, meistens
84 1690 379 1768 ablehnt. Doch
83 1749 375 1817 welche die De
71 1803 343 1868 auflehnen.
73 1849 381 1918 kraft anerken
82 1901 367 1963 trennen vom
94 1949 373 2017 Bewältigung
84 1997 381 2062 anzunehmen,
84 2051 359 2116 neigt sind, g
88 2096 376 2163 sammenhänge
84 2193 383 2258 in letzter Lin
87 2236 364 2305 werden wir
85 2284 383 2359 in den Werke
98 2379 376 2439 scheinen müsse.
88 2422 336 2480 nennen — #
91 2456 377 2513 anderes als mas
88 2499 379 2552 fehlte, mein Lei
85 2538 388 2590 habe nur nicht
101 2578 366 2638 die Sehnsucht,
91 2617 375 2674 der heuchelt, ve
90 2657 396 2718 meines Temper#
105 2693 390 2753 vielleicht noch
235 2734 379 2798 1 Als P.
97 2783 379 2841 Und doch gibt
93 2811 386 2880 der sich auf ein
100 2862 389 2917 war. Er erzähl
89 2899 380 2957 Kind im Theat
92 2935 381 3000 gesehen. Der kle
111 2981 388 3036 morgen tot.“
114 3022 376 3080 Worte schien
114 3061 380 3115 mir, sobald es
108 3084 391 3151 Worte. Nur ei
105 3138 393 3194 nochmals sehen
228 3178 393 3225 Goethe
108 3213 389 3269 unschicklich aus
109 3251 393 3312 es bleibt höchs
108 3294 384 3353 allen Völkern
237 3335 379 3387 Wir wi
111 3375 384 3429 wir uns sagen,
106 3414 383 3466 mus zustande
236 3449 378 3504 Vgl. Fr
112 3484 391 3544 und sBemerkun
116 3532 392 3593 lytische Forsch
2209 130 2634 202 —
1865 198 2329 297 box 36/5
1226 218 1318 283 0
513 213 1715 323 1. Panphlets „fprints
2723 987 2830 1040 323
1619 1001 2570 1045 Die Allmacht der Gedankene bei Arthur Schnitzler
1366 1084 2823 1169 Die ganze Einstellung des Arztes zu dem Rivalen in der Liebe
506 1125 725 1198 ftauchte.
1382 1149 2826 1219 aber wurde später durch die Stellung zu dem Rivalen im Beruf
520 1187 730 1245 Rivalen.
1373 1201 2836 1257 wieder aufgenommen. Dieselben seelischen Mechanismen sind bei
514 1238 724 1297 he mora¬
1388 1257 2529 1327 Dr. Reumann auch in dieser Entscheidung wirksam.
526 1282 723 1352 Malheur
1502 1303 2833 1357 Unsere Deutung dieses typischen Motivs aber setzt voraus,
525 1334 729 1392 ationali¬
1374 1380 2835 1426 daß Dr. Reumann seinen Gedanken eine solche Macht zuschreibt,
514 1383 728 1450 r feind¬
1378 1405 2840 1469 daß sie fähig sind, den Lauf fremder Schicksale zu beeinflußen. Wir
1390 1444 2838 1523 wissen, daß dieses Phänomen bei den Neurotikern immer zu finden
521 1478 741 1540 chend zu
1381 1523 2833 1565 ist, meistens gegen ihre bessere Einsicht, die solche Beeinflußbarkeit
525 1529 724 1591 em Ver¬
1376 1557 2833 1612 ablehnt. Doch können sie sich gegen die aneurotische Währungs,
524 1578 723 1647 Abwehr
1388 1597 2836 1659 welche die Denkrealität der Realität des Geschehens gleichsetzt, nicht
528 1630 728 1695 eziehung
1386 1668 2832 1722 auflehnen. Wir nennen dieses Prinzip, das eine magische Wunsch¬
524 1679 731 1737 ose, daß
1386 1693 2833 1768 kraft anerkennt, die „Allmacht der Gedankeng. Den Neurotiker
532 1727 733 1797 Gefühle,
1378 1747 2837 1814 trennen vom Gesunden nur schwankende Grenzen: er wird mit der
519 1778 736 1843 che oder
1391 1795 2841 1860 Bewältigung seiner Komplexe nicht fertig, die jenem gelingt. Es ist
528 1820 744 1890 lauf auf
1393 1845 2839 1906 anzunehmen, daß auch wir Gesunde in manchen Augenblicken ge¬
518 1877 731 1943 bertragen
1380 1905 2841 1960 neigt sind, gegen die Instanz unseres Intellektes solchen fiktiven Zu¬
513 1920 745 1987 daß auch
1387 1949 2232 2015 sammenhängen Glauben zu schenken!,
516 1972 735 2035 1. Herr
1519 1999 2831 2052 Wenn unsere Vermutung richtig ist, daß dieses typische Motiv
522 2021 736 2089 ert. Der
1387 2061 2837 2126 in letzter Linie auf die Allmacht der Gedanken zurückgeht, dann
523 2072 742 2138 ebenfalls
1396 2113 2842 2162 werden wir dem Ausdruck dieser Wunschkraft wohl noch deutlicher
528 2120 741 2183 ath nicht
1391 2141 2837 2211 in den Werken des Dichters begegnen können. So spricht der Herzog
527 2171 731 2241 t:-Nun
532 2221 726 2290 wollen.
1392 2234 2840 2301 scheinen müsse. Dr. Reumann antwortet: „Was Sie, gnädige Frau, Verachtung
1604 2268 2850 2320 wenn ich überhaupt etwas davon verspürte — wäre ja doch nichts
523 2273 727 2331 brochen.“
1553 2286 1608 2323 —
1389 2286 1561 2334 nennen
1386 2314 2844 2374 anderes als maskierter Neid. Oder denken Sie, daß es mir an dem guten Willen
519 2322 726 2391 Dr. Reu¬
1398 2342 2844 2409 fehlte, mein Leben so zu führen, wie ich es die meisten anderen führen sehe? Ich
527 2371 736 2436 en Aus¬
1383 2398 2834 2445 habe nur nicht das Talent dazu. Wenn ich aufrichtig sein soll, gnädige Frau —
543 2418 742 2485 vertieft,
1385 2422 2833 2481 die Sehnsucht, die am tiefsten in mir steckt, ist die: ein Schurke zu sein, ein Kerl,
1387 2462 2842 2521 der heuchelt, verführt, hohnlacht, über Leichen schreitet. Aber ich bin durch Mängel
529 2467 741 2530 derbaren
1393 2532 2852 2561 meines Temperaments dazu verurteilt, ein anständiger Mensch zu sein — und, was
527 2520 752 2585 Irsprung
1400 2549 2755 2625 vielleicht noch schmerzlicher ist, von allen Leuten zu hören, daß ich es bin.“
525 2569 740 2636 nung der
1538 2605 2834 2658 1 Als Prototyp geistiger und seelischer Gesundheit erscheint uns Goethe.
538 2617 746 2680 1 um ein
1395 2629 2850 2688 Und doch gibt es bei ihm zahlreiche Belege dafür, daß er von solchem Aberglauben
535 2671 737 2732 Patienten,
1387 2670 2848 2737 der sich auf eine zwanghafte Gedankenverknüpfung aufbaut, nicht gänzlich frei
1392 2736 2853 2761 war. Er erzählt z. B. (sDichtung und Wahrheite, 2. Teil, III. Buch), er habe als
530 2716 740 2777 benbuhler
1398 2740 2848 2806 Kind im Theater einen sehr anmutigen hübschen Knaben einen Solotanz ausführen
532 2766 745 2829 aus dem
1389 2788 2841 2861 gesehen. Der kleine Wolfgang äußerte darauf, ohne dabei etwas zu denken: *Heute rot,
522 2810 744 2876 em Arzt,
1405 2844 2846 2887 morgen tot.s Die Mutter jenes Knaben war zufällig in seiner Nähe. Auf diese
540 2862 755 2930 Fall ist.
1403 2860 2854 2925 Worte schien die Frau zu verstummen. Sie sah mich an und entfernte sich von
1396 2911 2847 2964 mir, sobald es nur einigermaßen möglich war. Ich dachte nicht weiter an meine
522 2913 749 2988 tanz des
1398 2935 2857 2997 Worte. Nur einige Zeit hernach fielen sie mir auf, als der Knabe, anstatt sich
527 2964 746 3029 s Resig¬
1393 2985 2641 3041 nochmals sehen zu lassen, krank ward und zwar sehr gefährlich.
527 3010 748 3076 sicht auf
1523 3028 2839 3085 Goethe setzt hinzu: odergleichen Vorbedeutungen durch ein unzeitlich, ja
530 3057 753 3130 g nähern
1398 3060 2851 3120 unschicklich ausgesprochenes Wort standen bei den Alten schon in Ansehen und
1395 3103 2856 3159 es bleibt höchst merkwürdig, daß die Formen des Glaubens und Aberglaubens bei
533 3114 738 3184 egungen?
1395 3151 2602 3203 allen Völkern und zu allen Zeiten immer dieselben geblieben sind.
540 3176 761 3238 Dr. Hanns
1523 3169 2848 3247 Wir wissen jetzt, daß der Schein dieser Merkwürdigkeit sich löst, wenn
1405 3215 2849 3287 wir uns sagen, daß alle diese Erscheinungen durch denselben seelischen Mechanis¬
528 3237 762 3316 eine direkte
1411 3280 1854 3336 mus zustande kommen.
528 3298 755 3353 eignet, uns
1528 3289 2860 3356 Vgl. Freud -Animismus, Magie und Allmacht der Gedanken“, Imago 1913,
562 3335 762 3395 Wünsche
1409 3339 2866 3399 und Bemerkungen über einen Fall von Zwangsneuroses, Jahrbuch für psychoana¬
528 3378 765 3429 egen. Frau
1414 3398 2019 3459 lytische Forschungen 1909. I. Bd.
541 3416 756 3481 ächtlich er¬
2646 3435 2715 3491 21“
2669 3977 2745 4075 91
