3392 4320
136 243 1308 359 1. Panphlets, offprints
131 1291 1482 1360 mehr existieren werden, tragisch enden müssen, wenn ein
132 1353 1480 1418 anständiger Mensch hineingerät.e Das Verlogene unseres
133 1421 1477 1482 Familienlebens wird von dem Gesellschaftskritiker Schnitzler
126 1490 1472 1545 oft (z. B. in =Komtesse Mizzig) mit starkem Griff ent¬
141 1532 1489 1596 hüllt. Sala sagt zu seinem Freunde, der die Frau eines
129 1608 1478 1653 andern verführt hat: zIch finde auch, daß das Familien¬
127 1660 1492 1716 leben etwas an sich sehr Hübsches ist. Aber es sollte
141 1708 1260 1773 sich doch wenigstens in der eigenen abspielen.e
205 1778 1478 1831 Namentlich das Problem der Ehe reizt Schnitzler immer
149 1824 1488 1886 wieder. Das „Zwischenspielg zeigt einen solchen Lebens¬
128 1904 1478 1952 aspekt in Verkürzung, das „Weite Landa wieder. Wie
141 1942 1481 2009 von allen Seiten Versuchungen locken und wie gegen¬
142 2020 1477 2070 seitiges Belügen (noch wenn man die Wahrheit sagt) die
132 2082 1474 2129 Ehe gefährden, zeigt hier, wissend und bewußt, ergriffen
144 2137 1487 2192 und ergreifend ein Lebenskenner. Denn was man auch
134 2176 1470 2243 sagen mag, unsere Ehe ist eine Polygamie der Phantasie.
148 2234 1487 2306 Albertus Rhon drückt das so cus: s den, der zu leben
145 2292 1496 2360 weiß, erwarten alle Abenteuer, nach denen ihn gelüstet,
130 2371 1501 2424 im Frieden seines Heimes. Er erlebt sie geradeso wie ein
145 2430 1488 2478 anderer, aber ohne Zeitverschwendung, ohne Unannehm¬
159 2486 1502 2539 ichkeiten, ohne Gefahr, und wenn er Phantasie hat, bringt
145 2543 1493 2600 ihm seine Gattin, ohne daß sie es ahnt, lauter uneheliche
144 2591 604 2657 Kinder zur Welt.e
206 2643 1496 2716 Ist dieses Aufdecken der tiefen Unsicherheit mensch¬
140 2718 1498 2778 licher Beziehungen nicht auch ein Kämpfen in dem großen
153 2780 1496 2829 Kampf der Zeit? Wird eine Aufführung der „Liebeleie
150 2825 1489 2897 nicht mehr Erschütterung in den Kreisen junger Leute
139 2899 1494 2958 hervorrufen als die Statistiken sämtlicher Vereine für
152 2951 1497 3012 Mädchenschutz — weil sie im engsten Rahmen der Mensch¬
145 3000 1503 3083 heit ganzen Jammer zeigt; weil sie ergreifend künstlezisch
138 3069 1285 3134 gestaltet, was jene mühsam zu beweisen suchen?
218 3135 1499 3181 Auch Schnitzler gehört zu den Vorkämpfern einer neuen
139 3185 1500 3247 Moral, wenn er auch nicht mit Kolophoniumdonner arbeitet
148 3261 1497 3319 und Gefühlausbrüche in die Auslage legt. Das Gefühl, das
156 3312 1519 3372 etzten Endes bei Schnitzler den Frauen gegenüber bleibt,
147 3353 1515 3431 ist das eines tiefen Mitleids. (Das ist nun freilich nicht
138 3470 290 3544 132
1473 237 1928 326 box 36/5
1753 1240 3088 1314 gerade die Sehnsucht starker lebensfroher Frauen, zbemit¬
1755 1322 3081 1367 leidenswürdige befunden zu werden. — Noch dazu von
1750 1378 3091 1429 Männertypen, die der Frau gegenüber über eine gewisse
1755 1416 3089 1491 egoistische infantile Einstellung nicht ganz hinwegkommen,
1749 1481 3092 1534 ihr gegenüber nie ganz Männer werden, in ihr immer nur
1750 1544 3097 1604 die Bescheidenheit und Resignation der Mutter suchen.
1755 1604 3087 1678 Die Red.) Denn sie sind am Ende die Betrogenen; sie
1751 1652 3094 1730 spüren am eigenen Körper den wildesten Schmerz des
1753 1710 3096 1771 Gebärens, während der Mann kühl und beobachtend da¬
1756 1778 2065 1840 neben steht.
1832 1832 3097 1897 Feineren Beobachtern wird aufgefallen sein, daß die
1751 1906 3099 1960 meisten Frauengestalten Schnitzlers etwas Mütterliches
1764 1963 3110 2018 haben. Im Verhältnis der Männer zu diesen Frauen liegt
1763 2022 3099 2073 etwas, daß dem des Kindes zur Mutter ähnelt. Die
1761 2064 3100 2135 Christine der pLiebeleig, die Anna des njungen Medarduse,
1755 2141 3099 2187 die des „Weg ins Freieg — sic sind seelisch Mütter, bevor
1758 2193 3104 2247 sie es noch körperlich geworden sind. Von der holdesten
1767 2243 3091 2313 Mädchenhaftigkeit umstrahlt, dem Geliebten wortlos dahin¬
1764 2321 3100 2369 gegeben, innig und zurückhaltend und bereit, der Erde
1761 2357 3110 2428 Glück, der Erde Weh für den Geliebten zu tragen, Genia
1758 2416 3116 2483 im „Weiten Landg ist um das Schicksal ihres Mannes bei
1764 2492 3108 2536 seinen Liebesabenteuern besorgt wie eine Mutter. Der
1764 2527 3105 2604 Räsonneur des Stückes, Dr. Maurer, drückt wohl des
1766 2596 3107 2662 Dichters eigene Meinung aus, wenn er äußert: DEs ist
1780 2665 3097 2727 wirklich interessant, wie Sie diese Dinge auffassen. Man
1770 2725 3109 2775 möchte fast glauben, daß Frauen, die zu Müttern geboren
1768 2774 3109 2834 sind, gelegentlich die Gabe besitzen, es auch für ihre
1771 2836 2181 2903 Gatten zu sein.e
1846 2871 3111 2951 Im Schicksal der Anna im -Weg ins Freieg zeigt sich
1777 2941 3110 3020 eben jene mütterliche Einstellung. Es ist kein Zufall, daß
1776 2997 3112 3070 eine Person des Romanes sagt, Anna sei dazu bestimmt,
1781 3063 2449 3143 im Bürgerlichen zu endigen.
1855 3132 3107 3192 Wir wissen aus den Resultaten der neueren Psychologie,
1778 3177 3106 3242 daß für das Sexualleben des Kindes die Inzestphantasie
1784 3252 3115 3301 typisch ist. Noch der Erwachsene zeigt in den unbewußten
1785 3295 3119 3366 Motiven, die seine Liebeswahl und seine ganze Einstellung
2984 3390 3125 3466 133
2761 4114 2843 4183 K
2344 4148 2489 4184 SE
