3392 4256
150 1044 328 1127 Die =4
0 1178 329 1252 ben seiner bei
-8 1238 341 1300 eibt. Noch schä
0 1287 312 1358 ische Stauung
1 1334 330 1398 mers sieht in de
-9 1386 326 1448 die Verkrüppel
-6 1433 325 1506 be für sich allei
-10 1482 334 1551 t in grauenhaft
-10 1533 320 1596 te ihr Wunsch
-9 1579 330 1648 derkehr geht w
16 1631 329 1693 es Literarhisto
-2 1680 333 1741 r in das der A
1 1730 330 1795 nen. Flier wie
2 1770 328 1843 hier wie dort
-3 1826 337 1888 schwersten Ger
23 1871 327 1940 Daß der Tod
-9 1922 330 1982 Geliebten gelte
2 1975 329 2033 ederkunft. SUIn
-6 2019 326 2090 rak heftig. Erh
0 2072 345 2138 die Lippen gle
-9 2121 331 2187 er warum war
3 2169 322 2237 nungen solcher
27 2219 320 2280 Auch dieses
2 2269 332 2339 na möge sterb
-2 2311 341 2385 rtungen enthebe
-9 2368 339 2434 einlich geworden
1 2416 349 2479 che Unterström
-9 2464 339 2527 hnitzler hat w
0 2511 342 2582 on Larochefo
-2 2563 344 2632 itresse, plus on
33 2611 344 2677 Den Grund
3 2662 312 2729 t, sie ist es,
2 2708 329 2776 rden will und
-10 2757 343 2827 o hinter allen die
0 2808 328 2876 erantwortung, O
3 2858 336 2917 rsonen dieser D
2 2907 342 2970 fehl im Weltenr
39 2954 346 3023 uch der Wirkl
123 3007 347 3070 — eine fas
63 3019 110 3063 en
136 3052 345 3134 ingen übe
123 3109 344 3198 n „Weg ins
142 3182 331 3234 r Klarheit
88 3221 342 3276 en Anschauun
95 3262 345 3315 empfunden ha
122 3301 343 3352 e sie Georg,
92 3341 344 3390 war ihr das se
93 3377 346 3432 nach der Aus
89 3413 348 3472 s wohl geschel
64 3459 332 3528 ngnis gleichsam
515 166 626 246 1.
531 1046 665 1121 Bitte
514 1446 691 1514 mmen¬
513 1506 696 1571 igenen
514 1548 691 1610 h. Und
505 1598 684 1668 ge Be¬
511 1646 694 1711 nkung
519 1700 695 1757 wäre,
517 1751 694 1809 nz un¬
527 1796 700 1861 neiner
536 1844 696 1912 heute
514 1893 701 1961 dPeri¬
528 1947 697 2006 wangs¬
528 1994 695 2056 danken
514 2046 696 2109 gen zu
518 2091 696 2158 worden.
529 2148 694 2207 se ge¬
531 2186 695 2253 la ein¬
526 2239 708 2302 on der
521 2288 714 2352 chließen
524 2344 713 2406 etonten
519 2388 713 2443 wird in
517 2437 711 2499 Heinrich
513 2483 709 2548 hen Sie
526 2532 707 2602 es Kind
526 2591 707 2650 man es
529 2635 718 2694 Sommer
526 2682 721 2746 Kindes
528 2734 713 2799 Leiden¬
525 2782 711 2845 teht er,
517 2830 732 2895 gwischen
524 2886 720 2947 ammen¬
516 2934 716 2997 naus¬
540 3019 729 3096 ytischen
530 3081 726 3141 chischer,
524 3129 729 3189 sen Zu¬
528 3182 729 3245 wir eine
531 3233 597 3290 gt.
521 3280 720 3338 ituation.
525 3320 750 3407 hen und
2288 67 2763 147 —
1855 135 2320 230 box 36/5
1473 153 1598 220 in
642 157 1703 246 Panphlets OffDL
2682 882 2799 938 325
1590 898 2530 948 Die Allmacht der Gedankens bei Arthur Schnitzler
1339 1006 2796 1083 Sterben seiner beiden Kinder seinem ungebändigten Ehrgeiz zu¬
1350 1054 2797 1143 schreibt. Noch schärfer ist die durch ähnliche Vorwürfe entstandene
1358 1105 2796 1197 seelische Stauung in desselben Dichters *Klein Eyolfs geschildert.
1346 1153 2805 1224 Allmers sieht in der Hingabe an den Sexualgenuß die tiefere Wurze.
1354 1203 2808 1291 für die Verkrüppelung seines Kindes und der Wunsch Ritas, Allmers
1343 1275 2804 1326 Liebe für sich allein zu haben, ohne sie mit Eyolf teilen zu müssen,
1352 1309 2805 1391 geht in grauenhafter Weise in Erfüllung. Schwere Vorwürfe, als
1356 1359 2810 1427 hätte ihr Wunsch ihr Kind getötet, bedrücken sie. Diese Motiv¬
1356 1407 2816 1484 wiederkehr geht wohl über das Verhältnis literarischer Anlehnung,
1373 1452 2816 1526 wie es Literarhistoriker hier konstatieren würden, hinaus und greift
1353 1497 2809 1582 über in das der Ahnlichkeit psychischer Konstellationen und Mecha¬
1357 1548 2820 1619 nismen. Hier wie dort handelt es sich um den Tod von Kindern
1363 1606 2826 1683 und hier wie dort hat ein geheimer Wunsch, ihrer ledig zu werden,
1364 1657 2333 1716 die schwersten Gewissenskämpfe zur Folge.
1474 1716 2826 1767 Daß der Todeswunsch aber nicht nur dem Kinde, sondern auch
1372 1758 2820 1816 der Geliebten gelten kann, zeigen Georgs Gedanken während Annas
1367 1819 2822 1875 Niederkunft. -Und jetzt liegt sie da unten und stirbt. . Er er¬
1371 1839 2825 1943 schrak heftig. Er hatte denken wollen .. sie liegt in Wehen und
1371 1904 2824 1979 auf die Lippen gleichsam hatte es sich ihm gestohlen: sie stirbt.
1378 1937 2825 2020 Aber warum war er denn erschrocken? Wie kindisch. Als gäbe es
1370 2010 1936 2085 Ahnungen solcher Art.e
1485 2039 2822 2119 Auch dieses Versprechen ist durch einen unbewußten Wunsch,
1374 2086 2820 2168 Anna möge sterben und ihn so aller Sorgen und aller Verant¬
1387 2161 2829 2216 wortungen entheben, determiniert. Es ist uns in hohem Grade wahr¬
1379 2193 2832 2265 scheinlich geworden, daß jede starke erotische Bindung an eine Person
1380 2250 2835 2312 solche Unterströmungen von Haß und Feindseligkeit in sich birgt.
1387 2310 2835 2375 Schnitzler hat wiederholt diese Zusammenhänge geschildert. Doch
1381 2337 2838 2429 schon Larochefoucauld waren sie bekannt: PPlus on aime une
1388 2396 2258 2478 maitresse, plus on est prés de la hair.
1508 2424 2829 2513 Den Grund dieser Wünsche liefert der Mutterboden der Sexua¬
1392 2483 2837 2570 lität, sie ist es, die vom Fortpflanzungszweck befreit, Selbstzweck
1385 2533 2842 2609 werden will und gerade das rächt sich und wird gebüßt!, Es steckt
1381 2582 2837 2659 also hinter allen diesen Phantasien der Wunsch nach Sexualgenub ohne
1401 2645 2845 2700 Verantwortung, ohne nachfolgende Übernahme von Pflichten. Die
1391 2685 2853 2747 Personen dieser Dichtungen benehmen sich, als wäre ihr Wunsch
1394 2728 2842 2815 Befehl im Weltenraume. Ihr Wunsch ist nicht nur der Gedanken, er
1390 2790 2843 2857 ist auch der Wirklichkeit Vater. Ihre Stellung ist — von dieser Seite
1396 2837 2851 2919 gesehen — eine fast göttliche zu nennen. Wir wissen jetzt aus Freuds
1389 2887 2851 2976 Ausführungen über Animismus, Magie und Allmacht der Ge¬
1543 2961 2848 3029 1 Im „ Weg ins Freies ist dieser Wunsch des Helden off genug mit un¬
1402 3000 2856 3082 zweideutiger Klarheit ausgesprochen. Klingt es nicht wie eine Bestätigung der hier
1401 3042 2852 3110 vertretenen Anschauung, wenn von Grace gesagt wird, daß sie nie eine Spur
1401 3079 2866 3156 Grauen empfunden habe. Aber etwas, das diesem Gefühle ähnlich sein mochte,
1419 3150 2864 3196 so erzählte sie Georg, hatte sie in der Umarmung von Männern kennen gelernt.
1411 3185 2868 3240 Zuerst war ihr das selbst rätselhaft gewesen, später glaubte sie es zu verstehen.
1417 3200 2860 3279 Sie war nach der Aussage von Arzten zur Unfruchtbarkeit bestimmt und darum
1411 3245 2858 3315 mußte es wohl geschehen, daß der Augenblick der höchsten Lust, durch dieses
1420 3298 2163 3364 Verhängnis gleichsam sinnlos geworden.“
