3392 4256
1915 112 2375 182 —
1496 181 1962 275 box 36/5
151 190 1356 303 1. Panphlets, offorints
1505 1104 1769 1192 Theodor Reik
903 1119 1015 1201 322
912 1226 2355 1313 danke, sein Nebenbuhler möchte ihm die Bahn frei lassen, auftauchte,
912 1292 2369 1386 Dieser Gedanke verdichtete sich zum Todeswunsch gegen den Rivalen.
917 1345 2375 1414 Sein später Verzicht stellt sich also als eine Sühnung, als eine mora¬
917 1407 2379 1468 lische Reaktionsbildung dar. Die Eitelkeit irgendetwas dem Malheur
921 1439 2369 1529 eines anderen nicht verdanken zu wollen, ist demnach eine Rationali¬
914 1492 2383 1568 sierung dieses Verzichtes im Sinne der Verdrängung seiner feind¬
913 1558 1331 1631 seligen Regungen.
1037 1575 2375 1657 Noch immer scheint uns diese Deutung nicht ausreichend zu
923 1629 2380 1711 sein. Denn der Affektaufwand Dr. Reumanns steht in keinem Ver¬
919 1682 2381 1769 hältnis zu dem Objekt, dem er gilt. Früher haben wir die Abwehr
933 1747 2381 1822 des Arztes mit den Zwangshandlungen der Neurotiker in Beziehung
920 1804 2380 1869 gesetzt. Es ist nun eine Eigentümlichkeit der Zwangsneurose, daß
931 1859 2391 1917 sie ihre Vorwurfsaffekte verschieben kann, d. h. daß sie Gefühle,
932 1883 2385 1958 die ursprünglich einer für den Kranken sehr wichtigen Sache oder
933 1933 2382 2009 einer für ihn wichtigen Person galten, im weiteren Verlauf auf
936 2007 2387 2070 ganz unwesentliche Dinge oder gleichgiltige Personen zu übertragen
927 2032 2395 2102 vermag. Der Dichter hat uns einen Fingerzeig gegeben, daß auch
936 2084 2391 2158 bei Dr. Reumann eine ähnliche Affektverschiebung stattfand!, Herr
930 2130 2398 2194 von Sala, der herzleidend ist, hat Dr. Reumann konsultiert. Der
935 2178 2392 2253 Künstler ist der begünstigte Nebenbuhler des Arztes, der ebenfalls
940 2230 2399 2324 Johanna Wegrath liebt. Dr. Reumann will das Haus Wegrath nicht
943 2287 2386 2362 mehr betreten, er nimmt Abschied von Felix und dieser sagt: INun
948 2328 2378 2397 weiß ich ... warum Sie in dieses Haus nicht mehr kommen wollen.
1032 2381 2390 2464 Es hat sich wieder einmal ein anderer den Hals gebrochen.“
942 2426 2396 2516 Er spielt damit unter Beziehung auf das Verhältnis von Dr. Reu¬
947 2492 2392 2549 mann zu Herrn von Sala auf jene Episode an, welche den Aus¬
940 2524 2393 2606 gangspunkt unserer Analyse bildete. Unsere Deutung wird vertieft,
943 2573 2398 2645 wenn wir den Vorwurfsaffekt, den wir hinter jenem sonderbaren
947 2650 2411 2707 Benehmen Dr. Reumanns aufdecken konnten, auf seinen Ursprung
943 2686 2398 2754 zurückleiten. Wir nehmen an, daß es sich in der Ablehnung der
946 2723 2403 2808 Stelle und in dem Abschied Dr. Reumanns von Wegrath um ein
949 2775 2406 2851 Hysteron Proteron handle. Dr. Reumann hat seinem Patienten,
953 2822 2404 2899 Herrn von Sala, den Tod gewünscht, weil dieser sein Nebenbuhler
945 2870 2409 2936 in der Liebe Johannas war. Die Versuchung, den Rivalen aus dem
966 2914 2409 2996 Wege zu räumen, war vielleicht Dr. Reumann, als seinem Arzt,
947 2970 2413 3034 näherliegend als es sonst unter gleichen Umständen der Fall ist.
960 3017 2412 3085 Natürlich war dieser Gedanke von der zensurierenden Instanz des
956 3069 2413 3141 Seelenlebens sofort unterdrückt worden und Dr. Reumanns Resig¬
950 3110 2412 3195 nation, als er seine geheimen Wünsche durch die Aussicht auf
960 3163 2412 3254 Herrn von Salas bevorstehendes Ende sich der Erfüllung nähern
970 3214 2409 3288 sieht, erweist sich so als Reaktion auf die feindseligen Regungen?.
1117 3275 2422 3357 Ich verdanke den Hinweis auf die folgende Dialogstelle Herrn Dr. Hanns
959 3341 1125 3401 Sachs.
1102 3363 2419 3427 2 Wir lassen uns gerne die Bestätigung unserer Deutung durch eine direkte
954 3420 2421 3468 Charakteristik, welche Dr. Reumann von sich gibt, gefallen. Sie ist geeignet, uns
966 3449 2426 3501 in unserer Auffassung zu bestärken, weil sie zeigt, wie nahe dem Arzt Wünsche
965 3482 2433 3539 der Art, wie wir sie in seinem Seelenleben als wirksam vermuteten, liegen. Frau
982 3513 2436 3611 Wegrath spricht ihm gegenüber aus, daß sie und ihre Familie ihm verächtlich er¬
1779 3947 1834 4055 0
2737 95 3167 189 - Aimg u T# n Sgeee
3000 1188 3334 1289 Die ganze E
3015 1261 3299 1334 aber wurde
3008 1314 3325 1386 wieder aufge
3011 1368 3331 1431 Dr. Reumann
3137 1416 3323 1476 Unsere
3040 1456 3329 1530 daß Dr. Reun
3050 1518 3117 1577 daß
