3392 4256
1255 95 1387 154 —
224 169 1405 285 1. PanphletsOfforints
245 1170 1599 1244 Instinkte, eines groben äußeren Besitzwillens neben einer
247 1252 1599 1306 bloßen Fortgeschrittenheit des Kopfes? Die Red.)
248 1296 1602 1382 Der Gedanke, dieselben Seufzer, dieselben Worte zu
257 1353 1596 1439 hören, dieselben Liebkosungen zu empfangen, die vordem
257 1412 1596 1483 einem anderen gegolten, ist ihm unerträglich; gräbt sich
257 1470 1592 1558 mit tausend Griffeln in sein Gedächtnis. Tausend marter¬
259 1535 1599 1615 volle Bilder malt die erregte Phantasie demjenigen vor,
257 1588 1598 1672 der in die Vergangenheit sieht. Hier handelte es sich
264 1671 1611 1720 noch um Eifersucht auf die Vergangenheit. Schon Anatol
269 1716 1604 1790 will die Hypnose anwenden, um zu erfahren, ob ein
259 1764 1597 1837 Mädchen ihm treu sei. Philippo Loschi in „Der Schleier
257 1827 1593 1893 der Beatriceg verstößt die Geliebte, weil sie von einem
269 1903 1606 1962 andern geträumt. Was Schnitzler in diesen Symbolen
274 1939 1599 2021 festhielt, war nicht so sehr die tatsächliche Verletzung der
272 2004 1601 2081 Treue als ihre Möglichkeit. Qualvoll und nagend sind
263 2061 1612 2139 die Möglichkeiten eines neugierig dunkeln Blickes, den
273 2127 1612 2194 die Geliebte einem andern zuwirft; lebenzerstörend und
267 2205 1609 2265 nächteraubend die Möglichkeiten, welche die Phantasie an
281 2257 1604 2337 das Aussprechen eines Namens knüpft. Schnitzlers Tiefen¬
269 2298 1609 2382 psychologie ist gleich der Freud'schen bis zum Unbe¬
273 2355 1599 2422 wußten vorgedrungen. Im Traum und in der Hypnose
274 2412 1604 2495 zeigen sich alle Möglichkeiten der Seele. Seine letzte Er¬
280 2473 1609 2554 zählung hieß „Die Hirtenflöter. Ein Edelmann läßt seine
278 2533 1610 2608 Frau dem Klange einer Hirtenflöte nachziehen und sie er¬
281 2611 1610 2680 lebt auf diesem Wege Schrecklichstes und Seligstes: ihr
269 2652 1604 2734 Frauenschicksal erfüllt sich in einem unbewußten Dahin¬
271 2708 1619 2793 geben an alle Triebe. Auch diese Novelle erscheint nicht
276 2772 1610 2845 als Schilderung eines tatsächlichen Zusammenhanges; etwas
282 2832 1609 2920 Traumhaftes schwebt über ihr. Die neuere Traum¬
271 2887 1614 2977 psychologie hat gezeigt, wie während des Schlafes alle
284 2964 1619 3031 Triebe sich durchsetzen und die Hemmungen der Moral
268 3017 1619 3078 durchbrechen. Und Schnitzler hat dies auch ausgesprochen:
525 3110 1320 3190 „... Träume sind Begierden ohne Mut,
447 3168 1352 3237 Sind freche Wünsche, die das Licht des Tages
456 3217 1224 3286 Zurückjagt in die Winkel unsrer Seele,
447 3257 1382 3329 Daraus sie erst bei Nacht zu kriechen wagen.e
274 3363 408 3454 130
2172 84 2339 158 —
1559 144 2023 247 box 36/5
1821 1091 3087 1173 So schlummerten auch in dieser Frau die Möglichkeiten
1750 1183 3091 1242 solchen Erlebens. Der Dichter spricht damit nur aus,
1756 1217 3079 1301 was am Grunde der Seele ruht. Er gestaltet Konse¬
1757 1274 3087 1352 quenzen aus Keimen. Von diesem Standpunkt aus muß
1758 1351 3084 1412 die psychologische Notwendigkeit des „Weiten Landese
1754 1403 3089 1469 eingesehen werden. Gewiß ist Hofreiter bestürzt über
1753 1439 3100 1533 seine Frau, die einen andern in den Tod gehen läßt.
1761 1507 3100 1592 Trotzdem quält ihn die Furcht, ihrer Treue nicht sicher
1761 1573 3099 1648 zu sein. Dieses beständige Auf=die-Probe=stellen, Belauern
1761 1627 3100 1700 und Ergrübeln zeigt, wie auch in ihm der Glaube, seine
1765 1684 3104 1771 Frau könne ihn betrügen, lebendig ist und nagt. Eifer¬
1768 1747 3101 1833 sucht ist ja ein Projektionsphänomen; wie sollte seine
1754 1817 3102 1879 Frau ihm treu sein, da er es nicht ist? Er liebt sie, ob¬
1756 1857 3096 1955 wohl er sie, nur um endlich Gewißheit, Gewißheit um
1761 1917 3098 2015 jeden Preis zu haben, zur Untreue treibt. Er will diese
1775 1975 3100 2068 Ungewißheit loswerden. Wie ist dies alles zu vereinen?
1840 2057 3105 2120 Die Seele ist ein weites Land und soviel hat nebenein¬
1759 2093 3111 2179 ander in ihr Platz, Treue und Untreue, Glaube und Ver¬
1771 2180 3101 2238 rat. Bei Gottfried Keller herrscht noch mathematische
1773 2211 3105 2302 Abgrenzung. Der grüne Heinrich liebt Anna und Julia;
1771 2284 3112 2351 die eine mit den Sinnen, die andere mit der Seele. Schon
1768 2335 3105 2408 Flaubert schrieb einer Geliebten den Satz: 2Un jeune
1765 2385 3117 2473 homme peut adorer une femme et aller chaque soir chez
1772 2470 3119 2531 des filles.e Schon in „Notre cceure seines großen
1776 2502 3112 2593 Schülers Maupassant liebt ein Mann zwei Frauen, beide
1780 2561 3122 2658 sinnlich und seelisch. Schnitzler gibt dasselbe Gefühls¬
1783 2620 3120 2722 phänomen: Schon im „Schleier der Beatriceg, im 2Zwischen¬
1788 2684 3128 2773 spielg, im „Weg ins Freieg, im „Weiten Landa. Er ge¬
1779 2740 3131 2843 staltet es noch bohrender, noch differenzierter, noch tief¬
1786 2801 2917 2889 blickender: zwischen Schwermut und Gelächter.
1850 2854 3127 2935 Er gibt daneben noch die Konllikte, welche diese
1782 2921 3121 2997 unsere Zeit, voll übernommener Vorurteile, ihren zwie¬
1914 2977 3126 3070 ig fühlenden Menschen auferlegt. Der Dichter Alber¬
1922 3058 3125 3122 thon spricht im „Zwischenspiele: „Das ist ja das
1888 3111 3131 3181 arakteristische aller Ubergangsepochen, daß Verwick¬
1798 3172 3151 3253 lungen, die für die nächste Generation vielleicht gar nicht
3011 3254 3132 3332 131
