3392 4256
45 1042 186 1130 Die
-1 1187 190 1260 s würde
-10 1242 187 1307 eWaffe
29 1345 184 1408 wie
-9 1386 191 1459 elden auf
2 1439 166 1508 ng, die
1 1486 198 1555 ten Wün
0 1533 201 1609 ne Nove
1 1588 205 1657 ir in de
-1 1635 198 1702 s an die
-2 1711 196 1805 nreicher
-4 1789 194 1849 die er e
-6 1836 194 1902 ezieht ih
-2 1883 201 1945 oben, wa
-9 1932 200 1998 dlich schef
-4 1981 186 2049 acht. Zu
-3 2033 200 2092 t. Langen
-9 2082 194 2150 en des M
1 2130 198 2193 en verban
0 2181 202 2243 tenmal
-2 2226 202 2297 ohg ward
1 2280 199 2342 tzmittel f
2 2326 204 2392 ler Freihé
6 2371 204 2443 er Gedal
25 2422 210 2493 eben Ta
-10 2478 202 2535 sondern
-10 2524 192 2593 Zögern d
-2 2571 186 2642 tbestand
-3 2622 195 2683 elbst hab
0 2669 205 2732 idchens d
-10 2719 206 2786 eines fein
-2 2771 201 2837 iende Mei
-10 2822 204 2888 die A
1 2870 179 2939 pisode,
-2 2972 199 3035 Dichter u
3 3021 211 3083 welche na
3 3068 205 3137 ebesmögli
2 3114 204 3178 bei Goet
-11 3163 194 3230 haftliche
14 3208 211 3275 de Weih
39 3266 199 3330 nacht
23 3313 197 3372 auf eine
38 3358 207 3429 e kurze
8 3464 184 3535 „Dichtung
330 1243 419 1321 ch
336 1554 403 1608 er
345 1605 412 1664 ns
336 2298 417 2358 ie
352 2549 433 2608 als
341 2603 424 2661 er
321 2780 441 2873 ur
343 3046 427 3104 de
335 3107 442 3156 m
351 3149 418 3210 es
337 3343 432 3404 eht
383 2013 420 2057 t
2078 161 2609 225 —
1528 138 1603 227 ——
1681 218 2142 313 box 36/5
330 232 1526 343 1. Panphlets, offorints
2297 1089 2409 1171 333
1205 1101 2156 1183 Die „Almacht der Gedankens bei Arthur Schnitrler
959 1226 2400 1308 Medardus würde ein Maori oder ein Zwangsneurotiker empfinden,
953 1285 2407 1353 dem diese Waffe Tabu ist. Freud führt in seiner letzten Arbeit
962 1344 2418 1400 eine Tabuvorschrift an, die verbietet, scharfe Waffen im Hause zu
964 1389 2421 1462 halten. So wie dieses Verbot, so wird sich auch die Antwort des
959 1448 2413 1508 jungen Helden auf unbewußte feindselige Regungen stützen und seine
968 1496 2424 1551 Weigerung, die Waffe fortzuwerfen, auf die Furcht, daß diese
966 1538 2010 1600 unbewußten Wünsche realisiert werden könnten.
1073 1589 2418 1655 Eine Novelle „Das Schicksal des Freiherrn von Leisenbohge
966 1629 2424 1714 scheint mir in der Verbindung der Tabueigentümlichkeiten und des
964 1685 2431 1767 Glaubens an dieAllmacht der Gedanken“ die letzten Wurzeln zu
966 1751 1148 1817 haben.
1088 1767 2421 1845 Ein reicher Adeliger wartet acht Jahre auf Erhörung seiner
974 1825 2425 1905 Liebe, die er einer jungen, heißblütigen Schauspielerin geschenkt.
967 1872 2432 1950 Doch sie zieht ihm eine Menge Liebhaber vor, immer ist ein Grund
976 1923 2436 1987 vorgeschoben, warum sie diesen und nicht ihm ihre Gunst gewährt
978 1972 2432 2050 hat. Endlich schenkt sie dem überraschend geduldigen Verehrer eine
978 2033 2440 2096 Liebesnacht. Zu seiner Bestürzung aber ist sie am nächsten Morgen
982 2077 2447 2148 abgereist. Lange Zeit hernach erfährt er von einem der späteren
989 2129 2433 2186 Geliebten des Mädchens, daß ein Fürst, mit dem Kläre innige Be¬
979 2179 2436 2243 ziehungen verbanden, in seiner Sterbestunde den verflucht habe, der
981 2222 2449 2284 zum erstenmal nach ihm das Mädchen umarmt. Der Freiherr von
980 2278 2441 2341 Leisenbohg war dieser Unglückliche, und die ihm gewährte Nacht sollte
985 2319 2437 2394 ein Schutzmittel für einen späteren Seladon sein. Bei dieser Nachricht
996 2382 2430 2451 stürzt der Freiherr vom Schlage getroffen vom Sessel. Die „All¬
982 2415 2440 2484 macht der Gedankeng zeigt sich in jener Nachwirkung des Fluches.
990 2466 2441 2540 Kläre ist eben Tabu gewesen. Das beweist nicht nur der Tod des Frei¬
986 2520 2447 2584 herrn, sondern auch das Sterben ihres früheren Geliebten und ihr
991 2572 2438 2646 langes Zögern dem Freiherrn gegenüber. Psychologisch werden wir
992 2642 2450 2680 den Tatbestand so rekonstruieren, daß wir annehmen, der Frei¬
1000 2676 2454 2741 herr selbst habe den früheren und späteren glücklicheren Liebhabern
1002 2710 2457 2790 des Mädchens den Tod gewünscht und erleide nun ihn selbst als
994 2762 2443 2826 Buße seines feindseligen Wunsches. Wie stark aber auf geistig
995 2809 2448 2891 hochstehende Menschen der Glaube an das Fortwirken eines Fluches
997 2851 2449 2934 (und an die Allmacht der Gedankeng) ist, das beweist die reiz¬
1002 2911 2449 2990 volle Episode, die Goethe von den beiden Straßburger Tanz¬
998 2970 2449 3029 meisterstöchtern Luzinde und Emilie erzählt! Beide liebten den
999 3017 2445 3084 jungen Dichter und die eine von ihnen küßt ihn und verflucht die¬
992 3059 2448 3138 jenige, welche nach ihr seine Lippen berühren wird, um der Schwester
999 3107 2455 3188 jede Liebesmöglichkeit abzuschneiden. Die Wirkung jener erregten
1006 3157 2457 3228 Szene bei Goethe war eine tiefe und nachhaltige: „Seit dem jenes
1006 3202 2457 3281 leidenschaftliche Mädchen meine Lippen verwünschet und geheiligt
997 3253 2461 3317 (denn jede Weihe enthält ja beides) hatte ich mich, abergläubisch
997 3308 2452 3383 genug, in acht genommen, irgend ein Mädchen zu küssen, weil ich
1012 3336 2456 3433 solches auf eine unerhört geistige Weise zu beschädigen fürchtete.“
1125 3410 2466 3486 Eine kurze, aber wie mir scheint, bedeutungsvolle Skizze
1144 3504 1969 3593 „Dichtung und Wahrheits, 3. Teil, 4. Buch.
