3436 4256
512 99 823 172 Dranas
296 115 817 215 II. 24
625 271 1758 344 Abenteuer seines Lebens
462 283 576 353 Da
307 291 1753 395 1. aS  e e ee
1012 469 1593 557 Theater und kunst.
863 528 1815 605 * Die zweite von Professor Friedrich veranstaltete
773 579 1800 641 Zöglingsvorstellung brachte gestern dem Theater
767 635 1808 700 in der Josefstadt wieder ein volles Haus und dem
763 683 1798 743 Publikum — von halb 8 bis 11 Uhr — fast zu viel des
774 731 1801 796 Guten und Mitwirkende ohne Zahl. Neben den schon gestern
763 782 1801 838 erwähnten Kräften sei in aller Kürze Frl. Leefeld er¬
1816 787 1945 884 8
772 824 1796 884 wähnt, die eine exotische Salondame witzig und maßvoll in
764 868 1803 918 Ton und Geberde gab; ferner Frl. Ranzoni und Herr
770 916 1808 974 Limlay. Sehr gefielen auch Frl. Meißner und
1812 881 1957 978 I.N
768 964 1796 1016 Herr Hartner, Letzterer als junger Dichter und ebenso
1810 974 1924 1032 des
773 1008 1803 1066 liebenswürdiger als frivoler Lebenskünstler und Frl. Meißner,
1806 1020 1955 1099 jede 1
775 1061 1805 1113 seine anmuthige Mamselle Geliebte in Arthur Schnitzler's
775 1103 1807 1153 „Das Abenteuer seines Lebens“ Der feine, mit
761 1145 1811 1208 Grazie und Witz durchgeführte Einfall eines eigenartigen
762 1199 1803 1252 Talentes, in Stimmung und Sprache im Geiste Musset'scher
764 1246 1809 1302 Proverbes gehalten, hatte entschiedenen Erfolg. Von den
776 1287 1795 1345 singenden Mitgliedern sind Frl. Sonia und die Herren
773 1330 1385 1395 Thiele und Sarol zu nennen.
863 1392 1940 1471 * Die „Münchner Allg. Zeitung“ berichtet von den
890 1578 1554 1668 zum erstenmal in
402 1602 554 1677 Scene.
536 1656 1455 1724 Im Theater in der Josefstadt
411 1693 1565 1769 heute Professor Friedrich sein zweites „Gastspiel“. Galt
410 1748 1540 1813 gestern das Interesse den Darstellern, so wendete es sich
403 1794 1554 1833 heute dem Dargestellten zu. Es kamen zwei einactige Lust¬
406 1826 1540 1892 spiele zur Aufführung, deren Verfasser in der Wiener
394 1879 1556 1942 Gesellschaft bekannte Persönlichkeiten sind. Dem Autor des
403 1907 1556 1967 einen: „Das Abenteuer seines Lebens“ ging der
404 1950 1552 2022 gute Ruf seines Vaters voraus. Es war Schade um die Neugier.
403 2002 1554 2064 Das, was uns da von Herrn A. Schnitzler vorgesetzt wurde,
407 2041 1546 2108 war ein mit wenig Witz und viel Behagen dramatifirtes
399 2086 1540 2136 Ehebrüchlein nach sattsam bekannten Mustern. Schwämmchen
402 2125 1550 2178 drüber! Interessant, lustig und einen originellen Vorwurf
398 2172 1546 2232 mit Geist und Geschick ausbeutend, war hingegen das zweite
404 2203 1540 2274 Lustspiel: „Unser Patient“ von C. Groß. Ein vom
396 2252 1549 2305 „Humanitätsdufel“ befallener Gutsherr läßt in seinem
398 2287 1550 2357 Park ein Spital erbauen, das alle Vorzüge, aber den
395 2333 1548 2394 einen großen Fehler besitzt, daß sich absolut kein
401 2376 1535 2449 Kranker für dasselbe finden will. Die Aufregung, welche
401 2416 1553 2484 sich Aller bemächtigt, als es endlich gelingt, einen Patienten
403 2466 1541 2525 aufzutreiben, die Sorgfalt, mit der man ihn umgibt, das
400 2508 1543 2548 bildet den komischen Untergrund, auf dem eine zweifache
391 2546 1542 2591 Liebesgeschichte aufgebaut wird. In diesem Stücke zeichnete sich
402 2586 1537 2646 wieder Herr Lutz, im vorhergehenden Fräulein Meißner,
395 2638 1538 2701 eine hübsche, temperamentvolle, muntere Liebhaberin mit
402 2672 1537 2734 großer Anlage zur Soubrette, ganz besonders aus.
401 2717 1547 2772 Theater=Agenten herbei! Als Dritten im Bunde der
397 2756 1545 2799 wirklichen Talente nennen wir Herrn Thiele, der
394 2792 1541 2859 in einer Scene aus dem „Waffenschmied“ seine Partner
401 2837 1535 2903 überragte, und der, wenn wir uns recht erinnern, bereits
399 2880 1532 2935 für die Straßburger Oper engagirt worden ist. Die Schluß¬
395 2929 1536 2985 piece, die Merz'sche Pantomime, wurde erst um 11 Uhr vor
402 2959 1532 3034 ziemlich gelichteten Bänken zu Ende gespielt. Ueberdies war
403 3014 1544 3065 es auch heute wieder so furchtbar heiß im Theater, daß
394 3050 1527 3101 viele sonst sehr lebenslustige Leute darauf hofften, noch
394 3091 1549 3161 vor Beendigung der Vorstellung durch einen Schlagfluß
388 3143 1213 3196 von allen ihren Leiden befreit zu werden.
1292 3140 1501 3194 O. T.-B.
530 3175 1535 3227 Morgen (Donnerstag) bringt die Opernschule
388 3208 1541 3296 des Conservatoriums mit den Abiturienten unter
381 3258 1193 3306 O##t#„ 5.2 cMlunsians Cafst dura
1951 269 2293 364 box 7/1
2081 420 3264 494 absolntel Stimmenmehrheit der Anwesenden. Bei Stimmen¬
2070 475 2761 544 gleichheit entscheidet der Vorsitzende.
2250 607 3091 706 Theater- und Kunstnachrichten.
2173 689 3267 756 (Theater in der Josefstadt.) Die Gesell¬
2082 745 3260 797 schaft junger Künstler, welche von Herrn Leo Friedrich zu¬
2096 796 3260 847 sammengestellt wurde, gab heute ihr zweites und letztes Gast¬
2096 824 3260 886 spiel im Theater in der Josefstadt. Zur Darstellung gelangte
2086 868 3259 931 zunächst ein einactiges Lustspiel von Narrey: „Nord und
2101 929 3269 970 Süd“, welches zwei Frauen vorführt, die durch ihr Tempera¬
2092 954 3267 1004 ment im entschiedenen Gegensatze zu einander stehen, aber
2100 997 3264 1066 nach erbitterten Fehden durch gleiche Erfahrungen und Ge¬
2089 1036 3262 1093 fühle, die allen Frauen gemeinsam sind, zu einem Freund¬
2093 1079 3273 1138 schaftsbunde gelangen. In dieser kleinen Piece zeigte Fräulein
2088 1121 3265 1182 Leefeld eine Sicherheit und Gewandtheit, die schon fast
2090 1175 3268 1219 wie Routine aussah Die nächste Nummer war eine Wieder¬
2086 1211 3264 1265 holung der Mautner'schen Scene: „Eine Muttec vor Gericht“.
2105 1251 3269 1300 die heute wie gestern von Fräulei Rüders mit starker
2099 1303 3260 1350 Wirkung gespielt wurde und neuerdings lebhaften Beifall
2104 1317 3334 1396 fand. Dann folgte ein kleines Lustspiel von A. Schnitzler:! 2
2132 1376 3261 1426 Das Abenteuer seines Lebens“, welches durch die realistische
2092 1403 3272 1485 Darstellung einer verfänglichen Situation zu wirken
2096 1458 3269 1514 sucht. Eine Grisettenfigur wurde in diesem Stücke von
2105 1508 3273 1558 Fräulein Meißner mit Frische, Natürlichkeit und
3277 1510 3353 1579 se
2092 1541 3273 1597 Humor gespielt. Eine sehr günstige Aufnahme fand
3297 1566 3348 1610 n
2854 1581 3277 1650 C. Groß: „Unser
2097 1588 2858 1637 hierauf ein einactiges Lustspiel von
3265 1608 3343 1698 9
2101 1631 3269 1694 Patient“. Es ist nicht mehr ein origineller Gedanke, in einem
2102 1670 3268 1721 neuen Curorte oder Sanatorium einen Vergnügungsreisenden
2104 1718 3273 1774 für einen Kranken ansehen und als „ersten Patienten“ mit
2097 1747 3277 1816 großer Auszeichnung begrüßen zu lassen. In dem kleinen
2096 1813 3281 1856 Lustspiele von Groß wird diese alte Idee anspruchslos und
2098 1838 3277 1895 launig behandelt, und die Charaktere, deren Zeichnung in der
2100 1879 3279 1947 Mitte zwischen Naturtreue und Caricatur liegt, machen den
2100 1932 3276 2000 erheiterndsten Eindruck. Das Haus war auch heute wieder sehr
2100 1977 2371 2040 gut besucht.
2250 1993 3359 2062 Im Hofburgtheater wird demnächst eine K
2087 2053 3356 2137 Reprise des Seribe'schen Lustspiels „Fesseln“ statffinden. Die
2255 2600 3114 2771 umlerbreitet werden. 39.—
3154 2675 3250 2748 907/2
2548 2699 3017 2800 Tbeaterzeitung.
3097 2728 3250 2800 Ko-
2376 2757 3254 2839 Theater in der Josephstadt. Der gestern v
2275 2801 3249 2891 Prof. Leo Friedrich veranstaltete zweite und let
2267 2838 3254 2925 Gastspielabend interessirte besonders durch die Aufführn
2269 2877 3250 2953 zweier Lustspiel=Novitäten. Die erste, betitelt „D
2269 2915 3253 2983 Abenteuer seines Lebens“ hat Herrn A. Schnitzle
2260 2959 3250 3049 zum Verfasser und zeichnete sich dadurch aus, daß es ein
