3484 4384
290 254 1821 365 20. Znischenspiel box 25/1
187 1269 2989 1330 ar es, die ihn auf das Weib, das, gleißend von süßer Sünde und noch viele Umstände, sich von seiner Frau scheiden zu lassen.
182 1316 2967 1373 drückten Tränen in warm von verbotener Lust, aus den Armen eines andern damit er, Sigismund, sie heiraten könne. Amadeus c.
191 1369 3004 1421 machte. Capriccio zu ihm kommi, und diesem andern das schöne Wild ab= wortet sehr erregt, worüber der Fürst mit Recht sich ver¬
189 1395 638 1479 Der Name ist keine
618 1405 3012 1459 zujagen sie als Kampfpreis zu gewinnen, der Geliebte wundert: der Gatte selbst war es ja gewesen, welcher de¬
188 1451 628 1526 geht ja nach seiner
628 1443 3008 1517 seiner Frau zu werden, das ist der Gedanke der ihn bei Gattin den Verkehr mit dem Dritten vollkommen freigab;
627 1489 1821 1567 ihrem Anblick plötzlich überfällt. Der Kapellmeister besitzt
223 1498 632 1564 ein Himmel der
1804 1496 2983 1587 Aber, o Glück, aus dem heftigen Zwiegespräch leuchtetde?
200 1534 630 1617 gsten Verträglichkeit.
628 1551 1811 1602 einen Freund, einen Dichter, der ihm einmal sagt: „Wenn
1810 1542 2947 1622 Kapellmeister auf einmal eine frohe Gewißheit auf: Fi¬
619 1600 1809 1663 jemand Phantasie hat, bringt ihm seine Gattin, ohne daß
205 1597 632 1662 links, dann treffen
1803 1591 2968 1672 Sigismund hat von dem ihm zugestandenen Rechte *
621 1635 1808 1703 sie es ahnt, lauter uneheliche Kinder zur Welt.“ Bei der
175 1646 634 1721 derzählen einander
1802 1643 2867 1725 diskretesten Gebrauch gemacht, die Beziehungen
627 1692 1809 1756 Aufführung ist dieser nicht ganz leicht verständliche Satz
1805 1687 2880 1754 ihm und Cäcilie sind rein geblieben. Amadeus ju
187 1690 621 1754 en erlebt haben. Es
625 1734 2894 1800 gestrichen worden. Unter Phantasie hat man ohne Zweifel greift sich an den Kopf. Ist es möglich? Kein G¬
186 1730 627 1808 Aussprache zwischen
629 1780 2970 1861 die Phantasie der Goethischen „Wahlverwandtschaften“ zu nicht der leifeste Ansatz zu dem verwünschten Stirnsch###
193 1781 631 1856 Wort seinen Wahn
622 1812 1822 1891 verstehen, und diese Phantasic scheint auch Herr Amadeus in
177 1832 625 1907 Fauchte: „Unsinniger,
1808 1829 2858 1892 Mit großer Kunst umschifft hier der Dichter eine
621 1870 1821 1942 seiner fieberhaften Erregung zu Hilfe zu rufen, daß sie ihm
183 1864 628 1950 utenden Herzens in
1811 1887 2933 1950 liche Klixpe, Das Stück streift an dieser Stelle das 7#
627 1923 1817 1985 die herbe Wonne eines Ehebruches mit der eigenen Gattin
1803 1933 2947 2001 der derberen Komik uid man erinnert sich, daß Moi
186 1924 620 1994 sie in seiner Freude,
628 1972 1814 2024 bereite. Dem Erlaubten sucht er den Reiz der verbotenen
1811 1970 2929 2035 eine lustige Komödie geschrieben: „Sganarelle ou L
182 1972 624 2064 gskusse schließt das
622 2019 1804 2077 Frucht abzulisten, das Alltägliche in das Außerordentliche,
1809 2021 2960 2100 imaginaire.“ Eingebildeter Hahnrei, als solcher #och
624 2065 1807 2127 Abenteuerliche umzudichten. Der Racker von Liebesgott
1802 2063 2945 2140 auch Amadeus wie aus einen bösen Traum, und er###
180 2087 628 2174 n Musterknaben in
614 2112 1811 2179 mag die Hochzeitsfackel wieder anzünden, denn Meister
1807 2107 2955 2187 eigentlich von Glück sagen, daß nicht er von Sigi#
625 2160 1808 2220 Amadeus beschreitet aufs neue den Thalamus, diesmal
184 2149 625 2222 digt gerade ein Gast¬
1813 2167 2943 2237 zum Duell gefordert wurde. Die Frau, die er ihm „#
617 2206 1807 2284 um sich mit der ihm ehelich verpflichteten Frau in freier
186 2194 634 2273 mund ist ihr dorthin
1804 2214 2926 2285 danken zu eigen gegeven, hak er ja widerrechtlich z
616 2244 1075 2316 Liebe zu verbinden.
178 2245 630 2319 denn Cäcilie hat es
1803 2252 2932 2327 genommen — ein Diebstahl sozusagen, ein Einbru¬###
174 2286 637 2368 lt, und er ist keinen
1807 2294 2975 2373 fremdes Eigentum. Auch diese Wendung zur Burleske###
687 2310 1806 2395 Daß solche Perversitäten der Einbildungskraft vor¬
181 2339 626 2416 der junge Fürst aus
1803 2334 3008 2410 der Dichter nur leichthin angedeutet, wie um sie im Vor¬
618 2371 1809 2440 kommen, soll ebensowenig geleugnet werden, als das Recht
182 2388 613 2462 m nur der Sängeri#
1813 2398 2999 2462 beigehen einem Pariser Schwankpoeten zu empfehlen, der
625 2424 1808 2494 des Dichters, in diese verborgensten Falten des Menschen¬
180 2435 621 2507 Perliner Reise unter¬
1804 2450 2998 2514 gewiß aus dieser neuartigen Anwendung der ehelichen
629 2473 1808 2538 herzens hineinzuleuchten. Es fragt sich nur, ob just der
177 2475 626 2554 um Vertrauen und
1804 2499 3001 2584 Trigonometrie die drolligsten Situationen entwickeln würde.
616 2516 1810 2575 dramatische Dichter es tun darf, es fragt sich ganz beson¬
186 2535 624 2596 cher der Gattin ver¬
1798 2537 2572 2606 Wir aber kehren zum Ernste zurück.
625 2566 1808 2639 ders, ob er es tun kann. Die Tatsachen in ihrer Brutalität
173 2566 621 2650 ie Geschichte mit der
1890 2569 2998 2656 Frau Cäcilie tritt auf, in ihrer morgendliche Schön¬
625 2614 1808 2683 darzustellen, bleibt ihm am Ende doch verwehrt, und
184 2619 629 2694 st., Es war ein vor¬
1803 2633 3001 2701 heit erscheint sie uns, doch vergebens suchen wir in ihrem
625 2670 1805 2730 gerade im entscheidenden Augenblick, wo man das er¬
170 2675 633 2742 riccio giocoso, eben
1803 2679 3007 2737 Antlitz die Freude über die nächtliche Versöhnungsfeier,
621 2708 1811 2766 läuternde Wort am notwendigsten brauchte, muß er sich
178 2718 629 2785 lie vermutet er nach
1809 2727 3014 2797 das wiedergefundene Eheglück. Versöhnung? Wer redet
599 2745 1808 2822 beeilen, den Vorhang fallen zu lassen, wäre es auf die
177 2761 644 2837 rem letzten Briefe hat
1802 2776 3003 2853 davon? Amadeus hört ihr mit beinahe sprachloser Ver¬
172 2814 1806 2893 digt, und da ist sie Gefahr hin, ihn bald darauf über neuen Rätseln aufgehen
1810 2821 3011 2889 blüffung zu. Sie spricht nun fast, wie er im ersten Akt
176 2845 854 2940 t, verschönt durch die zu lassen.
1805 2874 3017 2940 gesprochen, erweist sich als seine gelehrige Schülerin.
225 2911 634 2980 mit einer fremden
702 2904 1810 2990 Am Morgen nach jener plötzlichen Wiederverehelichung
1813 2917 3006 2992 Gewiß, sie ist wieder die seine geworden, doch nur vor¬
179 2931 632 3027 phe steht sie vor ihm,
623 2954 1806 3024 befindet sich Amadeus in einer eigentümlichen, psycholo¬
1805 2964 3006 3022 übergehend, in einer flüchtigen Wallung ihres Blutes;
177 3006 630 3071 einem Klang in ihrer
618 3012 1816 3080 gisch wohl erklärbaren Gemütsstimmung: er ist rasend
1805 3011 3017 3081 es war eine Laune gewesen, ein Capriccio, wied um ein
173 3046 632 3108 kannt hat. Und was
622 3058 1805 3117 eifersüchtig. Er hat auch schon dem Fürsten Sigismund
1810 3061 3017 3129 Zwischenspiel, ein stürmisches, leidenschaftlich bewegtes
180 3105 1811 3176 ihn jetzt und peitscht seine Zeugen geschickt. Doch ehe sie ihn getroffen, erscheint
1798 3107 3024 3168 allerdings, capriccio furioso, aber doch nur ein Aben¬
175 3140 3006 3211 ehr die Gattin, nicht der Fürst selbst. Ein braver junger Mann, der sein Herz teuer. Zur selben Stunde — es sind ihre eigenen Worte —
172 3192 3075 3275 rs perdrix, sie ist auf dem Handschuh trägt. Er bittet den Kavellmeister ohne hätte sich ihre Gunst „vielleicht auch ein anderer holen )
3007 2489 3123 2560 vol
2995 2529 3150 2616 har
