3484 4352
1276 158 1742 270 box 25/2
219 162 1155 298 20. Zuischensniel
1423 1073 1596 1148 S A
1327 1122 2271 1197 nie den Ausdruck gefunden. (Von der kleinen
2272 1125 3331 1192 der Untreue die Herrschaft in ihrem Herzen ein= wohl
1322 1165 2280 1229 Groteske vom Grünen Kakadn“ vielleicht abge¬
2269 1172 3212 1232 zuräumen. Die unvermeidliche Aussprache zwi¬
3205 1182 3343 1232 schen
1327 1200 2273 1262 sehen, die allerdings auch mehr ein sehr geistreiches
2275 1200 3211 1262 schen den Erkaltenden bringt Klarheit. Sie sparen
3206 1211 3354 1272 einer
1336 1252 2272 1295 Spiel mit der Leidenschaft, als die Leidenschaft
2270 1252 3206 1301 die großen Worte. Ein spät erkannter, langer
3211 1254 3341 1310 sehr
1343 1287 2272 1334 selbst darstellt.) Unter der Oberfläche spinnen
2273 1288 3216 1344 Irrium wirft nur eine leise zitternde Bitterkeit
3202 1289 3268 1346 51
3269 1297 3323 1345 2 9
1347 1324 2266 1371 sich gern in seinen Dichtungen die Fäden der Ge¬
2262 1322 3202 1368 in manchen Satz. Aber sie wahren sich die Ach¬
3204 1339 3261 1385 3
1337 1354 2277 1414 fühle, des Humors, einer gewissen lächelnden Ver¬
2275 1362 3208 1412 tung, versprechen sich die Frcundschaft, die schon
1338 1396 2268 1450 achtung. Von den Tragödien der grellen Taten
2273 1401 3209 1446 zur rechten Erziehung des unschuldigen Söhnchens
1340 1442 2273 1488 und rauschenden Worte trennt sein weiches, müdes
2264 1428 3211 1488 nötig ist. In Freiheit gehen sie auseinander, in
3202 1457 3258 1502 I c
1336 1475 2280 1530 Wienertum mit der blasierten Note eine ganze
2275 1480 3211 1536 Freiheit bleiben sie sich verbunden. Das Weib, die
1338 1500 2271 1570 Welt. So schreibt er heute Tragödie der Ehe
2277 1516 3213 1569 Geliebte will Amadeus verlieren, nicht die Künst¬
1346 1535 2279 1602 (oder besser: die Komödie der Ehe) als Künstler,
2274 1551 3214 1612 lerin, die beratende Freundin, die Kameradin
3197 1571 3258 1619 5
1342 1585 2285 1634 als Wiener, als heimlich lächelnd Verachtender, der
2267 1593 3213 1638 seiner schöpferischen Arbeit. Und Cäcilie ist's zu¬
3203 1617 3261 1666 9
1345 1622 2270 1675 im „Anatol“=Zyklus und im „Reigen“ die Liebe
2271 1626 3210 1682 frieden; weil sie stolz ist. Wohlgemerkt: das
1331 1647 2282 1728 schon als töricht, käuflich, spielerisch erweisen
2264 1662 3217 1708 laute Drama von einst hätte hier den splittern¬
1330 1693 2270 1750 wollte. Und seine Ehetragödie arbeitet nicht mit
2265 1704 3219 1756 den, laut knackenden Bruch verlangt. Im Namen
1336 1738 1985 1783 lautem Geschrei: „Ha, Ungetreue
1981 1737 2279 1800 ..“ nicht mit
2264 1738 3211 1787 eines rhetorischen Stolzes der beleidigten Gattin.
1337 1763 2280 1815 Kniefall und Dolch und großer Geste. Seine Hel¬
2272 1777 3215 1837 Der Schnitzlersche Weibesstolz leidet und deklamiert
1331 1797 2278 1856 den sind Menschen von hoher Kultur, die alles ver¬
2275 1805 3211 1868 nicht. Innerlich fremd geworden und gebrochen,
1332 1849 2272 1906 stehen, manchmal sogar sich selbst; die vielen ver¬
2263 1856 3217 1898 verzichtet die Enttäuschte auf die große Arie:
3080 1891 3210 1947 oder
1331 1877 2274 1946 zeihen, manchmal sogar denen, die ihnen am
2266 1885 3020 1953 „Mich verli—ieß der Undankba—are
3201 1912 3254 1973 4
1329 1932 2269 1991 wehsten getan.... Mit drei Worten ließe sich der
2344 1913 3214 1988 Sie ist's schlicht zufrieden: für sich, für den
1333 1965 2277 2027 Fali Ldams erzählen: die Eheirrung eines
2273 1970 3213 2015 Treulosen, für das Kind. Auch den Abgang
1334 2007 2271 2063 Musikers, die sich als irreparabel erweist. Kommt
2269 2002 3219 2051 der „Nora“ spart sie sich. Allerdings spart sie ihn
1336 2038 2272 2101 tausendmal vor, interessiert keinen Menschen;
2270 2040 3221 2099 nur — für den dritten Akt. Denn über das
3210 2062 3362 2126 förder
1329 2079 2276 2128 höchstens die Anwälte, die bei der Scheidung ver¬
2271 2086 3225 2131 „Zwischenspiel“ — das eingestandene Zwischenspiel
1325 2108 2272 2161 dienen, und ein paar emsige Klatschbasen beiderlei
3211 2110 3352 2166 falsch
2331 2122 3211 2164 kommt, und das will wohl Schnitzler beweisen,
1326 2152 2276 2214 Geschlechts, die „es ja längst kommen sahen". Aber
3211 2147 3358 2207 führer
2274 2158 3221 2207 wenn er überhaupt etwas „beweisen“ will, kein
1332 2185 2279 2250 Schnitzler macht den häufig erlebten, oft von der
2276 2177 3222 2241 Weib hinaus. Ein flüchtiges Sich=Finden im
3223 2193 3339 2246 liegt
1332 2213 2153 2286 Mittelmäßigkeit in Romanform erzählten
2270 2222 3224 2282 Augenblick des Wiedersehens, dann ein ehrliches
2153 2223 2280 2287 Fall
3212 2215 3375 2284 soll ste
1336 2265 2275 2311 interessant durch die Beleuchtung, die er aus dem
2265 2247 3212 2328 Scheiden, das die Frau in einer Aussprache=er¬
3223 2269 3349 2321 ohne
1343 2303 2276 2355 stillen Winkel seiner Weltanschauung auf diese
2271 2298 3222 2361 zwingt. Wohl ist das Verhältnis des Komponisten
3222 2308 3365 2362 führer
1344 2333 2266 2390 Menschen fallen läßt, die sich finden und verlieren.
2277 2348 3213 2405 zu der oberflächlichen Gräfin erledigt, als Irrtum,
3212 2339 3324 2412 artig
1340 2366 2273 2432 Alles Glück ist ein Freisein von Leiden. Die Ehe
2274 2392 3224 2441 Episode erkannt; wohl ist der junge Fürst, der die
1333 2405 2115 2465 des Kapellmeisters Adams war glücklich
2167 2409 2273 2465 die
2270 2425 3217 2481 halb befreite Cäcilie umwarb, in die Welt gezogen,
1328 2451 2275 2503 berühmten sieben Jahre lang, die schon im alten
2280 2477 3216 2516 zu vergessen — aber die Kluft, die das Zwischen¬
3213 2470 3344 2516 Kamp
1330 2487 2277 2540 Volksliede stets für Treue und Untreue das Maß
2275 2491 3225 2565 spiel riß, ist unüberbrückbär. Nicht scheiden lassen
3214 2497 3351 2557 reiche
1332 2518 2268 2592 abgeben — glücklich, weil sie keine rechte Gelegen¬
2270 2543 3220 2587 sich die beiden. Sie scheiden. Sie geht nicht
3219 2547 3344 2596 spiele
1323 2572 2277 2610 heit hatte zu erweisen, das sie es nicht war. Das
2276 2582 3220 2631 von ihm, sie zwingt ihn, von ihr zu gehen. „Später
3218 2586 3370 2644 klugen
1322 2598 2272 2651 Bindeglied für gelangweilte Herzen hält die
3222 2619 3348 2679 tum,
2277 2618 3227 2681 vielleicht ...“ Aehnlich hat Nora geurteilt.
1321 2637 2275 2704 beiden zusammen, das Kind. Daneben der Respelt
2269 2653 3222 2705 Weder der Norweger noch der Wiener aber glauben!
3220 2662 3356 2712 ein bi
1319 2680 2270 2738 des einen für das andere und der dankbare
2273 2700 3013 2756 an dies „Vielleicht" ihrer Heldinnen.
3213 2697 3359 2751 sophist
1319 2720 2279 2787 Glaube an die geforderte und geübte Aufrichtigkeit.
2337 2725 3224 2795 Ich habe mir erlaubt, die Komödie ein wenig!
3213 2738 3375 2792 fanden
1335 2756 2279 2817 Aus der ehelichen Gewöhnung, in der das Herz
2286 2767 3373 2837 ernster zu erzählen, als sie gespielt wurde. Ge¬ ler m
1324 2784 2282 2846 Thingeduselt, erwacht der Komponist mit dem Mozart¬
2274 2813 3225 2870 wiß, es zucken allerlei Humore durch diese drei
3212 2815 3377 2880 Oap
1335 2837 2278 2886 Namen Amadens zuerst; erwacht zu einer heftigen
2268 2868 3225 2908 Akte, die nur drei (kaum unterbrochene) geistreiche
1336 2872 2275 2938 Leidenschaft für die Sängerin Gräfin Moosheim.
588 2860 1294 2952 Lessing=Theater.8%
2275 2897 3218 2948 Dialoge sind. Aber mir scheint, der Untergrund
1335 2908 2271 2958 Er traut der Dauerstärke dieser Flamme wohl
2277 2933 3227 2986 ist ernst und diese Menschen sind mehr wunderlich,
472 2928 1335 2987 Zum ersten Male: „Zwischenspiel“,
1338 2948 2285 3001 selbst nicht allzusehr; aber sie zu löschen vermag er
2280 2965 3238 3027 als komisch, mehr dem Alltag entfremdet, als zum
417 2987 1332 3052 Komödie in drei Akten von Arthur Schnitzler.
1339 2983 2279 3042 nicht; sie auf die Dauer in Angst zu verbergen ist
2273 3012 3234 3058 Spaß erwachsen. Hierin versah's für einen Eng¬
1340 3021 2276 3076 er zu ehrlich. Die kunstreiche Gattin, deren ge¬
484 3019 1337 3079 Es ist ein stilles, nachdenkliches Stück, dieses
2276 3050 3233 3103 länder die Darstellung ein wenig. Albert Basser¬
1337 3052 2277 3109 setzlich ihm zugeteilte eheliche Liebe ihn langweilt,
409 3057 1346 3114 (Zwischenspiel“, das Arthur Schnitzler
2277 3087 3245 3144 mann, in einzelnen ernsten Momenten vortreff¬
394 3097 2284 3166 diesmal geschrieben hat. Für das Laute, Polternde,wird unterdessen von einem jungen Fürsten heiß
391 3129 3231 3200 ! Leidenschaftliche hat er nie die Neigung gehabt und umworben, den sie gerne sieht, ohne dem Gedanken! lich, spielte im ganzen die Figur des Amadeus
