3392 4256
226 130 1145 213 20. Zuischenspie-
1289 123 1752 202 box 25/5
1876 116 3051 163 angeblich zu dem Fürsten Sigismund in nahen Beziehnn¬
1889 148 3054 185 gen steht. Auf der Basis dieser gegenseitigen Kenntuis be¬
1887 178 3069 243 schließen diese beiden Menschen, die sich künstlerisch in der
1874 222 3063 290 wundervollsten Weise ergänzen, aufrichtige, treue Freunde
1875 266 3064 311 zu werden, ohne Anlaß zu mehr. Der Zuschauer nimmt
1884 306 3062 352 an den leisen Seelenkämpfen Frau Cäciliens teil, von
1882 341 3060 397 denen Amadens Adams keine blasse Ahnung hat. Als die
1878 375 3062 430 Künstlerin von einem Gastspiel in Berlin, an Erfolgen
1882 421 3059 467 und inneren Erlebnissen reich, in ihr Heim zurückkehrt, er¬
1881 456 3061 512 scheint sie dem Gatten so ganz gewandelt, so neu und ver¬
1884 497 3062 541 lockend, daß er sie in aufblühender Leidenschaft bestürmt
1878 534 3063 599 und den idealen Freundschaftsbund bricht. Für sie ist dieses
1876 573 3063 617 letzte Zusammensein in Seligkeit eine Abschiedsfeier. An¬
1878 614 3064 652 deren Tages wird es ihr innerlich klar, daß ein weiteres
1873 650 3063 697 Miteinanderleben in reiner Luft für die nächste Zeit un¬
1874 686 3062 751 möglich ist. Er aber glaubt sich sicher in ihrem Besitz und
1880 725 3057 775 jnbelt, besonders, nachdem er aus dem Munde des Fürsten
1868 773 3059 826 erfahren hat, daß er zur großen, wild tobenden Eifersucht
1874 802 3054 852 keinen Anlaß hat. Cäcilie geht, weil sie gehen muß, wie
1871 847 3058 884 Nora ging, aber eins bleibt unwahrscheinlich: diese Ab¬
1867 880 3056 940 schiedsfeier in Seligkeit. Der Versuch hätte als Antrieb zu
1879 923 3057 966 ihrem Entschluß schon genügt. Im Sinne eines höheren
1868 963 3049 1023 feineren Schuldbegriffs waren beide schuldig, und auf dem
1861 990 3056 1035 Boden einer gemeinsamen Schuld könnte neues Verständ¬
1875 1039 3056 1080 nis erwachsen. Aber Cäcilie, die sich über alle Dinge so
1875 1074 3070 1123 nnheimlich klat ist, und darüber reden kann, wie Arihne
1873 1113 3054 1161 Schnitzler in seinen besten Augenblicken, geht, um sich selber
1866 1153 3063 1194 treu zu bleiben. Amadeus Adams wird durch den großen
1861 1190 3056 1249 Schmerz, den er infolge seiner naiven selbstsüchtigen
1872 1220 3068 1275 Lebensführung ertragen muß, die Note erhalten, die Mensch
1860 1254 3071 1314 und Künstler noch bedurften. Das seelische Drama der
1868 1307 3058 1358 beiden, die als Freunde sich „alles“ sagen wollten, wird von
1867 1345 3054 1405 Ironie umkränzt, deren Träger der feine, kluge Dichter
1873 1368 3055 1429 Albertus Rhon mit den Zügen von Arthur Schnitzler ist.
1872 1419 3062 1473 Der liebe Wiener Poet, dessen leise behutsame Art sinn¬
1866 1461 3055 1520 und seelenverwandte Menschen so rasch einfängt, gibt auch
1857 1493 3059 1548 in diesem Zwischenspiel mit der tragischen Unterströmung
1863 1538 2554 1586 viel Feines und Zartes. Als
2553 1543 2963 1593 Seelenkenner von
1858 1570 3063 1639 gerühmtem psychologischen Scharfblick kennt er sich über
2576 1622 2667 1672 der
1862 1615 2542 1677 die delikatesten Beziehungen
2703 1619 2943 1677 Menschen
2947 1621 3039 1671 zu
1865 1650 2077 1706 einander
2396 1649 2659 1710 er verrät
2088 1656 2396 1703 aus, aber
2700 1653 2791 1709 sich
2661 1653 2705 1706 □
2819 1657 3058 1711 manchmal
1860 1684 3047 1741 als Puppenspieler und wird in der Betrachtung seelischer
1869 1731 3056 1786 Zustände oft ein bißchen breit und umständlich. Selbst ein
1869 1760 3047 1819 Dialog, so geschlifsen, wie dieser, so innig zart und tief,
1876 1809 3044 1850 kann ermüden, wenn er tempolos in breitem Fluß
2108 1850 2177 1903 3
1864 1845 2114 1897 dahinzieht.
2244 1839 3049 1893 seltene und echt dichterische Gabe,
1880 1890 3049 1944 mit wenigen Istrichen und Tönen seinen Gestalten ein
1872 1926 3043 1973 reiches, indivi# telles Gepräge zu verleihen, tritt auch hier
1874 1968 3046 2025 zutage. Ein Schluß seiner Lebensweisheit: wir alle
1871 1992 3048 2051 wissen nicht, we. wir sind, welche Möglichkeiten in uns
1875 2046 3050 2087 schlummern, beherricht auch hier eindringlich die Stimmung.
1873 2086 3046 2140 Letzte Bitterkeiten und Härten liegen nicht in Schnitzlers
1875 2117 3048 2164 Natur — Wunden schließen sich, Lehen und Zeit glätten —,
1865 2158 3049 2216 und wenn sich Komponist Amadeus Adams und Opern¬
1870 2203 3048 2243 sängerin Cäcilie Adams Offenbarung einmal wiederfinden
1873 2239 3045 2297 auf einer neuen Grundlage, so ist das „Zwischenspiel“ am
1869 2275 3050 2316 Ende doch nur eine Komödie. Die Zuschauer wird es herz¬
1859 2315 3042 2359 lich freuen; denn sie haben zu den beiden Menschen inner¬
1866 2355 3041 2399 lich aufrichtig und mit Gefühl Stellung genommen. Schnitz¬
1866 2396 3050 2439 ler ist als Poet in einer lauten, oft recht unerfreulichen
1862 2432 3052 2471 Zeit eine so sympathische Erscheinung, daß man ihr gern
1856 2474 3049 2515 auch in den zarten, wenn auch dramatisch etwas matten
1867 2513 2667 2573 Emanationen seines Talents begegnet.
1936 2542 3055 2613 Die Aufführung war unter Ernst Lewingers!
1857 2582 3058 2651 Regie mit voller Berücksichtigung der eigentümlichen inne¬
1866 2638 3042 2680 ren Stimmung der Komödie vorbereitet; vielleicht hatte
1859 2674 3054 2719 er manchmal eine zu auffällige Verbreiterung des ohnehin
1856 2718 3050 2744 langsamen Tempos durchgehen lassen. Schnitzler liebt ja#
1869 2742 3046 2812 die halben Töne, das Leise, das erraten sein will; erst das
1874 2791 3043 2840 Erleben seiner Gestalten durch die Schauspieler bringt auf
1870 2835 2743 2882 dem Theater die volle Wirkung hervor.
2766 2828 3040 2885 Fast ebenso
1870 2869 3039 2921 wichtig, als die Beherrschung des eigenen Parts, ist die
1862 2894 3052 2959 Kunst des Zuhörens gerade, weil die geistigen Schwin¬
1869 2957 3044 2997 gungen zwischen den Schnitzlerschen Menschen in fort¬
1870 2980 3049 3043 währender Vibration sind. Diese Kunst besitzt Hermine
2734 3022 3044 3083 Sie lebte mit.
1870 3021 2734 3067 Körner in ganz hervorragender Weise.
1870 3067 3039 3109 dem Pariner und gab von Eigenem Starkes und Ge¬
1870 3092 3042 3154 reiftes. Van hat diese aus dem Fluidum des Werkes her¬
1864 3134 3048 3194 aus geborene Darstellungskunst schon oft an ihr bewundern
1860 3175 3038 3232 können. Thcodor Becker fehlte für den Amadeus
1861 3215 3047 3270 der Komödienzug der naiven Selbstzucht, die nicht fühlt,
1860 3259 3037 3298 was um ihn herum vorgeht, aber er wirkte als inter¬
1863 3300 3035 3351 essante Erscheinung und war in dem leidenschaftlichen Höhe¬
1863 3331 3041 3390 punkt des zweiten Aktes selbst auf der Höhe. Später sank
1863 3369 3050 3426 die Gestaltung wieder, eigentlich von dem Augenblicke an,
1862 3416 3041 3462 wo der Dichter seinen Helden beginnt im Stiche zu lassen.
1864 3453 3037 3507 Lothar Mehnert bot in dem Dichter Albertus Rhon
1859 3497 3039 3542 eine jener Wirtlichkeitsgestalten, die sich sofort einprägen
1858 3519 3050 3588 und auch nach Schluß des Theaterabends lebendig bleiben.
1865 3566 3040 3607 Den Fürsten Sigismund gab Alexander Wierth mit
1868 3603 3044 3654 höchster künstlerischer Delikatesse als Aristokraten im
1866 3641 3038 3698 äußeren und inneren Wesen — der Szenenbeifall gehörte
1868 3686 3041 3727 dieser wundervollen Leistung. Zwei für das Milien wich¬
1856 3733 3039 3776 tige Frauenrollen gaben Clara Salbach und Alice
1870 3762 3042 3809 Verden in reifer, fesselnder Darstellung. Ein mögliches
1856 3803 3057 3859 Theaterkind ist die kleine Aliee Liebeskind, die ihre Sache
1861 3845 3050 3893 recht hübsch machte., Angenehm wirkte Mary Holm als
1859 3876 2134 3929 Fräulein. —
2136 3880 3040 3931 Das Puhlikum gewann Teilnahme für die
1854 3912 3056 3975 Angelegenheit des 'musikalischen Ehepaares und drückte
1868 3961 2828 4023 diese Teilnahme durch freundlichen Beifall aus.
2742 3992 3021 4051 DarPaT.
