3436 4256
1344 147 1802 239 box 25/5
281 139 1187 246 20. Zuischenspiel
1965 352 2096 426 —
1368 364 2028 474 JODSENVER
1138 457 2239 535 1österr. behördl konz Unternehmen für Zeitungs-Ausschnitte
1283 524 2109 605 Wien, I., Concordiaplatz 4.
1482 591 1909 666 Vertretungen
1149 655 2238 715 in Berlin, Budapest, Chicago, Christiania, Genf, Kopen¬
1156 689 2229 760 hagen, London, Madrid, Mailand. Minneapolis, New-Vork,
1208 739 2199 810 Paris. Rom, San Francisen, Stockholm, St. Petersburg.
1481 784 1915 841 (Quellenasgabe ehne Gewi#rl.
1139 826 1529 887 Ausschnitt aus:
1137 882 2213 963 vom: PPRt., Innsbrucker Nachrichten
1184 1065 2215 1170 Gastspiel der Münchner Hofschauspieler.
1224 1150 2210 1235 (Zwischenspiel.) Der zweite Gastspiel¬
1175 1218 2210 1281 abend der Münchener Hofschauspieler, der wie¬
1176 1264 2214 1335 der sehr stark besucht war, brachte uns einen
1180 1310 2202 1394 für Innsbruck noch neuen Schnitzler; die drei¬
1180 1350 2212 1430 aktige Komödie „Zwischenspiel. Arthur Schnitz¬
1177 1393 2202 1479 ler, einer der bekanntesten und auch begabtesten
1180 1451 2203 1533 Wiener Autoren, kommt hier sehr selten zu
1186 1503 2200 1577 Worte. Liebhaber solcher und ähnlicher Stücke
1174 1547 2224 1644 sind hier in der letzten Zeit überhaupt auf
1113 1668 2159 1737 schmale Kost gesetzt gewesen, so daß sie sich
1116 1719 2154 1781 von diesem Abende viel versprachen und ihm
1126 1776 2166 1832 mit begründetem Interesse entgegensahen. Schade,
1123 1822 2157 1868 daß man von den vielen Stücken, die Schnitz¬
1115 1864 2155 1930 ller geschrieben hat und die hier noch nicht
1114 1913 2150 1972 bekannt sind, nicht ein anderes wählte. Das
1119 1966 2157 2029 „Zwischenspiel“ gehört entschieden nicht zu seinen
1116 2031 2152 2077 besten Werken. Wohl zeigt der Autor wie¬
1123 2080 2157 2128 derum, daß er Form und Sprache beherrscht,
1117 2111 2149 2179 wie wenige von den Modernen. Sein Dialog
1124 2162 2157 2237 ist flüssig und geistreich, in ihm liegt über¬
1121 2211 2155 2275 haupt die eigentliche Stärke des Autors. Im
1117 2258 2145 2312 übrigen hat sich Schnitzler diesmal einen so
1123 2307 2150 2376 heiklen, schwer faßbaren Stoff gewählt, daß es
1125 2373 2161 2421 einen gar nicht wundern darf, wenn er ihn
1121 2414 2148 2474 nicht ganz bewältigt und der Erfolg hinter
1115 2457 2155 2510 der Absicht zurückbleibt. Ein geistig hoch¬
1126 2500 2155 2560 stehendes Künstlerehepaar, dessen bisheriges
1127 2560 2158 2624 Glück auf vollkommenes seelisches Verständnis
1118 2607 2146 2667 und unbedingte gegenseitige Aufrichtigkeit ge¬
1124 2655 2167 2715 gründet war, trifft das freundschaftliche Über¬
1120 2722 2162 2764 einkommen, daß jeder Teil dem anderen in allen
1128 2744 2153 2811 Dingen völlige Freiheit gibt, doch soll sie ein
1119 2800 2156 2850 treu kameradschaftliches Band auch weiterhin
1118 2845 2155 2915 verbinden. So können beide ihrer Sehnsucht
1125 2911 2150 2957 folgen, ohne Lüge und Betrug, und, wie sie
1122 2953 2156 3008 glauben, ohne sich zu verlieren. Aber sie täu¬
1127 3008 2162 3061 schen sich. Jedes kehrt von seinem „Aben¬
1131 3046 2156 3100 teuer“ im Grunde unbefriedigt zurück, aber als
1123 3099 2164 3161 sie sich wieder ganz finden möchten, entdecken
1135 3132 2162 3197 sie, daß sie sich nun wirklich ganz verloren
1131 3187 2163 3245 haben. Es ist schwer, Sinn und Gang der Handlung
1125 3237 2163 3285 in kurze Worte zu fassen, gelingt es doch selbst
1122 3295 2158 3346 dem Autor nicht immer, seine Absicht klar
1122 3333 2154 3393 und überzeugend vorzutragen. Das Stück balan¬
1126 3391 2159 3449 ziert befonders in seiner Voraussetzung auf der
1134 3434 2157 3496 schmalen Schneide zwischen Möglich und Un¬
1140 3482 2170 3541 nöglich und seine Wirkung hängt fast nur von
1133 3532 2157 3593 her Darstellung ab. Eine schlechte Aufführung
1124 3585 2160 3640 #türde das Stück nicht vertragen. Die Münch¬
1136 3640 2160 3693 ier Gäste haben das Wagnis glücklich bestan¬
1141 3673 2158 3739 den; nur ihrer flotten Darstellung und nicht
1138 3727 2159 3782 dem Autor galt wohl der größte Teil des
1137 3781 2155 3841 rtichen Beifalls. Besonders die Träger der
1136 3814 2159 3876 Hauptrollen, Herr Monnard (Amadeus) und
1129 3872 2169 3938 Frl. Swoboda (Cäzilie) waren vollkommen
1132 3919 2160 3983 auf der Höhe. Den Fürsten (Herr Nadler)
1129 3978 2169 4030 haben wir uns in Sprache und Auftreten etwas
2013 4022 2119 4075 —8.
1129 4020 1688 4104 distinguierter vorgestellt.
