3532 4224
326 138 1244 253 20 Zuischensniel
1403 124 1857 214 box 25/6
2108 60 3178 116 weise viel mehr versprachen, auf halbem Wege abbiegen
2091 93 3190 154 und „sich auf blühenden Wiesen“ abseits der brennen¬
2099 152 3198 198 den Fragen der eigenen Zeit, verlieren, „um Blumen
2110 219 3185 271 zu pflücken“, die sich schließlich wohl auch in der My¬
2105 256 3199 314 stik oder in undramatischer Seelenzerfaserung künst¬
2111 308 2459 371 lerisch ausleben.
2195 341 3196 412 In der „Liebelei“ hat Schnitzler, indem er die
2093 403 3194 466 Tragödie eines Mädchens gestaltete, die nicht die so¬
2101 439 3203 499 ziale Berechtigung hatte, ernst genommen zu werden
2107 494 3198 565 von dem Manne der bevorzugten Klasse, den sie liebt,
2115 543 3180 602 auch an ein soziales Problem gerührt, in „Freiwild“
2112 579 3194 652 hat er die Duellfrage, im „Vermächtnis“ die Frage der
2120 638 3199 706 „natürlichen Kinder“ und ihrer Mütter zur Diskussion
2120 703 3192 753 gestellt, ja im „Grünen Kakadu“ ließ er uns sogar die
2116 747 3195 806 Feuerluft der französischen Revolution atmen und wäh¬
2116 798 3204 853 rend dort Komödie in der Komödie gespielt wird, füh¬
2118 835 3209 894 len wir, wie draußen die Weltgeschichte das Weltge¬
2104 881 3203 958 richt wird. Im „Zwischenspiel“ jedoch erscheint Schnitz¬
2110 949 3206 1006 ler fast nur als Seelenanatom und dramatischer Stim¬
2114 976 3203 1043 mungsmaler. Trotz der bei diesem Dichter selbstver¬
2116 1031 3207 1096 ständlich blitzend geistreichen Dialoge und manches psy¬
2125 1096 3198 1145 chologischen Treffers, den sie enthalten, fehlt der faden¬
2112 1142 3214 1192 dünnen Handlung jeder dramatische Rerv und man
2119 1177 3210 1236 empfindet den Schluß nicht recht als zwingende Not¬
2130 1237 2368 1303 wendigkeit.
2206 1267 3211 1335 Ein Ehepaar, Kapellmeister Amadeus Adams und
2125 1333 3206 1410 feine Frau, eine bedeutende Opernfängerin, — ein
2114 1391 3212 1443 Chepaar, das sich „Wahrheit“ versprochen hat, kommt
2127 1428 3212 1492 einander, zu einem Zeitpunkt, wo beide Teile einiger¬
2121 1475 3215 1542 maßen anderweitig inter ssiert sind, darin entgegen,
2130 1522 3216 1591 sich gegenseitig in Schönheit freizugeben. Sie einigen
2132 1578 3210 1648 sich dahin, daß sie fortan Freunde sein wollen und sich
2126 1629 3217 1688 äußerlich nichts an ihrer bisherigen Gemeinsamkeit än¬
2119 1690 3206 1739 dern soll. Er erwartet, daß sie ihm mit seinem ehema¬
2131 1726 3219 1779 ligen Schüler, dem Fürsten Sigismund von Lohsenstein,
2138 1774 3219 1837 der sie innig liebt, untreu wird, und sie nimmt ohn¬
2132 1843 3211 1887 weiteres an, daß er in zärtliche Beziehungen zu der
2129 1868 3218 1945 Opernsängerin Gräfin Mosheim, die ihm das gewiß
2127 1921 3214 1973 nicht schwer machen wird, tritt. Cäcilie Adams=Orten¬
2135 1978 3215 2037 burg, von dem Wiener Gast mit faszinierender künst¬
2124 2017 3215 2090 lerischer Feinfühligkeit lebendig gemacht, in allen Ru¬
2132 2062 3214 2126 ancen des Weibempfindens gleich lebensvoll offen¬
2124 2116 3216 2184 bart, erfüllt die Voraussetzungen ihres Mannes nicht,
2131 2184 3219 2230 während der Kapellmeister (Herr Gebhardt), dessen
2131 2217 3223 2267 Darstellung an Sicherheit in der charakterisierenden
2139 2276 3221 2331 Linienführung einiges zu wünschen übrig ließ, ein Ver¬
2129 2301 3223 2387 hältnis zur Gräfin hinter sich hat, als Cäcilie von einem
2138 2377 3223 2423 Gastspiel, wo sie Triumphe feierte und Eroberungen
2134 2429 3217 2474 machte, zu dem „Freunde“ zurückkehrt. Das Selbstge¬
2138 2468 3218 2529 fühl ihrer siegreichen Schönheit, die Bereitschaft der
2137 2523 3225 2572 Frau, die sich frei fühlt, dem Leben und den „Aben¬
2138 2556 3217 2624 teuern“ gegenüber, berauschen den Kapellmeister der¬
2128 2606 3223 2671 art, daß der Kamerad zum Verführer wird und das
2144 2652 2995 2733 Freundespaar einander in die Arme fällt.
2223 2728 3217 2776 Der andere Morgen findet ihn in rasender Eifer¬
2151 2765 3218 2827 sucht gegen den Fürsten als den vermeintlichen Ge¬
2136 2809 3235 2882 liebten seiner Frau, er findet diese Frau entschlossen,
2148 2871 3228 2927 sich aus einem Verhältnisse zu lösen, worin weder in
2137 2909 3229 2967 Liebe noch Freundschaft Treue möglich ist, und der
2146 2968 3225 3023 Mann dasselbe, was er sich selbst ohne weiteres verzieh,
2142 3024 3228 3069 als eine frevelhafte „Besitzstörung“ empfindet, die mit
2146 3054 3232 3107 Blut gesühnt werden soll, wenn es an ihm verübt
2151 3115 3232 3173 wird. Aber sie weint diesem Entschluß heiße Tränen
2144 3168 3234 3215 nach, wenn der Vorhang fällt, und es wird uns, wie
2148 3202 3231 3271 gesagt, schwer, die Notwendigkeit dieses Schlusses zu
2150 3262 2391 3322 empfinden.
2220 3309 3227 3367 Von den übrigen Darstellern spielte Herr Heim
2139 3358 3239 3425 den Freund des Kapellmeisters, den Dichter Albertus
2156 3411 3226 3476 Rhon, in einer sehr gelungenen Maske sehr befriedi¬
2155 3458 3236 3525 gend und auch Frl. Horwitz als liebeserfahrene
2159 3507 3228 3575 Gräfin, Frau Boruttau=Stastny als Rhons,
2158 3554 3236 3612 Cäcilien befreundete Gattin und Herr Gabel als
2143 3606 3229 3675 der dichterisch recht matt geratene Fürst Sigismund,
2144 3643 3239 3697 brachten durchwegs anerkennenswerte Leistungen. Er¬
2152 3717 3231 3762 frischend herzig und überraschend bühnensicher war die
2155 3759 3237 3812 kleine Prell als Söhnlein Peterl des Künstlerehepaares.
2146 3790 3241 3875 Die durchseelte Kunst des Wiener Gastes entfesselte
2129 3843 3242 3928 immer von neuem lebhafte Beifallsbezeigungen des
2156 3909 2935 3976 außerordeutlich ge besuchten Hauses.
3107 3896 3216 3986 g.
