3436 4352
299 89 1205 201 20. Zui enspiel
1371 101 1804 194 box 25//2
1663 929 1826 1020 Theater.
2309 931 2430 1024 371
1037 1014 2442 1105 Dem Manne, der in solcher Fährniß sie ihrem Trieb überläßt, in solcher Krisis
1041 1088 2425 1164 sich unter die Platane der Moosheim sehnt, kehrt ihr Herz niemals zurück.
1044 1159 2427 1216 Der Kapellmeister hat mehr vom Komoedianten als die Primadonna. Mit
1046 1213 2421 1289 einem Kusse sagt er der Geliebten Lebewohl und begrüßt mit einem Hände¬
1038 1279 2433 1331 druck dann die Freundin. Caecilie duldet Abschied und Gruß; duldet auch
1040 1336 2423 1398 Dieses noch lächelnd. Denn es ist ja das Letzte und Alles für immer vorbei.
1146 1406 2430 1480 Vorbei. Im Hochsommersprach sie das Wort. Und liegt, nicht von Angst
1035 1459 2434 1522 nur bebend, in einer Oktobernacht wieder in seinem Arm. „Nicht mehr zu Dir
1044 1523 2433 1579 zu gehn beschloßich und beschworich und geh' doch jeden Abend“: sang das Lied,
1049 1576 2417 1652 das er vor dem Abschiedzuletzt noch mit ihr geübt hatte, auch ihr das Schick¬
1046 1645 2432 1711 sal? Nein. Nur als Mutter, nicht als Gattin, ist sie noch einmal heimgekehrt;
1041 1711 2434 1774 zu Klein=Peter und zu Amadeus, dem großen Närrchen, als Mutter. In Ruhe
1044 1768 2422 1849 soll sich nun Alles lösen. Sie hat Wort gehalten; aus ihrem Erleben ihm nichts
1046 1830 2424 1882 verheimlicht. Garnichts? Nicht, daß der Fürst sie in den Opernferien einmal be¬
1051 1883 2418 1951 sucht hat und während ihres Gastspieles mit ihr in Berlin war; daß trotzdem
1048 1945 2433 2020 in Berlin ein Tenorist merkwürdig stark auf sie gewirkt hat; die Persönlichkeit,
1046 2013 2417 2065 der Mann, nicht nur der Gesangskünstler. Jeden Schritt, beinahe jedes be¬
1044 2068 2429 2139 langlose Ereigniß hatten ihre ausführlichen Briefe dem Freund gemeldet, der
1032 2129 2420 2210 noch ihr Ehemann heißt. Und sie ahnt nicht, daß sie das Wichtigste ihm ver¬
1045 2198 2427 2266 borgen hat. Wie sollte sie, da sie sichs selbst nie gestand? Zum ersten Mal hat
1050 2255 2423 2324 sie sich frei gefühlt. Durch kein Band mehr gefesselt. Zum ersten Mal haben
1048 2317 2422 2376 sich wieder Manneswünsche an sie herangewagt. Nicht, wie einst vielleicht, an
1034 2376 2419 2439 das kleine Theatermädchen, in dem Jeder eine mühlos zu haschende Beutesah.
1041 2441 2413 2505 An die schöne Diva, die in ihrem Gefolge einen richtigen, reichen, nicht deklas¬
1047 2500 2425 2568 sirten Fürsten hat und deren Gunst wie Begnadung erfleht wird. Schmei¬
1038 2560 2417 2626 chelnd umweht sie die Luft, das Leben scheint ihr unbegreiflich leicht, der Him¬
1042 2627 2427 2690 mel über ihr eine herrliche Flammenwölbung; und aus der Gluth winkteine
1043 2686 2413 2760 Verheißung. Sieben Jahre lang war ihr Einer die Welt. Die ist versunken.
1033 2741 2423 2819 Eine neue Welt aber ruft in die Ernte der Strahlengarben und in brausender
1033 2798 2425 2851 Stürme Gefahr. Leben! All das Süße und Schmerzliche, das dem Freien das
1045 2869 2430 2927 Leben bringt, jauchzendund schaudernd genießen! Mit ausgebreiteten Armen
1037 2926 2411 3001 steht sie und wartet; seis Weh oder Wonne: wenn es nur Leben ist. Sigis¬
1042 2983 2421 3052 mund? Auch diese Neigung wird nicht ewig währen; schon fröstelt die Frau
1043 3046 2412 3114 in der gemäßigten Zone dieses Gefühls. Was würde dann draus? Dieserkor¬
1031 3107 2426 3162 rekte Fürst taugt nicht zum Galan. Eine Ehe also. In Wien wird schon ziemlich
1035 3179 2449 3228 laut davon gewispert, der Kapellmeister in anonymen Briefen gewarnt und ein
1030 3234 2436 3308 Schnüffelhund apportirt den Bissen der Presse. Eine Ehe, die sacht, wie die
