3436 4352
670 94 719 151 S
300 82 1201 192 20. ZuIChensniel
1384 92 1794 189 box 25/2
1537 854 2011 940 Der Koland von Berlin.
1068 866 1169 953 1800
1493 1090 2049 1201 Zwischenspiel.
1144 1264 2503 1332 Dieses Zwischenspiel ist keine Komödie. Das macht: Schnitzler's
1053 1302 2515 1381 Humor ist kein Humor des Weitblickes. Es fehlt das Mitlachen. Dieser
1054 1383 2509 1439 Wiener Sceptiker bleibt ein Grübler; es ist Kurzsicht, von fröhlichem
1060 1442 2520 1493 Epikureertum zu reden. Seine Erotik hat nichts gemein mit des seligen
1063 1486 2516 1559 Otto Erich lachender Nacktheit. Er ist Melancholiker, aus Erkenntnis.
1061 1560 2518 1620 Er sucht die Komik des Scheins und findet die Tragik des Wesens. Um
1054 1597 2507 1668 dies Zwischenspiel zu nehmen: als diese Menschen sich in ihm formen
1067 1663 2511 1732 wollten, da wußte er die Torheit ihres Tuns. Da lächelte er über die
1059 1717 2518 1789 Aussichtslosigkeit, und dies Lächeln war weh und traurig. Was würde
1057 1777 2514 1845 dies Ganze denn sein? Ein Selbstbetrug. Blindekuhspielen mit dem
1070 1836 2512 1916 Sexualtrieb. Eine Komödie; wie immer ... Eine Komödie — der
1058 1893 2509 1967 Ausdruck blieb haften. Aber der Ausdruck psychologischer Erkenntnis
1072 1952 2512 2034 war dies. Die Resignation des Philosophen, der die tragikomische Ver¬
1069 2013 2510 2085 geblichkeit längst kannte von allem Verstandesringen, das sich freizu¬
1070 2087 2523 2165 ketten strebt von der Natur ewigen Gesetzen. So floß ein weher Bei¬
1073 2129 2520 2217 geschmack in das Wort Komödie. Vielleicht ein bitterer gar. Das müde
1073 2209 2515 2278 Lächeln der Selbsterkenntnis hat Schnitzler wie keiner. Da dachte er,
1062 2247 2519 2306 er müsse auch lachen können. Doch die Tragik des Geschehens übertönt
1060 2301 2515 2372 die Komik von Augenblicken. Die hineingeschmuggelte Possenfigur eines
1074 2381 2516 2460 Berufspoeten, der mit der liebenswürdigen Harmlosigkeit seines Stan¬
1066 2423 2521 2511 des immer dann sich einfindet, wenn er vonnöten ist, bleibt in ihrer
1067 2476 2515 2554 gesuchten Komik eine Dissonanz. Das rübe Zerbrechen, in das der
1067 2551 2516 2629 Psychologe Schnitzler sein Stück ausklingen läßt (über die Logik sei später
1073 2598 2509 2678 die Sprache), macht die Konstruktion von Schwankkarikaturen zur Krän¬
1078 2677 2520 2737 kung. Das Suchen nach komischen Effekten quält. Arthur Schnitzler
1076 2718 2517 2787 hat das müde Lächeln der Selbsterkenntnis wie keiner. Er hat den Hu¬
1071 2791 2524 2850 mor der Resignation. Er ist nicht der Dichter des Lachens; er ist der
1083 2840 2525 2906 Poet des Lächelns. Er hat nicht den befreienden Humor des Ueberwin¬
1067 2890 2523 2969 ders; darum ward es keine Komödie. Es ward vielleicht eine Tragi¬
1078 2944 1964 3015 komödie. Wenn es auch keine Toien gibt .
1735 3054 1843 3124 II.
1157 3110 2521 3190 Er schrieb keine Tragikomödie. Er schrieb drei Einakter. Er schrieb
1069 3156 2524 3223 einen liebenswürdigen Einakter, mit wehmütiger Schlußnote. Er schrieb
1066 3216 2532 3299 einen komischen Einakter, mit fröhlicher Schlußnote. Und er schrieb
1067 3289 2527 3363 einen miserablen Einakter, mit sentimentaler Schlußnote. Was die drei
1075 3347 2528 3406 Akte eint, ist die Zufälligkeit, daß s sich um dieselben Menschen han¬
1073 3396 2528 3500 delt. Er gibt drei Phasen einer Ehe; nicht aber deren Entwickelung.
