3532 4256
1294 177 1769 277 box 25/4
237 181 1279 303 20 Zutschensniel
2938 1387 3135 1480 —
2045 1465 3131 1534 schiere Gedankenwelt und das grübelnde Rankenwerk
988 1485 2055 1536 Aber sie weigert sich fest und entschieden, denn sie fühlt
2052 1522 3131 1593 nicht mehr tragen kann, und tragische Gebärde annimmt.
205 1501 710 1601 Stadttheater.
982 1529 2046 1599 sich nicht mehr als die frühere. „Erscheine ich dir auch
2055 1568 3134 1640 Artur Schnitzlers ständiges Thema ist das Liebeslehen,
980 1576 2062 1646 treu, für mich selbst bin ich's nicht mehr gewesen. Ich
157 1555 993 1662 [Wiener Hofburgtheater=Eusembles.)
186 1620 816 1703 ir Schnitzier: „Zwischenspiel.“
2054 1624 3126 1694 seir Lieblingsstudium die Frauenseele: aber wenn er
990 1628 2054 1694 weiß, wie in mancher Nacht mein Leib gebebt und ge¬
161 1638 223 1700 fur
2966 1655 3024 1698 700
2046 1663 3118 1736 in seiner etwas verträumten Art ihre Höhen und Tiefen
987 1680 2058 1745 schmachtet hat — und was ich dir gestern sagte, daß
152 1662 988 1745 pellmeister Amadeus Adams hat mit der
2053 1720 3124 1793 durchwandelt, da schleichen sich immer melancholische
985 1733 2053 1799 ich mit ausgebreiteten Armen dastehe und mich sehne und
149 1730 992 1785 in Cäcilie eine Ehe geschlossen, die nur auf
2054 1769 3125 1831 Grundakkorde ein und in seinem Sinnen und Träumen
986 1774 2061 1855 warte, das ist wahr, so wahr, als ich hier vor dir stehe!
151 1784 987 1843 Wahrheit gegründet sein soll. Als beide mer¬
2053 1819 3128 1894 geht dem Wiener Dichter gerade eine Eigenschaft der
1007 1834 2048 1889 — Oder bist du so bescheiden geworden mit einemmale,
153 1832 974 1904 adeus mit seiner Schülerin, der Opernsän¬
2051 1873 3126 1939 Wiener ab: die Leichtlebigkeit und Fröhlichkeit. Er ist
979 1873 2058 1953 daß dir ein Glück genügte, das zur selben Stunde sich
154 1877 978 1955 Moosheim, eein Verhältnis hat, und daß
2053 1924 3131 1991 Meister der dialogischen Novelle, ihn beherrscht die
982 1936 2053 1995 vielleicht aua, ein anderer hätte holen können, wenn
155 1935 983 2002 dem Fürsten Sigismund zu flirten scheint,
2047 1968 3130 2042 Stimmung, die er in feiner, mitunter berauschender
977 1979 2052 2045 er nur dagewesen wäre?“ Und nun scheiben beide wirk¬
151 1975 983 2060 beide ruhig dahin aus, daß jeder von ihnen
2050 2026 3128 2098 Eigenart wiederzugeben weiß, und die stets ihm höher
981 2033 2053 2095 lich von einander mit schmerzdurchzitterten Worten „Mir
162 2032 987 2105 ege gehen soll. Aus Ehegatten werden sie
2049 2061 3134 2138 steht als dramatische Technik und logische Folgerichtigkeit
990 2076 2053 2143 ist gerade so weh als dir“, sagt Cäcilie. „Aber eins fühle
161 2071 992 2148 den und leben als solche gemeinschaftlich
2043 2115 3128 2189 der Handlung. Und nur die letztere ist es, die die große
984 2140 2048 2188 ich eben stärker als du und das ist gut für uns beide:
156 2141 984 2208 rfort. Amadeus aber hat inzwischen seinen
2057 2163 3121 2243 Menge der Zuhörer befriedigt, während die feinen Fühl¬
984 2179 2052 2244 Wir sind einander so viel gewesen, Amadeus, daß wir
169 2189 986 2254 zur Gräfin ein Ende gemacht, und als
2052 2221 3135 2288 fäden folgerichtiger Empfindung, die oft zu überraschen¬
985 2235 2049 2299 uns die Erinnerung daran erhalten müssen“. In diesen
151 2227 983 2313 ach längerer Abwesenheit von einem Gast¬
2045 2271 3128 2352 dem Tun führen, ihr meist unbemerkt und unverständlich
986 2280 2053 2348 Schluß klingt wie aus der Ferne ein leiser Ton aus
161 2291 982 2355 in mit Ruhm und mit glänzenden Engage¬
2044 2325 2236 2403 bleiben.
986 2340 2060 2398 Ibsens „Nora“ in das Verhältnis der Ehegatten hinein;
161 2343 982 2406 ungen wieder in ihr Heim zurückkehrt, da
2127 2339 3132 2452 So wurde das Stück im ganzen mit zweifelhaftem
978 2382 2056 2441 hier ist zuviel Liebesphilosophie oder richtiger gesagt zu
253 2382 986 2442 wie umgewandelt. „Die, die heute
2044 2409 3130 2497 Erfolge ausgenommen, obwohl es wenigstens in der
990 2434 2050 2493 viel Sophisterei der Liebe, zu viel gekünstelte weibliche
150 2435 990 2498 ie Stimme, die ich nie gehört, Blicke, die
2056 2470 3131 2547 Hauptrolle vortrefflich gespielt worden ist. Schnitzlers
987 2477 2058 2547 Liebesempfindung, als daß die Trennung den Zuhörern
162 2485 987 2546 ind, eine Schönheit, die ich nicht kenne,
2056 2530 3123 2589 Dialog hat etwas an sich, das leicht gefangen nimmt:
980 2534 2047 2594 verständlich, diese Gefühlslogik überzeugend sein könnte,
163 2538 984 2604 schaffen ist, zu beglücken“. Und er wirbt
2058 2579 3129 2642 einen gewissen leichten Fluß trotz der vielen geistreichen
981 2580 2048 2642 trotz aller glänzenden und geistvollen Beredsamkeit, wo¬
184 2586 987 2658 seine Frau, wie um eine Geliebte. Sie
2062 2627 3133 2704 Gedanken und Sentenzen, woran er überreich ist. Das
975 2620 2057 2711 mit in seiner Weise Licht und Schatten über diese letzte
155 2629 991 2703 ch widerstrebend, seinem Begehren nach.
2045 2674 3138 2742 ganze Stück besteht eigentlich nur aus den drei großen
986 2691 2050 2759 Unterredung der Ehegatten verteilt werden. Und das
181 2694 994 2759 die Sinne zu einander fließen, so gleitet
2061 2725 3129 2792 Szenen der beiden Ehegatten, deren Hauptperson die
987 2734 2054 2797 liegt zunächst im Stosse selbst. Denn ieser enthält
162 2736 987 2795 r Seele nach, als wir ihnen gerade nach¬
2050 2767 3132 2857 Gattin Cäcilie ist und wenn diese von einer so hervor¬
986 2782 2057 2841 eigeutlich eine glänzende Lustspielidee. S#nitzler nennt
160 2782 993 2855 en“, mein: Alvertus, der Raisoneur des
2055 2828 3129 2891 ragenden Schauspielerin, wie Fräulein Medelsky, ge¬
987 2834 2066 2894 wohl das St#l eine Komödie: aber er hal das Problem
172 2839 993 2902 Amadeus aber, vollends als aus Fürst
2041 2882 3130 2956 sprochen wird, die neben der leichten Anmut der Rede
988 2888 2045 2943 ernst behandelt und mehr ins Tragische gezogen, wenn¬
174 2888 987 2951 Munde selbst di. Bestätigung erhält, daß
2055 2923 3126 2993 auch die tiefsten Seelenlaute so ausdrucksvoll und natür¬
990 2935 2061 2994 gleich er reichlich über Witz und Humor verfügt. Ein
171 2940 999 3013 Beziehungen zu ihm ohne Makel blieben,
2051 2963 3134 3045 lich wiederzugeben versteht, so müssen sie schon um ihrer
987 2984 2058 3040 schwermütiger Ton durchzieht das Ganze, der der lust¬
162 2980 1005 3064 iebe wieder aufgewacht und er will nun in
160 3037 3141 3105 iniger Ehegemeinschaft mit ihr weiter leben. spirlartigen Idee die leichten Flügel stutzt, daß es die selbst wirlen, mag man sich der eigentlichen Grundider
