3484 4384
259 137 1153 238 20. Zuischensniel
784 1357 1440 1480 Telephon 12801.
1114 1495 1294 1562 I
535 1527 1238 1621 „UDSERVER
362 1606 1446 1659 I. österr. behördl konz. Unternehmen für Zeitungs-Ausschnitte
554 1666 1275 1740 Wien, I., Concordiaplatz 4.
774 1726 1073 1796 Vertretungen
379 1769 1449 1839 in Berlin, Budapest. Chicago, Christiania, Genf, Kopenhagen.
373 1839 1458 1874 London, Madrid, Mailand, Minneapolis. New-Vork, Paris, Rom.
536 1861 1304 1917 San Francisco. Stockholm, St. Petersburg.
721 1898 1118 1972 (Quellgnangabe ohge Oéwühr)
370 1937 1075 2053 Ausschnitt aus:  22c
1065 2027 1337 2127 Cnted
383 2089 527 2134 vom:
555 2156 1436 2224 Teatro Filodrammatico. „L’ intermez¬
491 2217 1438 2278 125“ (Das Zwischensplel di A. Seindgler non
503 2259 1434 2309 P certamente un levoro di notevole valore
510 2301 1424 2383 artistlco. I dialoghl in generale sono sti
519 2362 1299 2430 racchlati e le scene riescono nolose.
548 2410 1435 2465 E' uno studio particolare dell' amblente
509 2458 1430 2532 famigliare di un direttore d’ orchestra la di
519 2507 1439 2562 cul moglie, una celebrata artista di canto,
518 2559 1426 2619 vuol punire le debolezze maritall „flirtando“
514 2613 1439 2668 con un principe straniero volendo perd tut¬
502 2656 1442 2730 tavia mantenere col marito speciall rapportl
503 2703 1135 2768 amichevoll in linea artistica.
559 2746 1433 2816 L’ autore In ogni modo non e rluscito a
513 2804 1434 2852 rendere la commedia ne scorrevole nè a de¬
518 2850 1434 2898 scrivere caratterl veritleri, ma delined ap¬
521 2914 1434 2961 pena caratteri Individuell lasciando anche
509 2952 1438 3006 la fine quanto mai scolorita, II lavoro non
513 3002 1286 3048 ebbe percid ehe mediocre successo.
548 3044 1446 3115 La compaguia viennese perd ci diede una
514 3106 1436 3180 esecuzlone accuratissima; la sig.a Liesen¬
519 3146 1431 3203 berg fu nelle vesti della protagonista eifi¬
512 3206 1434 3256 cacissima e fu bene coadluvata dall' attore
514 3242 1444 3308 D’Oberte degli altri esezutorl signori Dulno,
499 3291 901 3373 Doubal e Berger.
1335 129 1749 225 box 25/3
2088 106 3006 152 arz wegen einer Kontusion an der Bruft infolge
2055 159 3003 197 eines Schlages einer Wagendeichsel; der Facchin
2060 190 3006 251 Joachim Tommasini, wohnhaft in der Via
2058 235 3006 283 dei Toro Nr. 7, wegen eines bösartigen Bläschen¬
2062 298 3018 347 ausschlages; der fünfjährige Eugen Biecignaz
2047 335 3015 394 aus Monfalcone, welcher von einem ungeschickten
2060 375 3018 440 Radfahrer zu Boden geworfen wurde und bei
2048 424 3018 490 dem Sturz einen komplizierten Bruch des rechten
2054 474 3007 530 Beines davontrug; der 54jährige Taglöhner An¬
2051 527 3014 594 ton Viznovich wegen Brandwunden an ver¬
2070 564 2692 622 schiedenen Stellen des Körpers.
2183 665 2866 755 Theater und Konzerte.
2151 734 3014 806 Filodramatico. Man isi längst darüber
2063 791 3016 856 einig, daß Artur Schnitzler ein gründlicher
2067 840 3013 914 Kenner der Menschenscele ist und in seinen Bäh¬
2068 902 3014 952 henstücken bis in die Tiefen menschlicher Em¬
2062 940 3019 1003 pfindung dringt. Was er dabei enthüllt, berührt
2064 1000 3023 1050 nicht alle, die ihm überhaupt zu folgen gewillt
2063 1032 3019 1099 und auch fähig sind, angenehm. Seine Schlüsse
2074 1095 3021 1151 sind zuweilen paradox, seine Folgerungen über¬
2063 1128 3020 1191 schreiten die Grenzen konventioneller Auffassung,
2067 1184 3017 1249 sein eigenes Endurteil bleibt zweifelhaft. Das
2075 1220 3058 1291 Rütteln an den Schablonen unserer gesellschaft¬
2066 1259 3029 1339 lichen Anschauungen ist, wie es der Lauf des
2066 1330 3022 1379 öffentlichen Lebens mit sich bringe, Mode gewor¬
2057 1363 3026 1422 den; aber beileibe wollen sie die Leute nicht
2070 1416 3020 1476 eingestehen, doß, wenn das Alke stürzt und aus
2065 1468 3027 1518 den Ruinen neues Leben blühen soll, dies nicht
2075 1517 3025 1568 ein Wuchern des Unkrautes sein darf, auch kein
2063 1556 3014 1631 Ueberspinnen mit poctisch verkleidendem Epheu¬
2071 1613 3029 1666 geranke. Soziale Umwälzungen, die sich in den
2074 1663 3016 1714 letzten Johrzehnten mit wahrer Noturnolwendig¬
2062 1712 3020 1759 keit vollzogen, das Erstehen der Frauenfrage zu
2070 1747 3026 1809 einem nicht mehr abzuweisenden Prohleme, die
2068 1802 3031 1860 Hinfälligkeit mancher Bestimmungen der Ehe¬
2073 1839 3030 1906 gesetzgebung, alles das zusammen hat die Fragen
2072 1886 3029 1953 noch mehr verwirrt. Eines aber wird dabei nur
2071 1944 3034 2001 allzu leicht übersehen: die fittliche Aufgabe jedes
2076 2001 3024 2039 einzelnen, sich in diesen Fragen selbst ein klares
2079 2031 3022 2093 Urteil zu schaffen und dort, wo es angeht, das
2082 2078 3033 2145 Recht, Einfluß zu nehmen, als Pflicht zu erken¬
2072 2134 3020 2186 nen. Unseren Poeten bleibt es vorbehalten, in
2084 2191 3030 2244 die Wirrnisse hinein zu leuchten. Eine solche
2079 2230 3029 2273 Leushte ist Schnitzlers „Zwischenspiel“, das wir
2076 2267 3030 2329 gestern vom Wiener Novitäten=Ensemble schlecht
2074 2311 3040 2370 und recht dargestellt sohen. Das Stück ist kein
2078 2363 3026 2437 seichter und kein leichter Genuß — für viele
2081 2408 3023 2467 mag es Abeehaupt gar kein Genuß sein. Und
2085 2463 3028 2516 doch zählt es zu dem Besten, was in der letzten
2082 2510 3027 2572 Zeit zue ösychologischen Auffossung der Ehe zu¬
2080 2549 3030 2627 sommengetrogen wurde. Daß auch innerhalb der
2087 2593 3034 2667 gesellschaftlichen Normen, in dem Kleide einer
2089 2643 3045 2706 durchaus gesetzmäßigen Ehe eine frete Ehe be¬
2082 2693 3034 2762 stehen kann, hat Schnitzler hier darzustellen
2086 2749 3033 2816 versucht und die Wege gezeigt, wohin der Maon.
2086 2806 3032 2851 wohin die Frau dabei gerät. Wie geistreich das
2078 2842 3032 2904 Stück ist, zeige eine einzige Bemerkung: Wenn
2090 2883 3034 2954 nun der Fall umgekehrt gelegen wäre, nicht der
2083 2940 3038 2991 Kapellmeister Amadeus an die leichtlebige Opern¬
2091 2980 3043 3044 sängerin Friederike und dessen Frau, Cäcilie, an
2087 3017 3034 3089 einen wirklichen Kavalier geraten wären? Oher
2084 3078 3035 3144 sollte dies ausgeschlossen sein? So wie der Fall
2087 3121 3042 3189 im „Zwischenspiele“ liegt, mog man noc mit
2092 3178 3038 3229 Schnitzler rechten, aber man wird nicht leicht zu
2089 3225 3042 3282 einem anderen Ende kommen, will man nicht
2086 3258 3028 3322 geradezu banal werden. Frau Liesenberg,
2089 3311 3044 3383 der die Hauptrolle zugefallen war, spielte gestern
2082 3359 3034 3416 ganz ausgezeichnet. Aus Herr D'Olbert,
2091 3400 3043 3463 dessen Vielseitigkeit und unermüdlichen Eifer
2092 3449 3040 3511 man täglich rühmen muß, löste seine Aufgabe
2091 3492 3036 3569 als Gatte dieser unfrei=freien Ehe vortrefflic.
2094 3546 3047 3602 Auch Heren Daubal als Fürst Lohsenstein
2084 3599 3038 3653 gebürt ein Wort des Lobes. Das gestern etwas
2088 3657 3039 3707 zahlreichire Publikum spendete den Hauptdar¬
2089 3686 3042 3749 stellern lebhaften Beifoll, scheint aber über das
2100 3746 3040 3801 Stück selbst geteilter Meinung gewesen zu sein.
2093 3778 3039 3843 Sehr viel Heiterkeit weckte wieder der Bernstein¬
2092 3828 3049 3894 sche Einakter „Blau“. — Heute schließt Frau
2083 3873 3053 3944 Liesenberg vom Burgtheater ihr Gastspiel
