3436 4352
1341 208 1791 307 box 25/1
280 216 1280 313 20 Zuischensniel
967 1284 1551 1358 #zurn, wo jetzt anscheinend
1579 1327 1847 1383 unterliegen.
490 1319 1556 1409 jeder Ausweg verlegt und nur die Anwendung von
1987 1362 2628 1444 Eisenindustriegesell¬
1677 1371 1833 1434 (Pra
1599 1418 2633 1481 schaft.) Die Beschlüsse der außerordentlichen General¬
484 1444 1549 1493 aber das plötzliche Erwachen ihrer Sinnenwelt und
1570 1469 2638 1512 versammlung vom 15. April d. J., betreffend die Er¬
496 1493 1553 1556 seine die Männerherzen entzündende Kraft erschien
1584 1510 2646 1565 höhung des Aktienkapitals um 1°2 Millionen Kronen,
476 1537 1557 1591 zu matt. Auch singen sollte sie lieber nicht. Das
1573 1553 2639 1605 von 24·5 Millionen Kronen auf 25·7 Millionen Kronen,
489 1599 1550 1661 Stück hatte, wie vorauszusehen war, keinen Erfolg.
1573 1605 2640 1663 behufs Erwerbung der Libuschiner Werke, hat die be¬
1580 1640 2230 1705 hördliche Genehmigung erhalten.
474 1644 1551 1703 Nach dem ersten Aufzuge dankte für die Hervorrufe
484 1685 1564 1751 des Dichters der Regisseur, nachdem zweiten erschien
1667 1689 2636 1745 (Kapitalsvermehrung der Ungari¬
1601 1735 2398 1789 schen Handelsaktiengesellse
2504 1738 2581 1786 .)T
474 1740 1561 1797 er wiederholt selbst, nach dem dritten aber machte
1575 1777 2643 1836 Die Direktion der Ungarischen Handelsaktiengesellschaft
476 1788 1553 1837 sich der Widerspruch sehr merkbar Luft. Auch die
1568 1824 2638 1877 beschloß, der für den 28. d. einzuberufenden außeror¬
482 1838 1547 1898 glänzendste Aufführung wird das „Zwischenspiel“
1574 1867 2635 1921 dentlichen Generalversammlung eine Erhöhung des
478 1876 1548 1951 nicht auf der Bühne erhalten, denn ihm fehlt der
1585 1913 2639 1962 Aktienkapitals um vier Millionen Kronen, nämlich von
486 1922 865 1984 dramatische Nerv.
1574 1953 2641 2011 acht auf zwölf Millionen Kronen, durch Emission von
581 1983 1563 2032 „Komödie“ nennt Schnitzler sein Werk und schon in
1569 2007 2638 2055 10.000 Stück neuer Aktien im Nominalwerte von je
481 2010 1563 2088 dem einen Worte liegt eine Weltanschauung. Wie die
1573 2044 2639 2096 400 K. vorzuschlagen. Die neuen Aktien werden mit
486 2073 1549 2125 ganze neue Wiener Schule, von der Schnitzler allerdings
1567 2080 2638 2134 500 K. per Stück einzuzahlen sein und die hieraus
493 2125 1548 2176 merklich abzweigt, betrachtet er das Leben ironisch.
1567 2118 2642 2179 resultierenden Mehreinnahmen von einer Million Kronen
1564 2178 2636 2227 zur Erhöhung des Reservefonds der Gesellschaft ver¬
494 2167 1540 2230 „Wir spielen alle; wer das weiß, ist klug.“ Vielleicht.
1579 2215 2641 2260 wendet werden. Den bisherigen Aktionären wird das
490 2217 1549 2265 Nur schade, daß die Probe zugleich auch immer die
1576 2257 2637 2317 Optionsrecht derart eingeräumt, daß auf je vier alte
480 2267 1549 2329 Aufführung für uns ist. Wahrscheinlich deshalb gibt
1578 2295 2099 2363 Aktien eine neue entfällt.
486 2315 1551 2378 es in unserem Leben soviel Torheit und Irrtum und
1680 2342 2602 2397 (Erste österreichische Sparkasse.) B
484 2366 1544 2425 Mißklang. Selbst beim tiefsten Streben nach Er¬
1580 2379 2639 2442 der Ersten österreichischen Sparkasse wurden im September
476 2411 1550 2475 kenntnes und bei allem Ringen nach der Kunst, ver¬
1578 2432 2640 2477 von 28.749 Parteien 9,166.648 K. eingelegt und an 24.735
471 2460 1545 2519 greifen wir uns zuweilen in der Wahl der Mittel
1577 2470 2647 2506 Parteien 9,201.803 K. rückgezahlt. Der Stand des Inter¬
1572 2502 2642 2550 essenteneinlagekapitals betrug mit 30. September 508,219.673
479 2514 1547 2568 und irren vom Wege ab, der uns zum Ziele führt.
1576 2549 2646 2589 Kronen. Bei der Hypothekenliquidatur wurden im Sepiember
482 2546 1536 2615 „Das ist die verborgene Traurigkeit des Themas“,
1614 2588 2643 2633 976.347 K. zugezählt und ein Betrag von 1,152.825 K.
487 2602 1553 2660 von der Schnitzler einmal in diesem Stücke spricht.
1578 2628 2643 2675 rückgezahlt. Am Schlusse des Monats betrugen die sämtlich
479 2647 1558 2701 Mit seinem neuen Werke ist es ihm selbst nicht viel
1569 2662 2641 2715 aushaftenden Darlehen 256.634 K. Bei der Pfandbriefanstalt
1574 2703 2648 2747 wurden im September Hypothekardarlehen im Betrage von
488 2703 1556 2759 anders ergangen, wie es scheint. Aber wir sind
1584 2742 2633 2789 100.000 K. zugezählt und solche im Betrage von 8068 K.
487 2747 1548 2812 getrost, denn es ist voll der fruchtbarsten Verheißung
1575 2779 2642 2832 eingezahlt. Am Schlusse des Monats betrugen die sämtlich
488 2790 1545 2861 für die Zukunft. Sein letztes Stück ist nicht zugleich
1583 2818 2639 2873 aushaftenden Darlehen 20,171.553 K., der Tiloungs= und
491 2838 1554 2918 sein letztes Wort, wir halten es vielmehr nur für ein
1571 2848 2645 2903 Einlösungsfonds 613.722 K., die Pfandbriefe im Umlaufe
1580 2891 2645 2939 60jährig 20,785.200 K. Bei der Effekten= und Vorschußabtei¬
495 2884 825 2965 „Zwischenspiel“
1578 2927 2637 2972 lung der Ersten österreichischen Sparkasse wurden im September
983 2916 1527 3011 Dr. Theodor Gottlieb.
1592 2969 2645 3029 an Wechseln eskomptiert 32,714.698 K., einkassiert 28,411.920
1581 3005 1745 3058 Kronen.
1692 3056 1844 3155 22
2669 1295 2854 1371 rtereueroee
3075 1285 3389 1375 esehane en una u
2663 1360 3384 1418 Stille soll am Sonntage über der Stadt
2667 1402 3379 1474 Tagen der Woche unsagbar viele Krä
2664 1468 3380 1524 braucht im harten, blutigen Existenzkam
2658 1500 3381 1561 sehbare Armee von Arbeitern mobilisiert
2656 1552 3381 1613 Werte zu erzeugen, die alten Besitztümer
2665 1608 3393 1665 umzutauschen. Während der Staat frühe
2658 1650 3395 1706 nicht um das Bedürfnis der Märtyrer
2666 1702 3380 1753 Ringen kümmerte; während einst die Reg
2664 1749 3383 1813 los zuschauten, wie die Sorge um die N
2656 1801 3381 1859 die Enterbten des Glückes förmlich zerm
2658 1839 3388 1906 und Abertausende mit kalter Grausamk
2661 1900 3377 1950 wagen der brutalen Ausbeutung zertreten
2664 1942 3389 2002 aus der Sage wird lebendig — so gefällt
2659 1985 3390 2053 darin, die Menschen für eine unerwünsch
2652 2033 3381 2091 parieren, sie gewaltsam in ein Eden zu s
2667 2091 3371 2150 lichkeit kein Paradies ist, sondern wie
2662 2132 3389 2199 malten Bäumen, lackierten Sträuchern
2662 2177 3383 2246 Pappe besteht. Zuerst holzte man die Bä
2656 2229 3392 2298 aus und nun täuscht man eine steinige W#
2657 2280 3383 2335 halla vor, wo Wünschmädchen die Götter
2657 2322 3389 2391 hin Walküren die auf den Schlachtfel
2657 2373 3380 2442 Stücklein Brod gefallenen Helden tragen.
2763 2422 3379 2484 Man weicht den Lokalen mit Mädc
2717 2476 3386 2535 wir danken höflich aber auch eutsche
2669 2520 3388 2590 anderen „feschen“ Geister, die blendend un
2660 2576 3380 2632 Menge umschleichen. Auf England, der
2661 2618 3382 2688 Freiheit, wird verwiesen! Dort herrscht
2670 2677 3372 2730 und das dreieinige Königreich gedeiht
2671 2716 3382 2774 Sommerregen voll Blüten ergießt sich for
2666 2759 3379 2827 über Groß und Klein. Mit Verlaub, di
2662 2814 3383 2881 der Nähe ganz anders an. Die Sonn
2657 2852 3385 2910 Ueberbleibsel aus Old Englands Puritam
2658 2909 3385 2972 der einsichtigen, fortschrittsfreundlichen A
2668 2964 3385 3017 versteinerter Rest längstvergangener Tag
2653 3006 3397 3082 es am Sonntag nachts von den Lo#
