<?xml version="1.0" encoding="UTF-8" standalone="yes"?>
<PcGts xmlns="http://schema.primaresearch.org/PAGE/gts/pagecontent/2013-07-15" xmlns:xsi="http://www.w3.org/2001/XMLSchema-instance" xsi:schemaLocation="http://schema.primaresearch.org/PAGE/gts/pagecontent/2013-07-15 http://schema.primaresearch.org/PAGE/gts/pagecontent/2013-07-15/pagecontent.xsd">
    <Metadata>
        <Creator>prov=University of Rostock/Institute of Mathematics/CITlab/Gundram Leifert/gundram.leifert@uni-rostock.de:name=ONB_Newseye_GT_M1+(htr_id=10810)::::v=2.4.2
prov=University of Rostock/Institute of Mathematics/CITlab/Tobias Gruening/tobias.gruening@uni-rostock.de:name=de.uros.citlab.module.baseline2polygon.B2PSeamMultiOriented:v=2.4.2
prov=University of Rostock/Institute of Mathematics/CITlab/Tobias Gruening/tobias.gruening@uni-rostock.de:name=/mnt/transkribus/LA/DEA/URO/LA_news_onb_att.pb:de.uros.citlab.segmentation.CITlab_LA_ML:v=2.4.2
Transkribus</Creator>
        <Created>2019-10-07T11:19:33.533+02:00</Created>
        <LastChange>2019-10-08T03:04:05.015+02:00</LastChange>
        <TranskribusMetadata docId="223968" pageId="9496355" pageNr="54" tsid="16499595" status="IN_PROGRESS" userId="40391" imgUrl="https://files.transkribus.eu/Get?id=TFNSGKZUSTKINVLGYAAKJAGP&amp;fileType=view" xmlUrl="https://files.transkribus.eu/Get?id=EZRYMANOXKTHGKRJQEAIANDV" imageId="6186582"/>
    </Metadata>
    <Page imageFilename="223968_0054.jpeg" imageWidth="3484" imageHeight="4352">
        <ReadingOrder>
            <OrderedGroup id="ro_1711439498558" caption="Regions reading order">
                <RegionRefIndexed index="0" regionRef="r1"/>
                <RegionRefIndexed index="1" regionRef="r2"/>
            </OrderedGroup>
        </ReadingOrder>
        <TextRegion orientation="0.0" id="r1" custom="readingOrder {index:0;}">
            <Coords points="282,256 282,4181 2753,4181 2753,256"/>
            <TextLine id="r1l1" custom="readingOrder {index:0;}">
                <Coords points="1315,299 1433,312 1522,301 1545,322 1619,302 1699,302 1719,323 1781,306 1782,227 1761,223 1667,246 1635,219 1596,222 1558,254 1516,254 1493,241 1413,253 1375,220 1316,222"/>
                <Baseline points="1329,286 1354,287 1380,288 1406,289 1432,290 1458,290 1483,291 1509,291 1535,291 1561,292 1587,292 1613,292 1638,292 1664,292 1690,292 1716,291 1742,291 1768,290"/>
                <TextEquiv>
                    <Unicode>box 25/1</Unicode>
                </TextEquiv>
            </TextLine>
            <TextLine id="r1l2" custom="readingOrder {index:1;}">
                <Coords points="267,310 594,338 1188,315 1189,241 1133,228 897,253 541,227 472,261 352,211 269,218"/>
                <Baseline points="282,279 326,285 371,291 415,295 460,299 504,302 549,303 593,306 638,306 682,307 727,308 771,308 816,307 860,307 905,307 949,307 994,306 1038,307 1083,307 1127,308 1172,309"/>
                <TextEquiv>
                    <Unicode>20. Zuischenspiel</Unicode>
                </TextEquiv>
            </TextLine>
            <TextLine id="r1l3" custom="readingOrder {index:2;}">
                <Coords points="1512,481 2721,455 2720,390 2676,385 1511,392"/>
                <Baseline points="1525,456 1584,453 1643,452 1702,451 1761,450 1820,450 1879,450 1938,450 1997,451 2056,451 2116,451 2175,452 2234,452 2293,452 2352,452 2411,451 2470,451 2529,449 2588,448 2647,445 2707,443"/>
                <TextEquiv>
                    <Unicode>geben. Ist keines dieser Bande stark genug, dann scheidet</Unicode>
                </TextEquiv>
            </TextLine>
            <TextLine id="r1l4" custom="readingOrder {index:3;}">
                <Coords points="1513,500 2713,510 2713,454 1513,473"/>
                <Baseline points="1529,497 1587,498 1646,498 1704,499 1763,499 1821,500 1880,500 1938,501 1997,501 2055,501 2114,501 2172,501 2231,501 2289,501 2348,500 2406,500 2465,499 2523,498 2582,497 2640,496 2699,495"/>
                <TextEquiv>
                    <Unicode>(lieber schnell, ehe ihr zu des Bechers Neige gelangt. Klar,</Unicode>
                </TextEquiv>
            </TextLine>
            <TextLine id="r1l5" custom="readingOrder {index:4;}">
                <Coords points="442,551 749,536 1038,563 1171,535 1171,470 1121,461 826,458 732,498 590,458 443,471"/>
                <Baseline points="458,524 492,526 527,529 562,531 597,532 632,532 667,532 702,532 737,532 772,532 807,532 841,531 876,531 911,531 946,531 981,532 1016,533 1051,534 1086,535 1121,539 1156,541"/>
                <TextEquiv>
                    <Unicode>Ms Zwischenspiel.</Unicode>
                </TextEquiv>
            </TextLine>
            <TextLine id="r1l6" custom="readingOrder {index:5;}">
                <Coords points="1544,559 2712,555 2683,499 1544,503"/>
                <Baseline points="1559,544 1615,546 1672,547 1729,548 1786,549 1843,551 1900,551 1956,552 2013,553 2070,553 2127,553 2184,553 2241,553 2298,553 2354,552 2411,552 2468,551 2525,549 2582,548 2639,547 2696,545"/>
                <TextEquiv>
                    <Unicode>wie du es selbst heute noch nicht sehen kannst, sehe ich es,</Unicode>
                </TextEquiv>
            </TextLine>
            <TextLine id="r1l7" custom="readingOrder {index:6;}">
                <Coords points="362,590 2715,609 2565,544 362,561"/>
                <Baseline points="378,595 494,596 610,596 726,597 842,598 958,599 1074,600 1190,600 1306,601 1422,601 1539,602 1655,602 1771,602 1887,602 2003,602 2119,601 2235,600 2351,599 2467,597 2583,596 2700,593"/>
                <TextEquiv>
                    <Unicode>Eine neue dreiaktige Komödie von Artur Schnitzler. Urauf=) daß jener flüchtige Seligkeitstaumel, flüchtig, ob er nun</Unicode>
                </TextEquiv>
            </TextLine>
            <TextLine id="r1l8" custom="readingOrder {index:7;}">
                <Coords points="1545,657 2624,658 2710,645 2710,601 1545,609"/>
                <Baseline points="1559,647 1615,647 1672,646 1729,646 1786,646 1843,646 1899,646 1956,646 2013,646 2070,646 2127,646 2183,646 2240,646 2297,645 2354,645 2411,645 2467,644 2524,643 2581,642 2638,641 2695,639"/>
                <TextEquiv>
                    <Unicode>vier Jahre oder nur fünf Tage dauert, für euch vorbei ist.</Unicode>
                </TextEquiv>
            </TextLine>
            <TextLine id="r1l9" custom="readingOrder {index:8;}">
                <Coords points="366,665 1555,663 1534,607 367,609"/>
                <Baseline points="382,644 439,645 497,646 555,647 613,648 671,649 729,649 786,650 844,650 902,650 960,651 1018,651 1076,651 1134,651 1191,650 1249,650 1307,650 1365,650 1423,649 1481,649 1539,649"/>
                <TextEquiv>
                    <Unicode>führung im Wiener k. k. Hofburgtheater am 12. Oktober 1905.</Unicode>
                </TextEquiv>
            </TextLine>
            <TextLine id="r1l10" custom="readingOrder {index:9;}">
                <Coords points="1542,710 2695,707 2719,645 1542,659"/>
                <Baseline points="1556,694 1613,694 1670,694 1728,694 1785,694 1843,694 1900,694 1957,694 2015,693 2072,693 2130,693 2187,692 2244,692 2302,691 2359,691 2417,691 2474,691 2531,690 2589,690 2646,690 2704,690"/>
                <TextEquiv>
                    <Unicode>Allein gibt es ein Leben, das endloser Rausch ist? Jetzt gilt</Unicode>
                </TextEquiv>
            </TextLine>
            <TextLine id="r1l11" custom="readingOrder {index:10;}">
                <Coords points="447,721 1444,739 1544,733 1544,677 1287,654 447,692"/>
                <Baseline points="462,722 515,722 568,722 621,722 675,722 728,722 781,722 835,722 888,722 941,722 995,722 1048,722 1101,722 1154,721 1208,721 1261,721 1314,721 1368,720 1421,720 1474,719 1528,718"/>
                <TextEquiv>
                    <Unicode>Mit den gewöhnlichen Worten und üblichen Formeln</Unicode>
                </TextEquiv>
            </TextLine>
            <TextLine id="r1l12" custom="readingOrder {index:11;}">
                <Coords points="1545,742 2713,748 2687,698 1545,710"/>
                <Baseline points="1561,742 1617,742 1674,741 1731,741 1788,741 1845,741 1902,741 1958,741 2015,741 2072,741 2129,742 2186,742 2243,742 2300,742 2356,742 2413,742 2470,742 2527,741 2584,741 2641,740 2698,738"/>
                <TextEquiv>
                    <Unicode>es zur stilleren Wirklichkeit zu erwachen, zur unzertrenn¬</Unicode>
                </TextEquiv>
            </TextLine>
            <TextLine id="r1l13" custom="readingOrder {index:12;}">
                <Coords points="365,765 1538,789 1539,727 365,718"/>
                <Baseline points="381,767 438,768 495,769 552,769 609,770 666,771 723,771 780,772 837,773 894,773 952,774 1009,774 1066,774 1123,775 1180,775 1237,774 1294,774 1351,774 1408,773 1465,772 1523,770"/>
                <TextEquiv>
                    <Unicode>der Kritik läßt sich diesem Stück nicht beikommen. Du hast</Unicode>
                </TextEquiv>
            </TextLine>
            <TextLine id="r1l14" custom="readingOrder {index:13;}">
                <Coords points="1543,797 2714,801 2693,742 1543,747"/>
                <Baseline points="1557,789 1614,790 1671,791 1728,791 1785,791 1842,791 1899,791 1957,790 2014,790 2071,789 2128,789 2185,789 2242,788 2299,788 2357,788 2414,788 2471,788 2528,789 2585,790 2642,791 2700,792"/>
                <TextEquiv>
                    <Unicode>lichen Gemeinschaft, zur Erzeugung und Erziehung der</Unicode>
                </TextEquiv>
            </TextLine>
            <TextLine id="r1l15" custom="readingOrder {index:14;}">
                <Coords points="364,838 1432,840 1547,825 1547,775 364,794"/>
                <Baseline points="379,815 436,816 494,817 551,818 609,819 667,820 724,820 782,821 839,821 897,821 955,822 1012,822 1070,821 1127,821 1185,821 1243,821 1300,820 1358,819 1415,819 1473,818 1531,817"/>
                <TextEquiv>
                    <Unicode>es erlebt! Ich habe es auch erlebt. Wir alle haben es erlebt:</Unicode>
                </TextEquiv>
            </TextLine>
            <TextLine id="r1l16" custom="readingOrder {index:15;}">
                <Coords points="1543,861 2345,854 2389,837 2390,799 1543,797"/>
                <Baseline points="1558,833 1598,834 1639,835 1680,836 1721,837 1762,837 1803,838 1844,838 1885,839 1926,839 1967,839 2007,839 2048,839 2089,840 2130,840 2171,839 2212,839 2253,839 2294,839 2335,839 2376,839"/>
                <TextEquiv>
                    <Unicode>Kinder, zum Beistand fürs ganze Leben.</Unicode>
                </TextEquiv>
            </TextLine>
            <TextLine id="r1l17" custom="readingOrder {index:16;}">
                <Coords points="366,873 1551,887 1551,825 366,837"/>
                <Baseline points="381,866 438,867 496,868 554,870 612,870 669,871 727,872 785,872 843,872 900,872 958,872 1016,872 1074,872 1131,871 1189,871 1247,870 1305,870 1362,869 1420,868 1478,868 1536,867"/>
                <TextEquiv>
                    <Unicode>Gefühl, Neigung, Liebe, das kommt und geht, ohne nach</Unicode>
                </TextEquiv>
            </TextLine>
            <TextLine id="r1l18" custom="readingOrder {index:17;}">
                <Coords points="1625,883 2722,903 2722,844 2631,827 1625,856"/>
                <Baseline points="1639,883 1692,884 1746,885 1799,886 1853,887 1906,887 1960,888 2013,889 2067,889 2120,890 2174,890 2227,890 2281,890 2334,890 2388,890 2441,889 2495,889 2548,888 2602,887 2655,886 2709,885"/>
                <TextEquiv>
                    <Unicode>Ungeduldig, spöttisch lächelnd ging er. In den nächsten</Unicode>
                </TextEquiv>
            </TextLine>
            <TextLine id="r1l19" custom="readingOrder {index:18;}">
                <Coords points="372,917 1549,928 1549,878 1507,875 372,867"/>
                <Baseline points="387,916 444,917 501,917 559,918 616,918 673,919 731,919 788,919 845,919 903,920 960,920 1017,920 1075,919 1132,919 1189,919 1247,919 1304,918 1361,917 1419,917 1476,916 1534,915"/>
                <TextEquiv>
                    <Unicode>Gesetz oder Wille zu fragen. Nichts, gar nichts haben wir</Unicode>
                </TextEquiv>
            </TextLine>
            <TextLine id="r1l20" custom="readingOrder {index:19;}">
                <Coords points="1545,947 2725,935 2692,894 1545,885"/>
                <Baseline points="1561,933 1618,933 1676,934 1733,934 1791,935 1848,935 1906,936 1963,936 2021,937 2078,937 2136,937 2193,937 2251,937 2308,937 2366,937 2423,936 2481,936 2538,935 2596,934 2653,932 2711,931"/>
                <TextEquiv>
                    <Unicode>Monaten versuchte das Paar mit allen Mitteln modernen</Unicode>
                </TextEquiv>
            </TextLine>
            <TextLine id="r1l21" custom="readingOrder {index:20;}">
                <Coords points="355,955 455,987 1549,989 1528,921 355,920"/>
                <Baseline points="371,968 429,967 487,967 545,967 603,967 661,967 719,967 777,968 835,968 893,968 952,968 1010,968 1068,968 1126,968 1184,968 1242,968 1300,967 1358,967 1416,966 1474,965 1533,963"/>
                <TextEquiv>
                    <Unicode>dazu getan, weder Zeit noch Ort gewählt, und plötzlich ist</Unicode>
                </TextEquiv>
            </TextLine>
            <TextLine id="r1l22" custom="readingOrder {index:21;}">
                <Coords points="1551,988 2633,999 2734,984 2734,925 2571,958 1551,943"/>
                <Baseline points="1567,983 1624,983 1682,983 1739,983 1797,983 1855,983 1912,983 1970,983 2028,983 2085,983 2143,983 2201,983 2258,983 2316,984 2374,984 2431,983 2489,983 2547,983 2604,983 2662,982 2720,982"/>
                <TextEquiv>
                    <Unicode>Seelenraffinements die verlöschenden Flammen von neuem</Unicode>
                </TextEquiv>
            </TextLine>
            <TextLine id="r1l23" custom="readingOrder {index:22;}">
                <Coords points="361,1034 1541,1024 1541,985 1473,971 361,961"/>
                <Baseline points="375,1015 432,1015 490,1016 547,1016 605,1017 662,1017 720,1017 777,1017 835,1018 892,1018 950,1018 1008,1018 1065,1018 1123,1017 1180,1017 1238,1017 1295,1016 1353,1015 1410,1014 1468,1013 1526,1012"/>
                <TextEquiv>
                    <Unicode>die erste liebende Regung da. Drüben aber, weit drüben,</Unicode>
                </TextEquiv>
            </TextLine>
            <TextLine id="r1l24" custom="readingOrder {index:23;}">
                <Coords points="1545,1035 2722,1046 2722,990 1545,979"/>
                <Baseline points="1561,1032 1618,1032 1675,1032 1732,1032 1790,1032 1847,1032 1904,1032 1961,1032 2019,1032 2076,1033 2133,1033 2190,1033 2248,1033 2305,1033 2362,1033 2419,1033 2477,1032 2534,1032 2591,1032 2648,1031 2706,1030"/>
                <TextEquiv>
                    <Unicode>anzufachen. Doch aus der Asche loderte jetzt die Glut des</Unicode>
                </TextEquiv>
            </TextLine>
            <TextLine id="r1l25" custom="readingOrder {index:24;}">
                <Coords points="370,1071 1464,1079 1552,1063 1552,1022 369,1027"/>
                <Baseline points="384,1068 441,1068 499,1068 556,1067 614,1067 672,1067 729,1067 787,1066 845,1066 902,1066 960,1065 1018,1065 1075,1065 1133,1064 1191,1064 1248,1063 1306,1063 1364,1062 1421,1062 1479,1061 1537,1060"/>
                <TextEquiv>
                    <Unicode>auf der anderen, dunklen Seite, graut der Abend, schreckt</Unicode>
                </TextEquiv>
            </TextLine>
            <TextLine id="r1l26" custom="readingOrder {index:25;}">
                <Coords points="1547,1094 2620,1104 2724,1077 2724,1045 1547,1050"/>
                <Baseline points="1562,1084 1619,1082 1676,1081 1733,1081 1791,1080 1848,1080 1905,1081 1963,1081 2020,1081 2077,1082 2135,1083 2192,1083 2249,1084 2306,1085 2364,1085 2421,1085 2478,1085 2536,1085 2593,1084 2650,1083 2708,1082"/>
                <TextEquiv>
                    <Unicode>Hasses empor. O wie war es abscheulich, als der lang vor¬</Unicode>
                </TextEquiv>
            </TextLine>
            <TextLine id="r1l27" custom="readingOrder {index:26;}">
                <Coords points="359,1116 1550,1140 1550,1067 359,1060"/>
                <Baseline points="374,1116 432,1116 490,1116 548,1116 606,1116 664,1116 722,1116 780,1116 838,1115 896,1115 954,1115 1012,1114 1070,1114 1128,1114 1186,1114 1244,1113 1302,1113 1360,1112 1418,1112 1476,1112 1535,1111"/>
                <TextEquiv>
                    <Unicode>das Sterben einer Liebe. Jenei weint still ergeben vor sich</Unicode>
                </TextEquiv>
            </TextLine>
            <TextLine id="r1l28" custom="readingOrder {index:27;}">
                <Coords points="1549,1132 2616,1164 2722,1147 2723,1076 1549,1091"/>
                <Baseline points="1564,1127 1621,1128 1678,1128 1735,1129 1792,1129 1849,1130 1906,1130 1964,1130 2021,1130 2078,1131 2135,1131 2192,1131 2249,1131 2306,1131 2364,1131 2421,1131 2478,1130 2535,1130 2592,1130 2649,1130 2707,1130"/>
                <TextEquiv>
                    <Unicode>bereitete Bruch endlich mit Eclat erfolgte! O wie war das</Unicode>
                </TextEquiv>
            </TextLine>
            <TextLine id="r1l29" custom="readingOrder {index:28;}">
                <Coords points="361,1169 1553,1176 1553,1141 1387,1115 361,1122"/>
                <Baseline points="376,1167 434,1166 492,1165 550,1165 608,1164 666,1164 724,1163 782,1163 840,1163 898,1162 956,1162 1014,1162 1072,1162 1130,1162 1188,1162 1246,1162 1304,1162 1362,1162 1420,1162 1478,1161 1537,1161"/>
                <TextEquiv>
                    <Unicode>hin, ein zweiter knirscht in tobendem Trotz mit den Zähnen,</Unicode>
                </TextEquiv>
            </TextLine>
            <TextLine id="r1l30" custom="readingOrder {index:29;}">
                <Coords points="1546,1208 1718,1182 1892,1200 2136,1185 2136,1138 2104,1132 1868,1147 1547,1131"/>
                <Baseline points="1561,1179 1589,1178 1617,1178 1645,1177 1673,1177 1701,1177 1729,1177 1757,1178 1785,1178 1813,1179 1842,1179 1870,1180 1898,1180 1926,1180 1954,1180 1982,1180 2010,1179 2038,1179 2066,1178 2094,1176 2123,1175"/>
                <TextEquiv>
                    <Unicode>häßlich, brutal und gemein!</Unicode>
                </TextEquiv>
            </TextLine>
            <TextLine id="r1l31" custom="readingOrder {index:30;}">
                <Coords points="361,1219 1520,1224 1549,1165 360,1169"/>
                <Baseline points="375,1217 432,1216 490,1215 548,1215 606,1214 664,1214 722,1214 780,1213 838,1213 896,1213 954,1213 1011,1213 1069,1213 1127,1212 1185,1212 1243,1212 1301,1211 1359,1211 1417,1210 1475,1209 1533,1208"/>
                <TextEquiv>
                    <Unicode>ein dritter begießt das welkende Pflänzlein mit den tausend</Unicode>
                </TextEquiv>
            </TextLine>
            <TextLine id="r1l32" custom="readingOrder {index:31;}">
                <Coords points="1625,1224 1949,1255 2681,1239 2725,1233 2725,1159 1625,1186"/>
                <Baseline points="1641,1223 1694,1225 1747,1226 1801,1228 1854,1229 1908,1229 1961,1230 2015,1230 2068,1231 2122,1231 2175,1231 2228,1231 2282,1231 2335,1230 2389,1230 2442,1230 2496,1229 2549,1229 2603,1228 2656,1228 2710,1228"/>
                <TextEquiv>
                    <Unicode>Diese wahre Geschichte könnte fast Wort für Wort als</Unicode>
                </TextEquiv>
            </TextLine>
            <TextLine id="r1l33" custom="readingOrder {index:32;}">
                <Coords points="359,1280 1551,1267 1524,1217 359,1221"/>
                <Baseline points="373,1263 431,1263 489,1264 547,1264 605,1263 664,1263 722,1263 780,1262 838,1262 896,1261 955,1261 1013,1260 1071,1259 1129,1259 1187,1258 1246,1258 1304,1258 1362,1258 1420,1257 1478,1258 1537,1258"/>
                <TextEquiv>
                    <Unicode> Quellen der seligen Erinnerungen — umsonst! Sie können</Unicode>
                </TextEquiv>
            </TextLine>
            <TextLine id="r1l34" custom="readingOrder {index:33;}">
                <Coords points="1547,1293 2715,1290 2715,1231 1949,1253 1548,1219"/>
                <Baseline points="1562,1273 1618,1274 1675,1276 1732,1277 1789,1277 1846,1278 1903,1278 1959,1278 2016,1278 2073,1278 2130,1278 2187,1278 2244,1278 2301,1278 2357,1278 2414,1278 2471,1278 2528,1278 2585,1278 2642,1279 2699,1280"/>
                <TextEquiv>
                    <Unicode>Inhaltsangabe des „Zwischenspieles“ dienen. Das</Unicode>
                </TextEquiv>
            </TextLine>
            <TextLine id="r1l35" custom="readingOrder {index:34;}">
                <Coords points="370,1314 1402,1332 1540,1316 1540,1272 369,1282"/>
                <Baseline points="383,1310 440,1311 497,1311 554,1311 611,1311 668,1311 725,1310 782,1310 839,1310 896,1309 954,1309 1011,1308 1068,1308 1125,1308 1182,1308 1239,1308 1296,1308 1353,1308 1410,1308 1467,1309 1525,1310"/>
                <TextEquiv>
                    <Unicode>alle drei den Tod der Liebe nicht aufhalten, die nach uner¬</Unicode>
                </TextEquiv>
            </TextLine>
            <TextLine id="r1l36" custom="readingOrder {index:35;}">
                <Coords points="1546,1332 2728,1334 2693,1284 2434,1275 1546,1293"/>
                <Baseline points="1561,1325 1618,1326 1676,1327 1733,1327 1791,1328 1849,1328 1906,1328 1964,1329 2021,1329 2079,1329 2137,1329 2194,1328 2252,1328 2309,1328 2367,1328 2425,1327 2482,1327 2540,1327 2597,1326 2655,1326 2713,1325"/>
                <TextEquiv>
                    <Unicode>Merkwürdige aber an der erdichteten Komödie ist,</Unicode>
                </TextEquiv>
            </TextLine>
            <TextLine id="r1l37" custom="readingOrder {index:36;}">
                <Coords points="366,1362 1543,1368 1525,1312 366,1318"/>
                <Baseline points="382,1359 439,1360 496,1360 554,1361 611,1361 668,1361 726,1361 783,1361 840,1361 898,1361 955,1361 1012,1361 1070,1361 1127,1361 1184,1361 1242,1360 1299,1360 1356,1360 1414,1360 1471,1360 1529,1360"/>
                <TextEquiv>
                    <Unicode>forschlicher Fügung sterben muß. Gefühl, Neigung, Liebe,</Unicode>
                </TextEquiv>
            </TextLine>
            <TextLine id="r1l38" custom="readingOrder {index:37;}">
                <Coords points="1544,1382 2717,1389 2717,1336 2650,1330 1544,1326"/>
                <Baseline points="1557,1377 1614,1376 1671,1375 1728,1375 1786,1375 1843,1375 1900,1375 1958,1376 2015,1377 2072,1378 2130,1378 2187,1379 2244,1380 2301,1380 2359,1380 2416,1380 2473,1380 2531,1379 2588,1378 2645,1376 2703,1373"/>
                <TextEquiv>
                    <Unicode>daß nicht nur Held und Heldin, sondern auch der Dichter</Unicode>
                </TextEquiv>
            </TextLine>
            <TextLine id="r1l39" custom="readingOrder {index:38;}">
                <Coords points="362,1396 1551,1424 1515,1362 362,1360"/>
                <Baseline points="377,1411 435,1412 493,1412 551,1412 609,1412 667,1412 725,1412 783,1411 841,1410 899,1409 957,1409 1015,1408 1073,1407 1131,1407 1189,1406 1247,1406 1305,1406 1363,1406 1421,1407 1479,1408 1537,1410"/>
                <TextEquiv>
                    <Unicode>das wird, wächst und vergeht, indes Menschensatzung und</Unicode>
                </TextEquiv>
            </TextLine>
            <TextLine id="r1l40" custom="readingOrder {index:39;}">
                <Coords points="1549,1429 2723,1433 2694,1383 1550,1382"/>
                <Baseline points="1564,1427 1621,1425 1678,1424 1735,1423 1792,1422 1850,1422 1907,1422 1964,1423 2021,1423 2078,1424 2136,1425 2193,1426 2250,1427 2307,1427 2364,1428 2422,1428 2479,1428 2536,1427 2593,1426 2650,1424 2708,1422"/>
                <TextEquiv>
                    <Unicode>selber, er, der als Puppenspieler die unglaublich zerspal¬</Unicode>
                </TextEquiv>
            </TextLine>
            <TextLine id="r1l41" custom="readingOrder {index:40;}">
                <Coords points="356,1464 1203,1479 1203,1417 515,1411 356,1438"/>
                <Baseline points="371,1458 411,1458 452,1458 493,1458 534,1458 575,1458 616,1458 657,1458 698,1458 739,1457 780,1457 820,1457 861,1457 902,1457 943,1457 984,1456 1025,1456 1066,1456 1107,1456 1148,1455 1189,1455"/>
                <TextEquiv>
                    <Unicode>Menschenwille ohnmächtig beiseite stehen.</Unicode>
                </TextEquiv>
            </TextLine>
            <TextLine id="r1l42" custom="readingOrder {index:41;}">
                <Coords points="1550,1476 2729,1488 2706,1429 1550,1437"/>
                <Baseline points="1566,1476 1623,1474 1680,1473 1738,1472 1795,1471 1853,1471 1910,1471 1967,1471 2025,1471 2082,1472 2140,1472 2197,1473 2254,1473 2312,1474 2369,1474 2427,1474 2484,1474 2541,1474 2599,1473 2656,1472 2714,1471"/>
                <TextEquiv>
                    <Unicode>tenen, dünnen Fäden seiner Marionetten lenkt, diesen</Unicode>
                </TextEquiv>
            </TextLine>
            <TextLine id="r1l43" custom="readingOrder {index:42;}">
                <Coords points="460,1506 1548,1518 1548,1465 1350,1436 1103,1475 460,1468"/>
                <Baseline points="474,1503 527,1505 580,1506 633,1507 686,1508 739,1508 792,1509 845,1509 898,1509 951,1508 1004,1508 1057,1507 1110,1507 1163,1506 1216,1506 1269,1505 1322,1505 1375,1505 1428,1505 1481,1505 1534,1505"/>
                <TextEquiv>
                    <Unicode>Aber ich sagte ja schon: mit Worten, kühlen Theorien,</Unicode>
                </TextEquiv>
            </TextLine>
            <TextLine id="r1l44" custom="readingOrder {index:43;}">
                <Coords points="1555,1538 2726,1534 2726,1487 2590,1475 1555,1479"/>
                <Baseline points="1569,1525 1626,1523 1683,1522 1740,1521 1797,1520 1854,1520 1911,1519 1968,1519 2025,1519 2082,1519 2140,1520 2197,1520 2254,1520 2311,1520 2368,1521 2425,1521 2482,1521 2539,1521 2596,1521 2653,1520 2711,1520"/>
                <TextEquiv>
                    <Unicode>springenden Punkt, diese differencia specifica</Unicode>
                </TextEquiv>
            </TextLine>
            <TextLine id="r1l45" custom="readingOrder {index:44;}">
                <Coords points="366,1559 1454,1575 1542,1563 1542,1519 365,1497"/>
                <Baseline points="381,1556 438,1556 495,1555 553,1555 610,1555 667,1555 725,1555 782,1555 839,1555 897,1555 954,1555 1011,1555 1069,1555 1126,1555 1183,1555 1241,1555 1298,1555 1355,1554 1413,1553 1470,1553 1528,1552"/>
                <TextEquiv>
                    <Unicode>ist diesem Stück nicht beizukommen. Vielleicht kann ich's,</Unicode>
                </TextEquiv>
            </TextLine>
            <TextLine id="r1l46" custom="readingOrder {index:45;}">
                <Coords points="1561,1583 2714,1593 2737,1531 1560,1536"/>
                <Baseline points="1575,1577 1632,1575 1689,1574 1747,1573 1804,1572 1862,1571 1919,1571 1976,1571 2034,1571 2091,1571 2149,1571 2206,1571 2263,1571 2321,1571 2378,1571 2436,1571 2493,1571 2550,1570 2608,1570 2665,1569 2723,1568"/>
                <TextEquiv>
                    <Unicode>zwischen Liebe und Ehe nicht zu kennen scheint oder nicht</Unicode>
                </TextEquiv>
            </TextLine>
            <TextLine id="r1l47" custom="readingOrder {index:46;}">
                <Coords points="361,1624 1544,1615 1517,1559 361,1559"/>
                <Baseline points="375,1609 432,1608 490,1607 548,1606 605,1606 663,1606 721,1606 778,1606 836,1606 894,1606 952,1606 1009,1606 1067,1606 1125,1607 1182,1607 1240,1606 1298,1606 1355,1605 1413,1604 1471,1603 1529,1602"/>
                <TextEquiv>
                    <Unicode>indem ich eine kurze, selbsterlebte Geschichte erzähle: Ich</Unicode>
                </TextEquiv>
            </TextLine>
            <TextLine id="r1l48" custom="readingOrder {index:47;}">
                <Coords points="1551,1633 2566,1644 2737,1632 2737,1585 1551,1586"/>
                <Baseline points="1565,1622 1622,1621 1680,1620 1738,1620 1796,1619 1854,1619 1911,1619 1969,1619 2027,1620 2085,1620 2143,1620 2200,1621 2258,1621 2316,1621 2374,1621 2432,1622 2489,1622 2547,1622 2605,1621 2663,1621 2721,1620"/>
                <TextEquiv>
                    <Unicode>kennen will. Sein Held Amadeus Adams, der von Kainz</Unicode>
                </TextEquiv>
            </TextLine>
            <TextLine id="r1l49" custom="readingOrder {index:48;}">
                <Coords points="367,1659 1549,1659 1517,1609 367,1615"/>
                <Baseline points="381,1656 438,1655 496,1655 553,1654 611,1654 669,1654 726,1654 784,1654 841,1654 899,1654 957,1655 1014,1655 1072,1655 1129,1655 1187,1655 1245,1654 1302,1654 1360,1653 1417,1652 1475,1651 1533,1649"/>
                <TextEquiv>
                    <Unicode>kannte einmal einen jungen Musiker, der, verschlossen und</Unicode>
                </TextEquiv>
            </TextLine>
            <TextLine id="r1l50" custom="readingOrder {index:49;}">
                <Coords points="1560,1675 2618,1693 2727,1670 2727,1628 1560,1634"/>
                <Baseline points="1573,1673 1630,1672 1687,1671 1744,1671 1801,1670 1858,1670 1915,1670 1972,1670 2029,1671 2086,1671 2143,1671 2200,1672 2257,1672 2314,1672 2371,1672 2428,1672 2485,1672 2542,1672 2599,1671 2656,1670 2713,1669"/>
                <TextEquiv>
                    <Unicode>mit fast schöpferischer Kraft der Nachempfindung gespielt</Unicode>
                </TextEquiv>
            </TextLine>
            <TextLine id="r1l51" custom="readingOrder {index:50;}">
                <Coords points="364,1717 1482,1716 1549,1710 1549,1660 364,1682"/>
                <Baseline points="378,1709 435,1708 493,1707 551,1707 609,1707 667,1706 725,1706 782,1706 840,1706 898,1706 956,1706 1014,1706 1072,1705 1130,1705 1187,1705 1245,1704 1303,1704 1361,1703 1419,1702 1477,1700 1535,1699"/>
                <TextEquiv>
                    <Unicode>in sich gekehrt, nur der Kunst lebte, ein Grübler und</Unicode>
                </TextEquiv>
            </TextLine>
            <TextLine id="r1l52" custom="readingOrder {index:51;}">
                <Coords points="1546,1733 2725,1734 2726,1681 1546,1680"/>
                <Baseline points="1561,1716 1618,1717 1675,1717 1733,1717 1790,1717 1848,1718 1905,1718 1963,1718 2020,1719 2078,1719 2135,1719 2192,1719 2250,1720 2307,1720 2365,1720 2422,1719 2480,1719 2537,1718 2595,1718 2652,1717 2710,1716"/>
                <TextEquiv>
                    <Unicode>wurde, ist Kapellmeister und zugleich Komponist. Die Hel¬</Unicode>
                </TextEquiv>
            </TextLine>
            <TextLine id="r1l53" custom="readingOrder {index:52;}">
                <Coords points="362,1781 1535,1763 1553,1713 361,1731"/>
                <Baseline points="376,1758 434,1757 492,1757 550,1757 608,1756 666,1756 724,1755 782,1755 840,1754 898,1754 956,1753 1014,1752 1072,1752 1130,1751 1188,1751 1246,1751 1304,1750 1362,1750 1420,1750 1478,1750 1537,1750"/>
                <TextEquiv>
                    <Unicode>Träumer. Eines Tages sang eine berühmte Sängerin ein</Unicode>
                </TextEquiv>
            </TextLine>
            <TextLine id="r1l54" custom="readingOrder {index:53;}">
                <Coords points="1558,1774 2729,1768 2699,1724 1558,1726"/>
                <Baseline points="1574,1767 1631,1766 1688,1766 1745,1766 1802,1766 1859,1766 1916,1767 1973,1767 2030,1767 2087,1768 2144,1769 2201,1769 2258,1770 2315,1770 2372,1770 2429,1770 2486,1770 2543,1769 2600,1768 2657,1767 2715,1765"/>
                <TextEquiv>
                    <Unicode>din Cäcilie Adams=Ortenburg ist eine berühmte Opern¬</Unicode>
                </TextEquiv>
            </TextLine>
            <TextLine id="r1l55" custom="readingOrder {index:54;}">
                <Coords points="359,1807 1556,1821 1556,1759 359,1780"/>
                <Baseline points="373,1807 431,1805 489,1804 548,1803 606,1802 665,1802 723,1801 781,1801 840,1802 898,1802 957,1802 1015,1802 1073,1803 1132,1803 1190,1803 1249,1803 1307,1802 1365,1801 1424,1801 1482,1799 1541,1798"/>
                <TextEquiv>
                    <Unicode>paar seiner Lieder. Er kam, hörte und liebte. Und was er</Unicode>
                </TextEquiv>
            </TextLine>
            <TextLine id="r1l56" custom="readingOrder {index:55;}">
                <Coords points="1550,1829 2727,1837 2727,1766 1550,1773"/>
                <Baseline points="1564,1819 1621,1819 1678,1819 1736,1819 1793,1819 1851,1819 1908,1819 1965,1819 2023,1819 2080,1818 2138,1818 2195,1818 2252,1818 2310,1818 2367,1818 2425,1818 2482,1818 2539,1818 2597,1818 2654,1818 2712,1818"/>
                <TextEquiv>
                    <Unicode>sängerin. Alles trägt sich zu, wie in meiner Geschichte. Auch</Unicode>
                </TextEquiv>
            </TextLine>
            <TextLine id="r1l57" custom="readingOrder {index:56;}">
                <Coords points="373,1867 2724,1828 374,1820"/>
                <Baseline points="387,1860 503,1855 619,1852 735,1850 851,1850 967,1850 1083,1851 1199,1852 1315,1854 1431,1856 1547,1859 1663,1861 1779,1863 1895,1865 2011,1867 2127,1868 2243,1869 2359,1868 2475,1867 2591,1864 2708,1861"/>
                <TextEquiv>
                    <Unicode>gar nicht zu hoffen gewagt hatte, geschah, er wurde wieder= dieses Paar hat bei Abschluß des Traumes weder die Stärke</Unicode>
                </TextEquiv>
            </TextLine>
            <TextLine id="r1l58" custom="readingOrder {index:57;}">
                <Coords points="362,1938 447,1908 1547,1914 1547,1867 362,1879"/>
                <Baseline points="375,1911 432,1909 490,1906 548,1905 606,1903 664,1902 721,1901 779,1901 837,1900 895,1900 953,1900 1010,1900 1068,1900 1126,1900 1184,1900 1242,1901 1299,1901 1357,1901 1415,1901 1473,1901 1531,1900"/>
                <TextEquiv>
                    <Unicode>geliebt und erhört. Nun wurde der Sinnierer ein ganz</Unicode>
                </TextEquiv>
            </TextLine>
            <TextLine id="r1l59" custom="readingOrder {index:58;}">
                <Coords points="1554,1926 2707,1931 2739,1871 1554,1882"/>
                <Baseline points="1569,1914 1626,1915 1684,1915 1742,1916 1800,1916 1857,1916 1915,1917 1973,1917 2031,1917 2088,1916 2146,1916 2204,1916 2262,1916 2319,1916 2377,1915 2435,1915 2493,1915 2550,1914 2608,1914 2666,1914 2724,1914"/>
                <TextEquiv>
                    <Unicode>auseinanderzugehen, noch die Fähigkeit, ihr Verhältnis</Unicode>
                </TextEquiv>
            </TextLine>
            <TextLine id="r1l60" custom="readingOrder {index:59;}">
                <Coords points="362,1964 1551,1964 1550,1911 1350,1898 362,1929"/>
                <Baseline points="377,1957 434,1956 492,1956 550,1955 608,1954 666,1953 724,1953 782,1952 840,1952 898,1951 956,1951 1013,1950 1071,1950 1129,1949 1187,1949 1245,1949 1303,1949 1361,1949 1419,1949 1477,1949 1535,1949"/>
                <TextEquiv>
                    <Unicode>anderer Mensch: hell, klar, froh, lachend, leuchtend. Nie</Unicode>
                </TextEquiv>
            </TextLine>
            <TextLine id="r1l61" custom="readingOrder {index:60;}">
                <Coords points="1546,1975 2726,1974 2726,1930 2628,1921 1546,1919"/>
                <Baseline points="1561,1966 1618,1965 1675,1965 1733,1964 1790,1964 1848,1964 1905,1964 1963,1963 2020,1963 2078,1963 2135,1963 2192,1963 2250,1964 2307,1964 2365,1964 2422,1964 2480,1964 2537,1964 2595,1964 2652,1964 2710,1964"/>
                <TextEquiv>
                    <Unicode>auf die ruhigere — erkaltete erstarrte Lava ist fruchtbarer</Unicode>
                </TextEquiv>
            </TextLine>
            <TextLine id="r1l62" custom="readingOrder {index:61;}">
                <Coords points="371,1995 468,2025 1539,2010 1539,1960 1447,1948 371,1957"/>
                <Baseline points="387,2002 443,2002 500,2001 557,2000 614,2000 671,1999 728,1999 785,1999 842,1998 899,1998 956,1998 1012,1998 1069,1998 1126,1998 1183,1998 1240,1998 1297,1998 1354,1998 1411,1998 1468,1999 1525,1999"/>
                <TextEquiv>
                    <Unicode>hatten wir Wenigen, die er seiner Freundschaft würdigte,</Unicode>
                </TextEquiv>
            </TextLine>
            <TextLine id="r1l63" custom="readingOrder {index:62;}">
                <Coords points="1552,2017 2669,2031 2729,1972 1552,1979"/>
                <Baseline points="1567,2014 1624,2012 1681,2012 1739,2011 1796,2011 1853,2011 1911,2011 1968,2011 2025,2012 2083,2012 2140,2013 2197,2014 2255,2014 2312,2015 2369,2015 2427,2016 2484,2016 2541,2015 2599,2015 2656,2014 2714,2013"/>
                <TextEquiv>
                    <Unicode>Humus! — Ehebasis zu stellen. Sie beschließen, in unge¬</Unicode>
                </TextEquiv>
            </TextLine>
            <TextLine id="r1l64" custom="readingOrder {index:63;}">
                <Coords points="373,2066 1455,2065 1543,2056 1543,2012 372,2001"/>
                <Baseline points="387,2053 444,2051 501,2051 558,2050 615,2049 672,2049 729,2049 786,2049 843,2048 900,2048 958,2048 1015,2048 1072,2048 1129,2048 1186,2048 1243,2048 1300,2048 1357,2048 1414,2048 1471,2047 1529,2046"/>
                <TextEquiv>
                    <Unicode>ihn so gesehen. Im April war's, in einem wundervollen</Unicode>
                </TextEquiv>
            </TextLine>
            <TextLine id="r1l65" custom="readingOrder {index:64;}">
                <Coords points="1561,2073 2726,2073 2694,2020 2597,2014 1562,2020"/>
                <Baseline points="1576,2062 1632,2062 1689,2062 1746,2062 1803,2062 1860,2063 1916,2063 1973,2063 2030,2063 2087,2063 2144,2064 2200,2064 2257,2064 2314,2064 2371,2064 2428,2064 2484,2064 2541,2064 2598,2064 2655,2064 2712,2063"/>
                <TextEquiv>
                    <Unicode>schlechtlicher Kameradschaft weiter beisammen zu bleiben.</Unicode>
                </TextEquiv>
            </TextLine>
            <TextLine id="r1l66" custom="readingOrder {index:65;}">
                <Coords points="363,2098 1549,2101 1522,2051 363,2051"/>
                <Baseline points="377,2103 434,2102 492,2101 550,2101 608,2100 666,2099 724,2099 782,2099 840,2098 898,2098 956,2098 1013,2098 1071,2098 1129,2098 1187,2098 1245,2097 1303,2097 1361,2097 1419,2097 1477,2097 1535,2096"/>
                <TextEquiv>
                    <Unicode>Vorfrühling. Alle Knospen quollen. Auch des Freundes</Unicode>
                </TextEquiv>
            </TextLine>
            <TextLine id="r1l67" custom="readingOrder {index:66;}">
                <Coords points="1552,2108 2729,2119 2729,2074 2661,2069 1552,2078"/>
                <Baseline points="1566,2111 1623,2111 1680,2112 1738,2112 1795,2112 1853,2112 1910,2112 1967,2112 2025,2112 2082,2112 2140,2112 2197,2112 2254,2112 2312,2112 2369,2112 2427,2112 2484,2111 2541,2111 2599,2111 2656,2111 2714,2111"/>
                <TextEquiv>
                    <Unicode>Dabei lugt schon jedes nach einem neuen Traum aus. Der</Unicode>
                </TextEquiv>
            </TextLine>
            <TextLine id="r1l68" custom="readingOrder {index:67;}">
                <Coords points="367,2157 1547,2151 1546,2104 367,2098"/>
                <Baseline points="383,2155 440,2154 498,2153 555,2152 613,2151 670,2150 728,2150 785,2149 843,2149 900,2149 958,2149 1015,2149 1073,2149 1130,2149 1188,2149 1245,2149 1303,2149 1360,2148 1418,2148 1475,2148 1533,2147"/>
                <TextEquiv>
                    <Unicode>geheimste Kräfte blühten. Einen Tag nach dem andern</Unicode>
                </TextEquiv>
            </TextLine>
            <TextLine id="r1l69" custom="readingOrder {index:68;}">
                <Coords points="1548,2165 2536,2184 2731,2166 2731,2119 1548,2130"/>
                <Baseline points="1563,2161 1620,2161 1678,2161 1736,2162 1793,2162 1851,2162 1909,2162 1966,2162 2024,2162 2082,2162 2140,2162 2197,2162 2255,2162 2313,2162 2370,2162 2428,2162 2486,2161 2543,2161 2601,2160 2659,2159 2717,2158"/>
                <TextEquiv>
                    <Unicode>Mann findet ihn bei der Opernsängerin Gräfin Friederike</Unicode>
                </TextEquiv>
            </TextLine>
            <TextLine id="r1l70" custom="readingOrder {index:69;}">
                <Coords points="369,2209 1477,2211 1554,2198 1554,2145 368,2162"/>
                <Baseline points="382,2204 439,2202 497,2201 555,2200 613,2199 671,2198 729,2197 786,2197 844,2196 902,2196 960,2195 1018,2195 1076,2195 1134,2195 1191,2195 1249,2195 1307,2195 1365,2195 1423,2195 1481,2194 1539,2194"/>
                <TextEquiv>
                    <Unicode>konnte man ihn schon um 4 Uhr morgens in den sanften</Unicode>
                </TextEquiv>
            </TextLine>
            <TextLine id="r1l71" custom="readingOrder {index:70;}">
                <Coords points="1554,2223 2622,2208 2751,2241 2751,2155 1554,2167"/>
                <Baseline points="1569,2210 1627,2210 1685,2211 1744,2211 1802,2212 1861,2212 1919,2212 1977,2212 2036,2212 2094,2212 2153,2212 2211,2212 2269,2212 2328,2211 2386,2211 2445,2211 2503,2211 2561,2211 2620,2211 2678,2211 2737,2211"/>
                <TextEquiv>
                    <Unicode>Moosheim, die Frau in einem harmrosen Flirt mit dem</Unicode>
                </TextEquiv>
            </TextLine>
            <TextLine id="r1l72" custom="readingOrder {index:71;}">
                <Coords points="377,2259 1418,2265 1553,2252 1553,2199 377,2206"/>
                <Baseline points="391,2250 448,2251 505,2251 563,2250 620,2250 678,2250 735,2250 792,2249 850,2249 907,2248 965,2248 1022,2247 1079,2247 1137,2246 1194,2246 1252,2246 1309,2245 1366,2245 1424,2245 1481,2245 1539,2245"/>
                <TextEquiv>
                    <Unicode>Waldtälern rund um Wien herum antreffen, pfeifend,</Unicode>
                </TextEquiv>
            </TextLine>
            <TextLine id="r1l73" custom="readingOrder {index:72;}">
                <Coords points="1560,2269 2648,2282 2748,2273 2748,2211 1560,2218"/>
                <Baseline points="1574,2259 1631,2259 1689,2259 1747,2259 1805,2259 1863,2259 1921,2259 1979,2259 2037,2259 2095,2259 2153,2259 2210,2259 2268,2259 2326,2259 2384,2259 2442,2259 2500,2258 2558,2258 2616,2258 2674,2257 2732,2257"/>
                <TextEquiv>
                    <Unicode>Fürsten Siegmund Maradas=Lohsenstein. Da Schnitzler</Unicode>
                </TextEquiv>
            </TextLine>
            <TextLine id="r1l74" custom="readingOrder {index:73;}">
                <Coords points="371,2307 1547,2299 1547,2255 1494,2250 371,2251"/>
                <Baseline points="387,2301 444,2300 501,2299 558,2299 616,2298 673,2297 730,2297 787,2297 845,2296 902,2296 959,2296 1016,2295 1074,2295 1131,2295 1188,2295 1245,2294 1303,2294 1360,2294 1417,2294 1474,2293 1532,2293"/>
                <TextEquiv>
                    <Unicode>singend, glückschluchzend, schaffend. Nie war ihm seine Kunst</Unicode>
                </TextEquiv>
            </TextLine>
            <TextLine id="r1l75" custom="readingOrder {index:74;}">
                <Coords points="1563,2314 2666,2320 2749,2308 2749,2255 1563,2267"/>
                <Baseline points="1577,2306 1634,2307 1692,2307 1750,2308 1808,2308 1866,2309 1924,2309 1981,2309 2039,2309 2097,2310 2155,2310 2213,2310 2271,2310 2329,2310 2386,2309 2444,2309 2502,2308 2560,2308 2618,2307 2676,2306 2734,2305"/>
                <TextEquiv>
                    <Unicode>beharrlich Ehe und Liebesrausch identifiziert, so leben bei</Unicode>
                </TextEquiv>
            </TextLine>
            <TextLine id="r1l76" custom="readingOrder {index:75;}">
                <Coords points="375,2375 1531,2360 1552,2298 375,2310"/>
                <Baseline points="389,2350 446,2349 503,2348 561,2347 618,2346 676,2345 733,2345 790,2344 848,2344 905,2343 963,2343 1020,2343 1077,2343 1135,2343 1192,2342 1250,2342 1307,2343 1364,2343 1422,2343 1479,2343 1537,2343"/>
                <TextEquiv>
                    <Unicode>so leicht geworden. Gegen 8 Uhr kehrte er heim, kleidete sich</Unicode>
                </TextEquiv>
            </TextLine>
            <TextLine id="r1l77" custom="readingOrder {index:76;}">
                <Coords points="1552,2355 2743,2356 2743,2309 1552,2304"/>
                <Baseline points="1566,2353 1624,2355 1682,2355 1740,2357 1798,2357 1856,2358 1914,2358 1972,2358 2030,2359 2088,2359 2146,2359 2204,2359 2262,2358 2320,2358 2378,2358 2436,2358 2494,2357 2552,2357 2610,2357 2668,2356 2727,2356"/>
                <TextEquiv>
                    <Unicode>ihm Herr und Frau Adams jetzt als sehr wahrheitsliebende</Unicode>
                </TextEquiv>
            </TextLine>
            <TextLine id="r1l78" custom="readingOrder {index:77;}">
                <Coords points="372,2419 1472,2411 1557,2404 1557,2366 372,2372"/>
                <Baseline points="388,2400 445,2399 503,2399 560,2399 618,2398 676,2398 733,2398 791,2397 849,2397 906,2397 964,2397 1022,2397 1079,2396 1137,2396 1195,2396 1252,2395 1310,2395 1368,2395 1425,2394 1483,2394 1541,2393"/>
                <TextEquiv>
                    <Unicode>rasch um und holte sie ab, um sie zur Oper zu geleiten.</Unicode>
                </TextEquiv>
            </TextLine>
            <TextLine id="r1l79" custom="readingOrder {index:78;}">
                <Coords points="1551,2412 2748,2415 2724,2356 1551,2359"/>
                <Baseline points="1565,2403 1623,2404 1681,2405 1740,2405 1798,2406 1856,2407 1915,2407 1973,2407 2031,2408 2090,2408 2148,2408 2206,2408 2265,2407 2323,2407 2381,2407 2440,2406 2498,2406 2556,2405 2615,2405 2673,2405 2732,2404"/>
                <TextEquiv>
                    <Unicode>Freunde miteinander, der Mann aber steht mit der Gräfin</Unicode>
                </TextEquiv>
            </TextLine>
            <TextLine id="r1l80" custom="readingOrder {index:79;}">
                <Coords points="368,2447 1554,2450 1553,2397 368,2394"/>
                <Baseline points="384,2448 441,2446 499,2446 557,2444 615,2444 672,2444 730,2443 788,2443 846,2444 903,2444 961,2444 1019,2444 1077,2444 1134,2445 1192,2445 1250,2444 1308,2444 1365,2444 1423,2443 1481,2442 1539,2440"/>
                <TextEquiv>
                    <Unicode>War die Probe vorüber, dann gingen sie zusammen hinaus</Unicode>
                </TextEquiv>
            </TextLine>
            <TextLine id="r1l81" custom="readingOrder {index:80;}">
                <Coords points="1562,2467 2750,2470 2750,2411 1562,2417"/>
                <Baseline points="1576,2453 1633,2453 1691,2453 1749,2453 1807,2454 1865,2454 1923,2455 1981,2455 2039,2456 2097,2456 2155,2457 2212,2457 2270,2457 2328,2457 2386,2457 2444,2457 2502,2457 2560,2456 2618,2456 2676,2455 2734,2453"/>
                <TextEquiv>
                    <Unicode>die Frau (allerdings nur platonisch) mit dem Fürsten in</Unicode>
                </TextEquiv>
            </TextLine>
            <TextLine id="r1l82" custom="readingOrder {index:81;}">
                <Coords points="373,2503 2735,2521 2667,2456 373,2456"/>
                <Baseline points="387,2501 503,2498 620,2496 737,2494 853,2493 970,2493 1087,2493 1203,2494 1320,2496 1437,2497 1554,2499 1670,2500 1787,2502 1904,2504 2020,2505 2137,2506 2254,2507 2370,2507 2487,2507 2604,2506 2721,2504"/>
                <TextEquiv>
                    <Unicode>in den Frühling oder in eine Gemäldeausstellung oder einer Art Gewissensehe. Gerade dieses kompliziert: Verhält¬</Unicode>
                </TextEquiv>
            </TextLine>
            <TextLine id="r1l83" custom="readingOrder {index:82;}">
                <Coords points="377,2571 2740,2519 378,2512"/>
                <Baseline points="392,2552 508,2548 625,2545 741,2543 858,2543 975,2542 1091,2543 1208,2543 1324,2545 1441,2546 1558,2548 1674,2550 1791,2552 1907,2553 2024,2555 2141,2555 2257,2556 2374,2556 2490,2555 2607,2553 2724,2550"/>
                <TextEquiv>
                    <Unicode>sonstwohin. Den ganzen Nachmittag musizierten sie mit¬nis jedoch läßt dem Musikus seine Frau wieder begehrens¬</Unicode>
                </TextEquiv>
            </TextLine>
            <TextLine id="r1l84" custom="readingOrder {index:83;}">
                <Coords points="366,2600 2748,2628 2749,2557 366,2565"/>
                <Baseline points="380,2598 497,2596 615,2594 732,2593 850,2592 968,2593 1085,2593 1203,2594 1321,2595 1438,2597 1556,2598 1674,2600 1791,2601 1909,2603 2027,2604 2144,2605 2262,2606 2380,2606 2497,2606 2615,2605 2733,2603"/>
                <TextEquiv>
                    <Unicode>einander. Niemand verstand ihn so wie sie. Niemand sang wert erscheinen. Der einstige Gatte und jetzige Freund</Unicode>
                </TextEquiv>
            </TextLine>
            <TextLine id="r1l85" custom="readingOrder {index:84;}">
                <Coords points="383,2662 2752,2628 384,2603"/>
                <Baseline points="398,2647 515,2644 632,2642 749,2641 866,2640 983,2641 1100,2641 1217,2642 1334,2643 1451,2645 1568,2646 1685,2648 1802,2649 1919,2651 2036,2652 2153,2653 2270,2654 2387,2654 2504,2654 2621,2653 2738,2651"/>
                <TextEquiv>
                    <Unicode>seine Lieder so wie sie. Dafür studierte er wieder alle Rollen erobert sich mit bestrickenden Schmeichelworten für eine</Unicode>
                </TextEquiv>
            </TextLine>
            <TextLine id="r1l86" custom="readingOrder {index:85;}">
                <Coords points="382,2706 2260,2730 2752,2718 2753,2650 382,2662"/>
                <Baseline points="395,2700 512,2697 629,2694 746,2692 863,2691 980,2691 1097,2691 1214,2691 1331,2692 1448,2693 1566,2695 1683,2696 1800,2698 1917,2700 2034,2701 2151,2702 2268,2702 2385,2703 2502,2702 2619,2702 2737,2700"/>
                <TextEquiv>
                    <Unicode>mit ihr. So wie er verstand es kein Korrepetitor, ihre Nacht seine Gattenrechte wieder und bricht so die zwei</Unicode>
                </TextEquiv>
            </TextLine>
            <TextLine id="r1l87" custom="readingOrder {index:86;}">
                <Coords points="373,2750 1490,2755 1558,2746 1558,2695 372,2706"/>
                <Baseline points="387,2744 444,2744 502,2743 560,2743 618,2743 676,2743 734,2742 791,2742 849,2742 907,2742 965,2741 1023,2741 1081,2741 1139,2741 1196,2741 1254,2741 1312,2740 1370,2740 1428,2740 1486,2740 1544,2740"/>
                <TextEquiv>
                    <Unicode>reproduzierende Kraft bis zu den äußersten Grenzen</Unicode>
                </TextEquiv>
            </TextLine>
            <TextLine id="r1l88" custom="readingOrder {index:87;}">
                <Coords points="1566,2764 2752,2765 2728,2703 1567,2708"/>
                <Baseline points="1582,2748 1639,2748 1697,2749 1755,2749 1812,2750 1870,2750 1928,2750 1985,2750 2043,2751 2101,2751 2159,2751 2216,2751 2274,2751 2332,2751 2389,2750 2447,2750 2505,2750 2562,2750 2620,2750 2678,2749 2736,2749"/>
                <TextEquiv>
                    <Unicode>Gewissensehen. Die Folge dieses neuartigen Ehebruchs</Unicode>
                </TextEquiv>
            </TextLine>
            <TextLine id="r1l89" custom="readingOrder {index:88;}">
                <Coords points="370,2805 1556,2806 1555,2744 370,2749"/>
                <Baseline points="385,2794 442,2793 500,2793 558,2792 616,2792 674,2791 731,2791 789,2791 847,2791 905,2791 963,2791 1020,2791 1078,2791 1136,2790 1194,2790 1252,2790 1309,2789 1367,2789 1425,2788 1483,2787 1541,2786"/>
                <TextEquiv>
                    <Unicode>emporzutreiben. Waren sie beide mit eigener Arbeit</Unicode>
                </TextEquiv>
            </TextLine>
            <TextLine id="r1l90" custom="readingOrder {index:89;}">
                <Coords points="1557,2797 2748,2796 2707,2754 2524,2748 1557,2759"/>
                <Baseline points="1570,2797 1628,2798 1686,2798 1744,2799 1802,2799 1860,2799 1918,2799 1977,2800 2035,2800 2093,2800 2151,2800 2209,2800 2267,2800 2325,2800 2384,2800 2442,2799 2500,2799 2558,2799 2616,2799 2674,2800 2733,2800"/>
                <TextEquiv>
                    <Unicode>unter Eheleuten ist, daß sich der Ehemann, der seine Gräfin</Unicode>
                </TextEquiv>
            </TextLine>
            <TextLine id="r1l91" custom="readingOrder {index:90;}">
                <Coords points="366,2829 581,2866 1445,2853 1560,2846 1560,2802 365,2788"/>
                <Baseline points="380,2844 438,2843 496,2842 554,2842 613,2841 671,2841 729,2841 787,2840 846,2840 904,2840 962,2840 1020,2839 1079,2839 1137,2839 1195,2839 1253,2838 1312,2838 1370,2838 1428,2837 1486,2837 1545,2837"/>
                <TextEquiv>
                    <Unicode>weniger beschäftigt, dann geleitete er sie durch die Herr¬</Unicode>
                </TextEquiv>
            </TextLine>
            <TextLine id="r1l92" custom="readingOrder {index:91;}">
                <Coords points="1562,2853 2753,2876 2753,2790 1562,2809"/>
                <Baseline points="1576,2848 1634,2848 1692,2849 1750,2849 1808,2849 1866,2849 1924,2850 1982,2850 2040,2850 2098,2850 2157,2849 2215,2849 2273,2849 2331,2849 2389,2849 2447,2849 2505,2848 2563,2848 2621,2848 2679,2848 2738,2848"/>
                <TextEquiv>
                    <Unicode>ohnehin schon satt hat, neuerdings in seine Frau zu ver¬</Unicode>
                </TextEquiv>
            </TextLine>
            <TextLine id="r1l93" custom="readingOrder {index:92;}">
                <Coords points="368,2918 1535,2900 1556,2844 368,2853"/>
                <Baseline points="381,2893 439,2892 497,2892 555,2892 613,2892 671,2892 729,2892 787,2892 845,2892 903,2892 961,2892 1019,2892 1077,2892 1135,2891 1193,2891 1251,2891 1309,2890 1367,2890 1425,2890 1483,2889 1542,2888"/>
                <TextEquiv>
                    <Unicode>lichkeiten von Musik und Dichtung der toten Meister,</Unicode>
                </TextEquiv>
            </TextLine>
            <TextLine id="r1l94" custom="readingOrder {index:93;}">
                <Coords points="1567,2902 2706,2915 2744,2903 2744,2844 1567,2855"/>
                <Baseline points="1583,2897 1640,2896 1697,2896 1754,2896 1812,2896 1869,2896 1926,2896 1984,2897 2041,2897 2098,2897 2156,2897 2213,2897 2270,2897 2327,2898 2385,2898 2442,2897 2499,2897 2557,2897 2614,2896 2671,2896 2729,2895"/>
                <TextEquiv>
                    <Unicode>lieben glaubt und hocherfreut ist, als er aus zuverlässigem</Unicode>
                </TextEquiv>
            </TextLine>
            <TextLine id="r1l95" custom="readingOrder {index:94;}">
                <Coords points="371,2941 2512,2962 2751,2892 371,2917"/>
                <Baseline points="387,2943 504,2940 622,2939 739,2937 857,2937 974,2936 1092,2936 1209,2937 1327,2937 1444,2938 1562,2939 1679,2940 1797,2941 1914,2942 2032,2943 2149,2943 2267,2944 2384,2944 2502,2944 2619,2943 2737,2942"/>
                <TextEquiv>
                    <Unicode>denen er einmal gleich werden wollte. Den Abend verlebten Munde erfährt, daß zwischen dem Fürsten und seiner Frau</Unicode>
                </TextEquiv>
            </TextLine>
            <TextLine id="r1l96" custom="readingOrder {index:95;}">
                <Coords points="379,2994 1570,3001 1546,2934 379,2943"/>
                <Baseline points="393,2982 451,2983 509,2984 567,2985 625,2986 683,2986 741,2986 799,2987 857,2987 915,2987 973,2986 1031,2986 1089,2986 1147,2986 1205,2986 1263,2986 1321,2985 1379,2986 1437,2986 1495,2986 1554,2987"/>
                <TextEquiv>
                    <Unicode>sie im Theater, sei es, daß sie sang und er mit kritischer</Unicode>
                </TextEquiv>
            </TextLine>
            <TextLine id="r1l97" custom="readingOrder {index:96;}">
                <Coords points="1558,2997 2717,3007 2750,2948 1558,2961"/>
                <Baseline points="1572,2995 1630,2995 1688,2995 1746,2996 1804,2996 1863,2996 1921,2996 1979,2996 2037,2996 2095,2996 2154,2996 2212,2995 2270,2995 2328,2995 2386,2995 2445,2995 2503,2995 2561,2994 2619,2994 2677,2994 2736,2994"/>
                <TextEquiv>
                    <Unicode>nichts vorgefallen sei. Es wäre also alles gut. Die Basis</Unicode>
                </TextEquiv>
            </TextLine>
            <TextLine id="r1l98" custom="readingOrder {index:97;}">
                <Coords points="381,3054 2766,3042 381,2992"/>
                <Baseline points="395,3038 512,3036 630,3035 748,3034 866,3033 984,3033 1102,3033 1220,3034 1338,3035 1456,3036 1574,3037 1691,3037 1809,3039 1927,3040 2045,3041 2163,3042 2281,3042 2399,3043 2517,3043 2635,3043 2753,3043"/>
                <TextEquiv>
                    <Unicode>Andacht lauschte, sei es, daß sie beide andächtig=kritisch einer Ehe in meinem Sinne, welche der Hafen ist, in den?#</Unicode>
                </TextEquiv>
            </TextLine>
            <TextLine id="r1l99" custom="readingOrder {index:98;}">
                <Coords points="371,3089 424,3116 642,3086 1085,3096 1138,3087 1138,3046 713,3035 642,3056 577,3036 371,3057"/>
                <Baseline points="387,3082 423,3083 460,3083 497,3084 534,3084 571,3084 608,3084 644,3084 681,3084 718,3084 755,3084 792,3083 829,3083 866,3083 902,3082 939,3082 976,3082 1013,3082 1050,3082 1087,3082 1124,3082"/>
                <TextEquiv>
                    <Unicode>lauschten. O Feierzeit, o reiche Zeit!</Unicode>
                </TextEquiv>
            </TextLine>
            <TextLine id="r1l100" custom="readingOrder {index:99;}">
                <Coords points="1550,3115 2523,3091 2762,3122 2761,3043 1550,3029"/>
                <Baseline points="1563,3091 1622,3092 1681,3093 1740,3093 1799,3093 1858,3093 1917,3093 1977,3093 2036,3092 2095,3092 2154,3091 2213,3090 2272,3090 2331,3089 2391,3089 2450,3089 2509,3089 2568,3089 2627,3090 2686,3091 2746,3092"/>
                <TextEquiv>
                    <Unicode>man still auf gerettetem Boot heimkehet — wer mehr for¬</Unicode>
                </TextEquiv>
            </TextLine>
            <TextLine id="r1l101" custom="readingOrder {index:100;}">
                <Coords points="466,3143 1560,3152 1560,3076 466,3102"/>
                <Baseline points="480,3131 533,3132 586,3132 639,3133 692,3133 746,3133 799,3134 852,3134 905,3134 958,3134 1012,3134 1065,3134 1118,3134 1171,3134 1224,3134 1278,3133 1331,3133 1384,3133 1437,3132 1490,3132 1544,3131"/>
                <TextEquiv>
                    <Unicode>Ein Jahr später kam der Musiker, den wir alle fast</Unicode>
                </TextEquiv>
            </TextLine>
            <TextLine id="r1l102" custom="readingOrder {index:101;}">
                <Coords points="1567,3144 2755,3158 2755,3116 2649,3093 1567,3097"/>
                <Baseline points="1582,3140 1639,3140 1697,3140 1755,3140 1813,3140 1871,3140 1929,3140 1987,3140 2045,3140 2103,3140 2161,3140 2218,3140 2276,3140 2334,3140 2392,3140 2450,3140 2508,3139 2566,3139 2624,3139 2682,3138 2740,3138"/>
                <TextEquiv>
                    <Unicode>dert, muß scheitern —, einer Ehe, welche durch kleine Sei¬</Unicode>
                </TextEquiv>
            </TextLine>
            <TextLine id="r1l103" custom="readingOrder {index:102;}">
                <Coords points="380,3187 1556,3192 1556,3151 1459,3134 380,3139"/>
                <Baseline points="395,3185 452,3184 509,3184 567,3183 624,3183 682,3183 739,3183 796,3183 854,3182 911,3182 969,3182 1026,3182 1083,3182 1141,3182 1198,3182 1256,3182 1313,3182 1370,3182 1428,3181 1485,3181 1543,3180"/>
                <TextEquiv>
                    <Unicode>ganz aus den Augen verloren hatten, zu mir, seinem lang¬</Unicode>
                </TextEquiv>
            </TextLine>
            <TextLine id="r1l104" custom="readingOrder {index:103;}">
                <Coords points="1561,3199 2749,3211 2749,3149 2705,3146 1561,3143"/>
                <Baseline points="1577,3189 1634,3190 1692,3191 1750,3191 1808,3192 1866,3192 1924,3192 1982,3192 2040,3192 2098,3192 2156,3191 2213,3191 2271,3191 2329,3190 2387,3190 2445,3190 2503,3189 2561,3189 2619,3189 2677,3189 2735,3189"/>
                <TextEquiv>
                    <Unicode>tensprünge des Mannes nicht erschüttert werden kann,</Unicode>
                </TextEquiv>
            </TextLine>
            <TextLine id="r1l105" custom="readingOrder {index:104;}">
                <Coords points="367,3237 1552,3248 1552,3183 367,3207"/>
                <Baseline points="383,3238 440,3236 498,3235 556,3233 614,3232 672,3232 729,3232 787,3232 845,3232 903,3232 961,3232 1018,3233 1076,3233 1134,3233 1192,3233 1250,3233 1307,3233 1365,3232 1423,3231 1481,3230 1539,3228"/>
                <TextEquiv>
                    <Unicode>jährigen Freund, und klagte mir in leidenschaftlichen</Unicode>
                </TextEquiv>
            </TextLine>
            <TextLine id="r1l106" custom="readingOrder {index:105;}">
                <Coords points="1562,3240 2697,3255 2756,3243 2756,3187 1562,3195"/>
                <Baseline points="1576,3238 1634,3238 1692,3239 1750,3240 1809,3240 1867,3241 1925,3241 1983,3242 2042,3242 2100,3242 2158,3242 2216,3242 2275,3241 2333,3241 2391,3240 2449,3240 2508,3239 2566,3238 2624,3237 2682,3235 2741,3234"/>
                <TextEquiv>
                    <Unicode>wäre nach wie vor gegeben. Jetzt aber will Frau Cäcilie</Unicode>
                </TextEquiv>
            </TextLine>
            <TextLine id="r1l107" custom="readingOrder {index:106;}">
                <Coords points="369,3290 1551,3279 1551,3247 1472,3235 369,3243"/>
                <Baseline points="383,3285 440,3283 498,3282 556,3281 613,3280 671,3280 729,3280 786,3280 844,3280 902,3281 960,3281 1017,3281 1075,3282 1133,3282 1190,3282 1248,3282 1306,3281 1363,3281 1421,3280 1479,3278 1537,3276"/>
                <TextEquiv>
                    <Unicode>Worten ein bitteres Leid. Außerlich sei in seinen Beziehun¬</Unicode>
                </TextEquiv>
            </TextLine>
            <TextLine id="r1l108" custom="readingOrder {index:107;}">
                <Coords points="1557,3300 2693,3300 2763,3283 2763,3230 1557,3250"/>
                <Baseline points="1573,3286 1631,3287 1690,3287 1749,3287 1808,3287 1867,3287 1926,3287 1984,3287 2043,3287 2102,3287 2161,3287 2220,3286 2279,3286 2338,3286 2396,3286 2455,3286 2514,3286 2573,3285 2632,3285 2691,3285 2750,3285"/>
                <TextEquiv>
                    <Unicode>nicht mehr mittun. Alles Zureden und alle Bitten des Ka¬</Unicode>
                </TextEquiv>
            </TextLine>
            <TextLine id="r1l109" custom="readingOrder {index:108;}">
                <Coords points="373,3351 1555,3342 1555,3283 373,3298"/>
                <Baseline points="387,3337 444,3335 502,3334 559,3332 617,3331 675,3331 732,3330 790,3330 847,3330 905,3330 963,3330 1020,3330 1078,3330 1135,3330 1193,3330 1251,3330 1308,3330 1366,3329 1423,3329 1481,3328 1539,3327"/>
                <TextEquiv>
                    <Unicode>gen zu der geliebten Frau keine Anderung eingetreten. Sie</Unicode>
                </TextEquiv>
            </TextLine>
            <TextLine id="r1l110" custom="readingOrder {index:109;}">
                <Coords points="1558,3348 2758,3355 2734,3285 1558,3295"/>
                <Baseline points="1573,3339 1631,3338 1690,3337 1748,3337 1807,3336 1865,3336 1924,3336 1982,3336 2041,3336 2099,3336 2158,3337 2217,3337 2275,3337 2334,3337 2392,3337 2451,3337 2509,3337 2568,3336 2626,3336 2685,3335 2744,3334"/>
                <TextEquiv>
                    <Unicode>pellmeisters verhallen ungehört, und schmerzüberwältigt</Unicode>
                </TextEquiv>
            </TextLine>
            <TextLine id="r1l111" custom="readingOrder {index:110;}">
                <Coords points="385,3401 1541,3393 1558,3333 385,3345"/>
                <Baseline points="401,3386 458,3384 515,3383 572,3382 629,3380 686,3379 743,3379 801,3378 858,3378 915,3378 972,3377 1029,3377 1086,3378 1143,3378 1201,3378 1258,3378 1315,3378 1372,3378 1429,3378 1486,3378 1544,3378"/>
                <TextEquiv>
                    <Unicode>sänge noch immer seine Lieder, er korrepetiere noch immer</Unicode>
                </TextEquiv>
            </TextLine>
            <TextLine id="r1l112" custom="readingOrder {index:111;}">
                <Coords points="1560,3396 2754,3405 2754,3355 1559,3349"/>
                <Baseline points="1575,3389 1633,3387 1691,3387 1749,3386 1808,3385 1866,3384 1924,3384 1982,3383 2041,3383 2099,3383 2157,3383 2215,3382 2274,3383 2332,3383 2390,3383 2448,3383 2507,3383 2565,3384 2623,3384 2681,3385 2740,3385"/>
                <TextEquiv>
                    <Unicode>stürzt der Abgewiesene auf den Bahnhof, eine längere Tour¬</Unicode>
                </TextEquiv>
            </TextLine>
            <TextLine id="r1l113" custom="readingOrder {index:112;}">
                <Coords points="376,3436 1553,3436 1553,3386 376,3397"/>
                <Baseline points="391,3434 448,3433 505,3432 562,3431 620,3430 677,3430 734,3430 792,3429 849,3429 906,3429 964,3428 1021,3428 1078,3428 1135,3428 1193,3427 1250,3427 1307,3426 1365,3426 1422,3425 1479,3424 1537,3423"/>
                <TextEquiv>
                    <Unicode>jede Rolle mit ihr, sie läsen noch immer zusammen Goethe,</Unicode>
                </TextEquiv>
            </TextLine>
            <TextLine id="r1l114" custom="readingOrder {index:113;}">
                <Coords points="1565,3442 2756,3446 2756,3402 2703,3390 1565,3398"/>
                <Baseline points="1579,3433 1637,3434 1695,3434 1753,3434 1811,3434 1869,3434 1927,3434 1986,3434 2044,3433 2102,3433 2160,3433 2218,3433 2276,3432 2334,3432 2393,3432 2451,3432 2509,3432 2567,3433 2625,3433 2683,3433 2742,3434"/>
                <TextEquiv>
                    <Unicode>nee anzutreten. Cärilie aber sinkt unter heißen Tränen in</Unicode>
                </TextEquiv>
            </TextLine>
            <TextLine id="r1l115" custom="readingOrder {index:114;}">
                <Coords points="383,3498 1562,3494 1562,3438 1494,3430 383,3436"/>
                <Baseline points="397,3482 454,3481 512,3480 569,3480 627,3480 684,3479 742,3479 799,3479 857,3479 914,3478 972,3478 1029,3478 1087,3478 1144,3478 1202,3477 1259,3477 1317,3476 1374,3476 1432,3475 1489,3474 1547,3473"/>
                <TextEquiv>
                    <Unicode>sie lebten noch immer als Mann und Frau in freier Ge¬</Unicode>
                </TextEquiv>
            </TextLine>
            <TextLine id="r1l116" custom="readingOrder {index:115;}">
                <Coords points="1559,3481 2644,3497 2759,3444 1559,3449"/>
                <Baseline points="1575,3482 1633,3482 1691,3482 1750,3482 1808,3482 1867,3482 1925,3482 1983,3483 2042,3483 2100,3483 2159,3483 2217,3483 2275,3483 2334,3483 2392,3483 2451,3483 2509,3483 2567,3483 2626,3483 2684,3483 2743,3483"/>
                <TextEquiv>
                    <Unicode>ihrem verlassenen Heim zusammen, was Fräulein Witt</Unicode>
                </TextEquiv>
            </TextLine>
            <TextLine id="r1l117" custom="readingOrder {index:116;}">
                <Coords points="372,3536 1558,3531 1557,3484 1469,3472 372,3498"/>
                <Baseline points="387,3533 444,3532 502,3532 560,3531 618,3531 675,3530 733,3530 791,3529 849,3529 906,3529 964,3528 1022,3528 1080,3528 1137,3527 1195,3527 1253,3527 1311,3526 1368,3526 1426,3525 1484,3525 1542,3524"/>
                <TextEquiv>
                    <Unicode>wissensehe. Aber obwohl scheinbar jeglicher Anlaß zu einer</Unicode>
                </TextEquiv>
            </TextLine>
            <TextLine id="r1l118" custom="readingOrder {index:117;}">
                <Coords points="1565,3539 2754,3539 2753,3492 2700,3483 1565,3483"/>
                <Baseline points="1579,3529 1637,3530 1695,3531 1753,3533 1811,3533 1869,3534 1927,3534 1985,3534 2043,3533 2101,3533 2159,3532 2217,3532 2275,3531 2333,3531 2391,3530 2449,3530 2507,3529 2565,3529 2623,3529 2681,3529 2739,3530"/>
                <TextEquiv>
                    <Unicode>trrigerweise so darstellte, als sei sie in dreizehnter Stunde</Unicode>
                </TextEquiv>
            </TextLine>
            <TextLine id="r1l119" custom="readingOrder {index:118;}">
                <Coords points="378,3578 1560,3587 1560,3531 1507,3528 378,3537"/>
                <Baseline points="393,3580 450,3579 508,3578 565,3577 623,3576 681,3576 738,3576 796,3576 853,3576 911,3576 969,3576 1026,3575 1084,3575 1141,3575 1199,3575 1257,3575 1314,3574 1372,3574 1429,3573 1487,3572 1545,3571"/>
                <TextEquiv>
                    <Unicode>Anderung ihres Gefühlskomplexes fehle, empfänden sie</Unicode>
                </TextEquiv>
            </TextLine>
            <TextLine id="r1l120" custom="readingOrder {index:119;}">
                <Coords points="1561,3607 1718,3584 2296,3580 2295,3539 2210,3533 1561,3543"/>
                <Baseline points="1576,3576 1611,3577 1646,3578 1681,3579 1716,3579 1752,3580 1787,3580 1822,3580 1857,3580 1892,3580 1928,3580 1963,3579 1998,3579 2033,3579 2068,3579 2104,3578 2139,3578 2174,3578 2209,3578 2244,3577 2280,3577"/>
                <TextEquiv>
                    <Unicode>wieder anderen Sinnes geworden.</Unicode>
                </TextEquiv>
            </TextLine>
            <TextLine id="r1l121" custom="readingOrder {index:120;}">
                <Coords points="373,3634 1488,3640 1570,3619 1570,3580 373,3598"/>
                <Baseline points="389,3630 447,3629 505,3629 564,3628 622,3628 680,3627 739,3627 797,3627 855,3627 914,3627 972,3626 1030,3626 1089,3626 1147,3626 1205,3626 1264,3625 1322,3625 1380,3624 1439,3623 1497,3623 1556,3622"/>
                <TextEquiv>
                    <Unicode>eins wie das andere mit Schrecken, wie der betörende</Unicode>
                </TextEquiv>
            </TextLine>
            <TextLine id="r1l122" custom="readingOrder {index:121;}">
                <Coords points="1647,3641 2756,3652 2756,3572 1647,3594"/>
                <Baseline points="1661,3629 1715,3629 1769,3630 1823,3630 1877,3630 1931,3630 1985,3630 2039,3630 2093,3630 2147,3630 2201,3630 2255,3630 2309,3630 2363,3630 2417,3630 2471,3630 2525,3630 2579,3629 2633,3629 2687,3629 2741,3628"/>
                <TextEquiv>
                    <Unicode>Mit den üblichen Formeln läßt sich diese seltsame Welt</Unicode>
                </TextEquiv>
            </TextLine>
            <TextLine id="r1l123" custom="readingOrder {index:122;}">
                <Coords points="1569,3693 2660,3701 2760,3686 2760,3651 1663,3648 1568,3613"/>
                <Baseline points="1583,3678 1641,3678 1699,3679 1757,3679 1815,3679 1873,3679 1931,3679 1989,3679 2047,3678 2105,3678 2164,3678 2222,3677 2280,3677 2338,3677 2396,3676 2454,3676 2512,3676 2570,3676 2628,3676 2686,3676 2745,3677"/>
                <TextEquiv>
                    <Unicode>des „Zwischenspiels“ nicht abfertigen. Es besteht wohl kaum!</Unicode>
                </TextEquiv>
            </TextLine>
            <TextLine id="r1l124" custom="readingOrder {index:123;}">
                <Coords points="384,3696 1508,3692 1561,3680 1561,3630 384,3634"/>
                <Baseline points="400,3680 457,3680 514,3680 572,3680 629,3680 686,3680 744,3680 801,3680 858,3680 916,3680 973,3680 1030,3680 1088,3679 1145,3679 1202,3678 1260,3678 1317,3677 1374,3676 1432,3674 1489,3673 1547,3671"/>
                <TextEquiv>
                    <Unicode>Zauber, der sie bisher rmnfangen gehalten hätte, Stunde</Unicode>
                </TextEquiv>
            </TextLine>
            <TextLine id="r1l125" custom="readingOrder {index:124;}">
                <Coords points="389,3742 1360,3752 1563,3736 1563,3688 389,3692"/>
                <Baseline points="403,3727 460,3727 517,3728 574,3727 631,3727 689,3727 746,3726 803,3726 860,3725 917,3725 975,3724 1032,3724 1089,3723 1146,3722 1203,3722 1261,3721 1318,3721 1375,3721 1432,3720 1489,3720 1547,3720"/>
                <TextEquiv>
                    <Unicode>für Stunde schwächer würde, wie die unsägliche Ekstase ihrer</Unicode>
                </TextEquiv>
            </TextLine>
            <TextLine id="r1l126" custom="readingOrder {index:125;}">
                <Coords points="1567,3733 2750,3737 2750,3692 2696,3684 1567,3692"/>
                <Baseline points="1582,3731 1639,3730 1697,3729 1754,3728 1812,3728 1870,3727 1927,3727 1985,3727 2042,3727 2100,3728 2158,3728 2215,3728 2273,3728 2330,3728 2388,3728 2446,3728 2503,3728 2561,3727 2618,3727 2676,3726 2734,3725"/>
                <TextEquiv>
                    <Unicode>ein Zweifel, daß die außerordentlich subtile Dichtung ein</Unicode>
                </TextEquiv>
            </TextLine>
            <TextLine id="r1l127" custom="readingOrder {index:126;}">
                <Coords points="374,3788 1565,3785 1565,3737 374,3747"/>
                <Baseline points="387,3775 445,3775 503,3774 561,3774 619,3774 677,3773 735,3773 793,3773 851,3774 909,3774 968,3774 1026,3774 1084,3774 1142,3774 1200,3774 1258,3773 1316,3773 1374,3772 1432,3771 1490,3770 1549,3769"/>
                <TextEquiv>
                    <Unicode>Liebesgemeinsamkeit allmählich verblasse und wie ihr</Unicode>
                </TextEquiv>
            </TextLine>
            <TextLine id="r1l128" custom="readingOrder {index:127;}">
                <Coords points="1561,3789 2755,3781 2755,3734 2661,3728 1561,3727"/>
                <Baseline points="1577,3778 1635,3777 1693,3777 1751,3777 1809,3777 1868,3777 1926,3777 1984,3777 2042,3777 2100,3777 2159,3778 2217,3778 2275,3778 2333,3778 2391,3777 2450,3777 2508,3777 2566,3776 2624,3775 2682,3774 2741,3772"/>
                <TextEquiv>
                    <Unicode>schlechtes Theaterstück ist. Die vierfache Wurzel des Übels</Unicode>
                </TextEquiv>
            </TextLine>
            <TextLine id="r1l129" custom="readingOrder {index:128;}">
                <Coords points="1573,3832 2563,3848 2755,3835 2755,3782 1572,3791"/>
                <Baseline points="1586,3824 1643,3824 1701,3824 1759,3824 1816,3824 1874,3825 1932,3825 1989,3826 2047,3826 2105,3826 2163,3826 2220,3826 2278,3826 2336,3826 2393,3826 2451,3825 2509,3824 2566,3823 2624,3821 2682,3820 2740,3817"/>
                <TextEquiv>
                    <Unicode>erblicke ich erstens in der schon ausführlichst erörterten Sub¬</Unicode>
                </TextEquiv>
            </TextLine>
            <TextLine id="r1l130" custom="readingOrder {index:129;}">
                <Coords points="374,3841 1563,3839 1562,3780 1471,3772 374,3803"/>
                <Baseline points="389,3827 446,3827 504,3826 562,3826 620,3826 678,3826 736,3826 794,3826 852,3826 910,3826 968,3826 1025,3826 1083,3825 1141,3825 1199,3825 1257,3825 1315,3824 1373,3823 1431,3823 1489,3822 1547,3821"/>
                <TextEquiv>
                    <Unicode>großes, früher unausschöpflich scheinendes Glück in Nichts</Unicode>
                </TextEquiv>
            </TextLine>
            <TextLine id="r1l131" custom="readingOrder {index:130;}">
                <Coords points="377,3875 1480,3901 1568,3877 1568,3833 377,3843"/>
                <Baseline points="391,3876 449,3876 507,3876 565,3876 623,3875 681,3875 739,3875 797,3874 855,3874 913,3873 972,3873 1030,3873 1088,3872 1146,3872 1204,3872 1262,3871 1320,3871 1378,3871 1436,3870 1494,3870 1553,3870"/>
                <TextEquiv>
                    <Unicode>zerrinne. Wie das Fliehende halten? Wie das Veriorene</Unicode>
                </TextEquiv>
            </TextLine>
            <TextLine id="r1l132" custom="readingOrder {index:131;}">
                <Coords points="1561,3875 2687,3890 2758,3875 2758,3816 1561,3834"/>
                <Baseline points="1575,3875 1633,3875 1691,3875 1750,3875 1808,3875 1867,3875 1925,3875 1983,3876 2042,3876 2100,3876 2159,3876 2217,3876 2275,3876 2334,3875 2392,3875 2451,3874 2509,3874 2567,3873 2626,3872 2684,3870 2743,3869"/>
                <TextEquiv>
                    <Unicode>stitution von Liebe für Ehe; zweitens in dem Mangel</Unicode>
                </TextEquiv>
            </TextLine>
            <TextLine id="r1l133" custom="readingOrder {index:132;}">
                <Coords points="381,3933 717,3936 767,3926 767,3882 690,3874 675,3889 486,3879 380,3889"/>
                <Baseline points="394,3924 419,3923 445,3923 470,3923 496,3923 521,3923 547,3922 573,3922 598,3922 624,3922 649,3921 675,3921 700,3921 726,3920 752,3920"/>
                <TextEquiv>
                    <Unicode>wiedergewinnen?</Unicode>
                </TextEquiv>
            </TextLine>
            <TextLine id="r1l134" custom="readingOrder {index:133;}">
                <Coords points="1572,3933 2664,3941 2752,3932 2752,3879 1572,3883"/>
                <Baseline points="1588,3925 1645,3925 1702,3925 1760,3925 1817,3924 1875,3924 1932,3924 1990,3924 2047,3924 2105,3924 2162,3924 2219,3924 2277,3924 2334,3923 2392,3923 2449,3923 2507,3922 2564,3922 2622,3921 2679,3920 2737,3919"/>
                <TextEquiv>
                    <Unicode>irgendeiner Handlung, irgendeines Aufeinanderprallens</Unicode>
                </TextEquiv>
            </TextLine>
            <TextLine id="r1l135" custom="readingOrder {index:134;}">
                <Coords points="1575,3985 2764,3993 2764,3925 1575,3929"/>
                <Baseline points="1589,3973 1650,3973 1711,3972 1772,3972 1833,3972 1894,3972 1955,3972 2016,3972 2077,3972 2138,3972 2199,3972 2260,3973 2321,3973 2382,3973 2443,3972 2504,3972 2565,3972 2626,3971 2687,3971 2748,3970"/>
                <TextEquiv>
                    <Unicode>von Willensentladungen im ältesten Sinne. Es wird ge¬</Unicode>
                </TextEquiv>
            </TextLine>
            <TextLine id="r1l136" custom="readingOrder {index:135;}">
                <Coords points="481,3987 1560,3981 1559,3930 1459,3896 1035,3945 787,3911 693,3944 480,3931"/>
                <Baseline points="496,3973 548,3974 600,3975 653,3975 705,3975 758,3976 810,3976 862,3975 915,3975 967,3975 1020,3974 1072,3973 1124,3973 1177,3972 1229,3972 1282,3971 1334,3971 1386,3970 1439,3970 1491,3970 1544,3970"/>
                <TextEquiv>
                    <Unicode>Zu jener Zeit stand ich gerade vor dem Abschluß</Unicode>
                </TextEquiv>
            </TextLine>
            <TextLine id="r1l137" custom="readingOrder {index:136;}">
                <Coords points="1576,4033 2753,4021 2726,3974 1576,3983"/>
                <Baseline points="1590,4022 1647,4021 1704,4021 1762,4021 1819,4021 1877,4021 1934,4021 1991,4022 2049,4022 2106,4022 2164,4022 2221,4022 2278,4022 2336,4022 2393,4022 2451,4021 2508,4021 2565,4020 2623,4018 2680,4017 2738,4015"/>
                <TextEquiv>
                    <Unicode>redet und geredet und wieder geredet, Stimmungen kom¬</Unicode>
                </TextEquiv>
            </TextLine>
            <TextLine id="r1l138" custom="readingOrder {index:137;}">
                <Coords points="375,4033 1519,4034 1564,4028 1564,3984 375,3992"/>
                <Baseline points="391,4022 452,4023 513,4023 574,4023 635,4023 696,4022 757,4022 818,4022 879,4021 940,4021 1001,4021 1062,4020 1123,4020 1184,4020 1245,4020 1306,4020 1367,4021 1428,4022 1489,4022 1550,4024"/>
                <TextEquiv>
                    <Unicode>meiner juristischen Studien. Auf meinem Tische lag das</Unicode>
                </TextEquiv>
            </TextLine>
            <TextLine id="r1l139" custom="readingOrder {index:138;}">
                <Coords points="1564,4083 2761,4068 2726,4024 2628,4016 1564,4027"/>
                <Baseline points="1579,4072 1637,4072 1695,4072 1754,4072 1812,4072 1871,4072 1929,4072 1987,4072 2046,4071 2104,4071 2163,4071 2221,4071 2279,4071 2338,4070 2396,4070 2455,4069 2513,4069 2571,4068 2630,4068 2688,4067 2747,4066"/>
                <TextEquiv>
                    <Unicode>men, werden zergliedert und verwehen, es ist ein ewiges</Unicode>
                </TextEquiv>
            </TextLine>
            <TextLine id="r1l140" custom="readingOrder {index:139;}">
                <Coords points="382,4096 1570,4080 1570,4030 1470,4021 382,4025"/>
                <Baseline points="397,4067 458,4069 519,4070 580,4071 641,4072 702,4072 763,4073 824,4073 885,4074 946,4074 1007,4074 1068,4074 1129,4074 1190,4074 1251,4073 1312,4072 1373,4072 1434,4071 1495,4070 1556,4068"/>
                <TextEquiv>
                    <Unicode>allgemeine bürgerliche Gesetzbuch für das Kaisertum Öster¬</Unicode>
                </TextEquiv>
            </TextLine>
            <TextLine id="r1l141" custom="readingOrder {index:140;}">
                <Coords points="1571,4123 2703,4131 2762,4113 2762,4069 1570,4082"/>
                <Baseline points="1584,4120 1642,4120 1700,4120 1758,4120 1816,4120 1874,4120 1932,4120 1991,4120 2049,4120 2107,4120 2165,4120 2223,4120 2281,4120 2339,4119 2398,4119 2456,4119 2514,4118 2572,4118 2630,4117 2688,4116 2747,4114"/>
                <TextEquiv>
                    <Unicode>Auf und Nieder, in dem keiner weiß, was er will oder nicht</Unicode>
                </TextEquiv>
            </TextLine>
            <TextLine id="r1l142" custom="readingOrder {index:141;}">
                <Coords points="386,4126 1554,4141 1572,4070 386,4096"/>
                <Baseline points="400,4121 457,4120 515,4120 573,4119 631,4119 689,4120 747,4120 804,4120 862,4120 920,4121 978,4121 1036,4122 1094,4122 1152,4122 1209,4122 1267,4122 1325,4121 1383,4121 1441,4120 1499,4119 1557,4117"/>
                <TextEquiv>
                    <Unicode>reich. Ich griff danach, schlug es auf und las meinem</Unicode>
                </TextEquiv>
            </TextLine>
            <TextLine id="r1l143" custom="readingOrder {index:142;}">
                <Coords points="388,4172 2761,4199 2761,4114 388,4125"/>
                <Baseline points="401,4169 518,4168 635,4168 753,4168 870,4168 987,4168 1105,4168 1222,4169 1339,4169 1457,4169 1574,4169 1691,4170 1809,4170 1926,4169 2043,4169 2161,4169 2278,4168 2395,4167 2513,4166 2630,4164 2748,4162"/>
                <TextEquiv>
                    <Unicode>Freunde den zweiten Satz des § 44 vor: „In dem Ehe= will, ein rechtes Bild unserer zeitgenössischen Nervenmen¬</Unicode>
                </TextEquiv>
            </TextLine>
            <TextEquiv>
                <Unicode>box 25/1
20. Zuischenspiel
geben. Ist keines dieser Bande stark genug, dann scheidet
(lieber schnell, ehe ihr zu des Bechers Neige gelangt. Klar,
Ms Zwischenspiel.
wie du es selbst heute noch nicht sehen kannst, sehe ich es,
Eine neue dreiaktige Komödie von Artur Schnitzler. Urauf=) daß jener flüchtige Seligkeitstaumel, flüchtig, ob er nun
vier Jahre oder nur fünf Tage dauert, für euch vorbei ist.
führung im Wiener k. k. Hofburgtheater am 12. Oktober 1905.
Allein gibt es ein Leben, das endloser Rausch ist? Jetzt gilt
Mit den gewöhnlichen Worten und üblichen Formeln
es zur stilleren Wirklichkeit zu erwachen, zur unzertrenn¬
der Kritik läßt sich diesem Stück nicht beikommen. Du hast
lichen Gemeinschaft, zur Erzeugung und Erziehung der
es erlebt! Ich habe es auch erlebt. Wir alle haben es erlebt:
Kinder, zum Beistand fürs ganze Leben.
Gefühl, Neigung, Liebe, das kommt und geht, ohne nach
Ungeduldig, spöttisch lächelnd ging er. In den nächsten
Gesetz oder Wille zu fragen. Nichts, gar nichts haben wir
Monaten versuchte das Paar mit allen Mitteln modernen
dazu getan, weder Zeit noch Ort gewählt, und plötzlich ist
Seelenraffinements die verlöschenden Flammen von neuem
die erste liebende Regung da. Drüben aber, weit drüben,
anzufachen. Doch aus der Asche loderte jetzt die Glut des
auf der anderen, dunklen Seite, graut der Abend, schreckt
Hasses empor. O wie war es abscheulich, als der lang vor¬
das Sterben einer Liebe. Jenei weint still ergeben vor sich
bereitete Bruch endlich mit Eclat erfolgte! O wie war das
hin, ein zweiter knirscht in tobendem Trotz mit den Zähnen,
häßlich, brutal und gemein!
ein dritter begießt das welkende Pflänzlein mit den tausend
Diese wahre Geschichte könnte fast Wort für Wort als
 Quellen der seligen Erinnerungen — umsonst! Sie können
Inhaltsangabe des „Zwischenspieles“ dienen. Das
alle drei den Tod der Liebe nicht aufhalten, die nach uner¬
Merkwürdige aber an der erdichteten Komödie ist,
forschlicher Fügung sterben muß. Gefühl, Neigung, Liebe,
daß nicht nur Held und Heldin, sondern auch der Dichter
das wird, wächst und vergeht, indes Menschensatzung und
selber, er, der als Puppenspieler die unglaublich zerspal¬
Menschenwille ohnmächtig beiseite stehen.
tenen, dünnen Fäden seiner Marionetten lenkt, diesen
Aber ich sagte ja schon: mit Worten, kühlen Theorien,
springenden Punkt, diese differencia specifica
ist diesem Stück nicht beizukommen. Vielleicht kann ich's,
zwischen Liebe und Ehe nicht zu kennen scheint oder nicht
indem ich eine kurze, selbsterlebte Geschichte erzähle: Ich
kennen will. Sein Held Amadeus Adams, der von Kainz
kannte einmal einen jungen Musiker, der, verschlossen und
mit fast schöpferischer Kraft der Nachempfindung gespielt
in sich gekehrt, nur der Kunst lebte, ein Grübler und
wurde, ist Kapellmeister und zugleich Komponist. Die Hel¬
Träumer. Eines Tages sang eine berühmte Sängerin ein
din Cäcilie Adams=Ortenburg ist eine berühmte Opern¬
paar seiner Lieder. Er kam, hörte und liebte. Und was er
sängerin. Alles trägt sich zu, wie in meiner Geschichte. Auch
gar nicht zu hoffen gewagt hatte, geschah, er wurde wieder= dieses Paar hat bei Abschluß des Traumes weder die Stärke
geliebt und erhört. Nun wurde der Sinnierer ein ganz
auseinanderzugehen, noch die Fähigkeit, ihr Verhältnis
anderer Mensch: hell, klar, froh, lachend, leuchtend. Nie
auf die ruhigere — erkaltete erstarrte Lava ist fruchtbarer
hatten wir Wenigen, die er seiner Freundschaft würdigte,
Humus! — Ehebasis zu stellen. Sie beschließen, in unge¬
ihn so gesehen. Im April war's, in einem wundervollen
schlechtlicher Kameradschaft weiter beisammen zu bleiben.
Vorfrühling. Alle Knospen quollen. Auch des Freundes
Dabei lugt schon jedes nach einem neuen Traum aus. Der
geheimste Kräfte blühten. Einen Tag nach dem andern
Mann findet ihn bei der Opernsängerin Gräfin Friederike
konnte man ihn schon um 4 Uhr morgens in den sanften
Moosheim, die Frau in einem harmrosen Flirt mit dem
Waldtälern rund um Wien herum antreffen, pfeifend,
Fürsten Siegmund Maradas=Lohsenstein. Da Schnitzler
singend, glückschluchzend, schaffend. Nie war ihm seine Kunst
beharrlich Ehe und Liebesrausch identifiziert, so leben bei
so leicht geworden. Gegen 8 Uhr kehrte er heim, kleidete sich
ihm Herr und Frau Adams jetzt als sehr wahrheitsliebende
rasch um und holte sie ab, um sie zur Oper zu geleiten.
Freunde miteinander, der Mann aber steht mit der Gräfin
War die Probe vorüber, dann gingen sie zusammen hinaus
die Frau (allerdings nur platonisch) mit dem Fürsten in
in den Frühling oder in eine Gemäldeausstellung oder einer Art Gewissensehe. Gerade dieses kompliziert: Verhält¬
sonstwohin. Den ganzen Nachmittag musizierten sie mit¬nis jedoch läßt dem Musikus seine Frau wieder begehrens¬
einander. Niemand verstand ihn so wie sie. Niemand sang wert erscheinen. Der einstige Gatte und jetzige Freund
seine Lieder so wie sie. Dafür studierte er wieder alle Rollen erobert sich mit bestrickenden Schmeichelworten für eine
mit ihr. So wie er verstand es kein Korrepetitor, ihre Nacht seine Gattenrechte wieder und bricht so die zwei
reproduzierende Kraft bis zu den äußersten Grenzen
Gewissensehen. Die Folge dieses neuartigen Ehebruchs
emporzutreiben. Waren sie beide mit eigener Arbeit
unter Eheleuten ist, daß sich der Ehemann, der seine Gräfin
weniger beschäftigt, dann geleitete er sie durch die Herr¬
ohnehin schon satt hat, neuerdings in seine Frau zu ver¬
lichkeiten von Musik und Dichtung der toten Meister,
lieben glaubt und hocherfreut ist, als er aus zuverlässigem
denen er einmal gleich werden wollte. Den Abend verlebten Munde erfährt, daß zwischen dem Fürsten und seiner Frau
sie im Theater, sei es, daß sie sang und er mit kritischer
nichts vorgefallen sei. Es wäre also alles gut. Die Basis
Andacht lauschte, sei es, daß sie beide andächtig=kritisch einer Ehe in meinem Sinne, welche der Hafen ist, in den?#
lauschten. O Feierzeit, o reiche Zeit!
man still auf gerettetem Boot heimkehet — wer mehr for¬
Ein Jahr später kam der Musiker, den wir alle fast
dert, muß scheitern —, einer Ehe, welche durch kleine Sei¬
ganz aus den Augen verloren hatten, zu mir, seinem lang¬
tensprünge des Mannes nicht erschüttert werden kann,
jährigen Freund, und klagte mir in leidenschaftlichen
wäre nach wie vor gegeben. Jetzt aber will Frau Cäcilie
Worten ein bitteres Leid. Außerlich sei in seinen Beziehun¬
nicht mehr mittun. Alles Zureden und alle Bitten des Ka¬
gen zu der geliebten Frau keine Anderung eingetreten. Sie
pellmeisters verhallen ungehört, und schmerzüberwältigt
sänge noch immer seine Lieder, er korrepetiere noch immer
stürzt der Abgewiesene auf den Bahnhof, eine längere Tour¬
jede Rolle mit ihr, sie läsen noch immer zusammen Goethe,
nee anzutreten. Cärilie aber sinkt unter heißen Tränen in
sie lebten noch immer als Mann und Frau in freier Ge¬
ihrem verlassenen Heim zusammen, was Fräulein Witt
wissensehe. Aber obwohl scheinbar jeglicher Anlaß zu einer
trrigerweise so darstellte, als sei sie in dreizehnter Stunde
Anderung ihres Gefühlskomplexes fehle, empfänden sie
wieder anderen Sinnes geworden.
eins wie das andere mit Schrecken, wie der betörende
Mit den üblichen Formeln läßt sich diese seltsame Welt
des „Zwischenspiels“ nicht abfertigen. Es besteht wohl kaum!
Zauber, der sie bisher rmnfangen gehalten hätte, Stunde
für Stunde schwächer würde, wie die unsägliche Ekstase ihrer
ein Zweifel, daß die außerordentlich subtile Dichtung ein
Liebesgemeinsamkeit allmählich verblasse und wie ihr
schlechtes Theaterstück ist. Die vierfache Wurzel des Übels
erblicke ich erstens in der schon ausführlichst erörterten Sub¬
großes, früher unausschöpflich scheinendes Glück in Nichts
zerrinne. Wie das Fliehende halten? Wie das Veriorene
stitution von Liebe für Ehe; zweitens in dem Mangel
wiedergewinnen?
irgendeiner Handlung, irgendeines Aufeinanderprallens
von Willensentladungen im ältesten Sinne. Es wird ge¬
Zu jener Zeit stand ich gerade vor dem Abschluß
redet und geredet und wieder geredet, Stimmungen kom¬
meiner juristischen Studien. Auf meinem Tische lag das
men, werden zergliedert und verwehen, es ist ein ewiges
allgemeine bürgerliche Gesetzbuch für das Kaisertum Öster¬
Auf und Nieder, in dem keiner weiß, was er will oder nicht
reich. Ich griff danach, schlug es auf und las meinem
Freunde den zweiten Satz des § 44 vor: „In dem Ehe= will, ein rechtes Bild unserer zeitgenössischen Nervenmen¬</Unicode>
            </TextEquiv>
        </TextRegion>
        <TextRegion orientation="0.0" id="r2" custom="readingOrder {index:1;}">
            <Coords points="2731,426 2731,2223 3375,2223 3375,426"/>
            <TextLine id="r2l1" custom="readingOrder {index:0;}">
                <Coords points="2715,478 2850,448 3016,470 3225,443 3370,460 3369,401 3310,375 2715,401"/>
                <Baseline points="2731,449 2762,449 2793,450 2824,450 2855,450 2886,449 2917,449 2949,449 2980,449 3011,448 3042,448 3073,448 3104,447 3135,447 3167,447 3198,447 3229,447 3260,447 3291,448 3322,448 3354,449"/>
                <TextEquiv>
                    <Unicode>nialer Symphonien= und Opern</Unicode>
                </TextEquiv>
            </TextLine>
            <TextLine id="r2l2" custom="readingOrder {index:1;}">
                <Coords points="2716,504 3368,500 3368,461 3332,447 3226,442 3179,463 3138,442 3020,470 2716,460"/>
                <Baseline points="2732,498 2763,498 2794,498 2825,498 2856,498 2887,498 2918,498 2949,498 2980,498 3011,498 3043,498 3074,498 3105,497 3136,497 3167,497 3198,496 3229,496 3260,495 3291,495 3322,494 3354,493"/>
                <TextEquiv>
                    <Unicode>es hinnehmen, daß Amadeus=K</Unicode>
                </TextEquiv>
            </TextLine>
            <TextLine id="r2l3" custom="readingOrder {index:2;}">
                <Coords points="2718,554 3240,543 3311,572 3373,565 3372,501 3316,495 2718,509"/>
                <Baseline points="2732,547 2763,548 2794,548 2825,548 2857,549 2888,549 2919,549 2951,549 2982,549 3013,548 3045,548 3076,548 3107,547 3138,547 3170,547 3201,546 3232,545 3264,544 3295,544 3326,543 3358,542"/>
                <TextEquiv>
                    <Unicode>regung dadurch Ausdruck verle</Unicode>
                </TextEquiv>
            </TextLine>
            <TextLine id="r2l4" custom="readingOrder {index:3;}">
                <Coords points="2730,598 3155,610 3325,590 3370,616 3369,569 3272,547 2729,554"/>
                <Baseline points="2744,597 2774,597 2805,597 2835,597 2866,597 2896,597 2927,597 2957,596 2988,596 3018,596 3049,595 3080,595 3110,594 3141,594 3171,593 3202,593 3232,592 3263,591 3293,591 3324,590 3355,589"/>
                <TextEquiv>
                    <Unicode>Händen wild herumfahrend, e</Unicode>
                </TextEquiv>
            </TextLine>
            <TextLine id="r2l5" custom="readingOrder {index:4;}">
                <Coords points="2732,649 3369,645 3368,595 3324,590 3159,609 2731,599"/>
                <Baseline points="2746,648 2776,646 2806,645 2837,644 2867,643 2897,642 2928,641 2958,640 2988,640 3019,639 3049,639 3079,639 3110,639 3140,639 3170,639 3201,639 3231,639 3261,639 3292,640 3322,640 3353,641"/>
                <TextEquiv>
                    <Unicode>spielt. Zuerst erzählt man uns,</Unicode>
                </TextEquiv>
            </TextLine>
            <TextLine id="r2l6" custom="readingOrder {index:5;}">
                <Coords points="2720,695 3310,701 3342,689 3342,647 2720,657"/>
                <Baseline points="2735,694 2764,693 2794,692 2823,691 2853,690 2883,689 2912,689 2942,689 2971,690 3001,690 3031,690 3060,690 3090,691 3119,691 3149,691 3179,691 3208,690 3238,690 3267,688 3297,687 3327,685"/>
                <TextEquiv>
                    <Unicode>feiertsten Sopranistinnen der</Unicode>
                </TextEquiv>
            </TextLine>
            <TextLine id="r2l7" custom="readingOrder {index:6;}">
                <Coords points="2729,745 2873,759 2959,732 3000,762 3151,740 3248,754 3277,731 3339,754 3366,745 3366,692 2729,701"/>
                <Baseline points="2745,741 2775,740 2805,739 2835,739 2866,738 2896,738 2926,738 2957,738 2987,738 3017,739 3048,739 3078,739 3108,739 3138,739 3169,739 3199,738 3229,738 3260,737 3290,736 3320,735 3351,733"/>
                <TextEquiv>
                    <Unicode>hören wir Fräulein Witt mit</Unicode>
                </TextEquiv>
            </TextLine>
            <TextLine id="r2l8" custom="readingOrder {index:7;}">
                <Coords points="2723,794 2879,787 2967,807 2991,789 3124,803 3147,785 3168,802 3351,786 3350,745 3276,730 3229,754 2994,756 2964,733 2722,744"/>
                <Baseline points="2737,795 2768,793 2800,791 2831,789 2863,788 2894,787 2926,787 2957,787 2989,787 3020,788 3052,788 3083,788 3115,789 3146,789 3178,789 3209,788 3241,788 3272,786 3304,785 3336,782"/>
                <TextEquiv>
                    <Unicode>„Nicht mehr zu dir zu geh'n</Unicode>
                </TextEquiv>
            </TextLine>
            <TextLine id="r2l9" custom="readingOrder {index:8;}">
                <Coords points="2730,838 3322,838 3372,862 3373,800 2730,797"/>
                <Baseline points="2744,838 2774,836 2805,836 2836,835 2866,835 2897,835 2928,835 2958,835 2989,836 3020,836 3051,837 3081,838 3112,838 3143,839 3173,839 3204,839 3235,839 3265,838 3296,838 3327,836 3358,834"/>
                <TextEquiv>
                    <Unicode>dilettantisch singen. Kainzens K</Unicode>
                </TextEquiv>
            </TextLine>
            <TextLine id="r2l10" custom="readingOrder {index:9;}">
                <Coords points="2724,889 3367,918 3367,850 3323,838 2725,851"/>
                <Baseline points="2740,883 2770,883 2801,882 2831,882 2862,882 2893,882 2923,882 2954,882 2985,882 3015,883 3046,883 3077,883 3107,884 3138,884 3169,884 3199,885 3230,885 3261,885 3291,886 3322,886 3353,886"/>
                <TextEquiv>
                    <Unicode>Gesang, eines wirkt so grotesk,</Unicode>
                </TextEquiv>
            </TextLine>
            <TextLine id="r2l11" custom="readingOrder {index:10;}">
                <Coords points="2735,943 2767,957 2815,951 2829,939 3018,938 3018,903 2956,891 2735,890"/>
                <Baseline points="2750,929 2775,930 2800,930 2826,930 2851,930 2877,929 2902,929 2927,929 2953,929 2978,929 3004,929"/>
                <TextEquiv>
                    <Unicode>Augenblicken.</Unicode>
                </TextEquiv>
            </TextLine>
            <TextLine id="r2l12" custom="readingOrder {index:11;}">
                <Coords points="2804,985 2904,1003 3011,985 3137,1000 3211,980 3332,998 3362,989 3362,933 3170,938 3144,915 3052,912 2987,944 2804,949"/>
                <Baseline points="2819,978 2845,978 2871,979 2898,979 2924,979 2951,979 2977,980 3004,980 3030,980 3057,980 3083,980 3109,980 3136,980 3162,980 3189,980 3215,980 3242,980 3268,980 3295,980 3321,980 3348,980"/>
                <TextEquiv>
                    <Unicode>Schnitzler ist unser Bester.</Unicode>
                </TextEquiv>
            </TextLine>
            <TextLine id="r2l13" custom="readingOrder {index:12;}">
                <Coords points="2718,1039 3130,1035 3166,1053 3192,1035 3243,1050 3355,1035 3354,991 3331,988 2924,986 2886,1003 2803,974 2718,983"/>
                <Baseline points="2733,1032 2763,1031 2793,1031 2824,1031 2854,1030 2885,1030 2915,1030 2945,1030 2976,1031 3006,1031 3037,1031 3067,1031 3097,1031 3128,1031 3158,1031 3189,1031 3219,1031 3249,1030 3280,1030 3310,1029 3341,1028"/>
                <TextEquiv>
                    <Unicode>werden, daß solchen Mängeln</Unicode>
                </TextEquiv>
            </TextLine>
            <TextLine id="r2l14" custom="readingOrder {index:13;}">
                <Coords points="2724,1091 3264,1081 3326,1099 3385,1075 3384,1037 3331,1034 3252,1052 2724,1041"/>
                <Baseline points="2738,1088 2769,1085 2801,1082 2832,1081 2864,1080 2896,1079 2927,1079 2959,1079 2991,1080 3022,1080 3054,1081 3086,1082 3117,1082 3149,1083 3181,1083 3212,1083 3244,1083 3276,1082 3307,1080 3339,1079 3371,1077"/>
                <TextEquiv>
                    <Unicode>züge gegenüberstehen, die beson</Unicode>
                </TextEquiv>
            </TextLine>
            <TextLine id="r2l15" custom="readingOrder {index:14;}">
                <Coords points="2725,1144 3011,1127 3064,1147 3379,1145 3385,1077 2724,1091"/>
                <Baseline points="2739,1131 2770,1130 2802,1130 2833,1129 2865,1129 2897,1129 2928,1128 2960,1128 2991,1128 3023,1128 3055,1128 3086,1128 3118,1127 3149,1127 3181,1127 3213,1127 3244,1127 3276,1126 3307,1126 3339,1125 3371,1124"/>
                <TextEquiv>
                    <Unicode>Buch wird in einigen Wochen,</Unicode>
                </TextEquiv>
            </TextLine>
            <TextLine id="r2l16" custom="readingOrder {index:15;}">
                <Coords points="2722,1187 3386,1195 3385,1139 3367,1136 2722,1143"/>
                <Baseline points="2738,1180 2769,1180 2801,1181 2832,1181 2864,1181 2896,1181 2927,1181 2959,1180 2990,1180 3022,1179 3054,1179 3085,1178 3117,1178 3148,1177 3180,1177 3212,1176 3243,1176 3275,1176 3306,1176 3338,1176 3370,1176"/>
                <TextEquiv>
                    <Unicode>bei S. Fischer in Berlin ersch</Unicode>
                </TextEquiv>
            </TextLine>
            <TextLine id="r2l17" custom="readingOrder {index:16;}">
                <Coords points="2719,1257 2766,1232 3332,1239 3364,1230 3364,1186 2718,1189"/>
                <Baseline points="2733,1230 2763,1230 2794,1230 2825,1230 2856,1230 2887,1229 2917,1229 2948,1229 2979,1229 3010,1228 3041,1228 3071,1228 3102,1227 3133,1227 3164,1226 3195,1225 3225,1225 3256,1224 3287,1223 3318,1222 3349,1221"/>
                <TextEquiv>
                    <Unicode>tung kommen? „Zwischenspiel“</Unicode>
                </TextEquiv>
            </TextLine>
            <TextLine id="r2l18" custom="readingOrder {index:17;}">
                <Coords points="2732,1279 3378,1283 3378,1233 2732,1238"/>
                <Baseline points="2746,1278 2776,1277 2807,1276 2838,1276 2869,1275 2900,1275 2931,1275 2962,1275 2993,1275 3024,1276 3055,1276 3085,1276 3116,1276 3147,1276 3178,1276 3209,1276 3240,1276 3271,1275 3302,1274 3333,1273 3364,1272"/>
                <TextEquiv>
                    <Unicode>es nur einem Meister gelingt, v#</Unicode>
                </TextEquiv>
            </TextLine>
            <TextLine id="r2l19" custom="readingOrder {index:18;}">
                <Coords points="2732,1325 3130,1346 3248,1319 3363,1340 3380,1337 3381,1284 2732,1277"/>
                <Baseline points="2746,1326 2778,1325 2811,1323 2843,1323 2876,1322 2908,1322 2941,1323 2974,1323 3006,1323 3039,1324 3071,1324 3104,1325 3136,1325 3169,1325 3202,1325 3234,1325 3267,1325 3299,1324 3332,1323 3365,1321"/>
                <TextEquiv>
                    <Unicode>tails und metaphysischer Weis</Unicode>
                </TextEquiv>
            </TextLine>
            <TextLine id="r2l20" custom="readingOrder {index:19;}">
                <Coords points="2731,1388 3377,1377 3376,1326 3244,1318 3126,1342 2958,1319 2799,1344 2731,1323"/>
                <Baseline points="2746,1376 2776,1375 2807,1374 2838,1374 2869,1374 2900,1374 2931,1374 2961,1374 2992,1374 3023,1374 3054,1375 3085,1375 3116,1375 3147,1375 3177,1375 3208,1374 3239,1374 3270,1373 3301,1372 3332,1370 3363,1369"/>
                <TextEquiv>
                    <Unicode>großen Stiles, wie der „einsan</Unicode>
                </TextEquiv>
            </TextLine>
            <TextLine id="r2l21" custom="readingOrder {index:20;}">
                <Coords points="2734,1446 2911,1422 2938,1440 3035,1422 3351,1431 3380,1425 3380,1378 2734,1390"/>
                <Baseline points="2750,1419 2780,1419 2811,1419 2842,1419 2873,1420 2904,1420 2934,1420 2965,1421 2996,1421 3027,1421 3058,1422 3088,1422 3119,1422 3150,1422 3181,1422 3212,1421 3242,1420 3273,1420 3304,1419 3335,1417 3366,1415"/>
                <TextEquiv>
                    <Unicode>was ihr wollt, nur kein gutes </Unicode>
                </TextEquiv>
            </TextLine>
            <TextLine id="r2l22" custom="readingOrder {index:21;}">
                <Coords points="2795,1478 2972,1475 3034,1493 3267,1471 3379,1498 3379,1427 3338,1418 3249,1439 2795,1431"/>
                <Baseline points="2811,1472 2838,1472 2866,1471 2893,1471 2921,1471 2949,1471 2976,1471 3004,1471 3031,1471 3059,1471 3087,1471 3114,1471 3142,1471 3169,1471 3197,1471 3225,1471 3252,1471 3280,1471 3307,1471 3335,1470 3363,1469"/>
                <TextEquiv>
                    <Unicode>Dieser Ansicht waren auch</Unicode>
                </TextEquiv>
            </TextLine>
            <TextLine id="r2l23" custom="readingOrder {index:22;}">
                <Coords points="2731,1529 3359,1535 3358,1487 3264,1470 2916,1487 2730,1473"/>
                <Baseline points="2745,1521 2775,1521 2805,1521 2835,1521 2865,1521 2895,1521 2925,1521 2955,1521 2985,1521 3015,1520 3045,1520 3075,1520 3105,1520 3135,1520 3165,1520 3195,1519 3225,1519 3255,1519 3285,1518 3315,1518 3345,1517"/>
                <TextEquiv>
                    <Unicode>Burgtheaters, ein Publikum,</Unicode>
                </TextEquiv>
            </TextLine>
            <TextLine id="r2l24" custom="readingOrder {index:23;}">
                <Coords points="2730,1564 2845,1589 2945,1570 3323,1585 3376,1567 3375,1520 3143,1544 3042,1519 2730,1532"/>
                <Baseline points="2744,1571 2774,1571 2805,1571 2836,1571 2867,1571 2898,1570 2928,1570 2959,1569 2990,1569 3021,1568 3052,1567 3082,1567 3113,1566 3144,1566 3175,1565 3206,1565 3236,1564 3267,1564 3298,1564 3329,1564 3360,1565"/>
                <TextEquiv>
                    <Unicode>Schnitzler wohl der erklärteste</Unicode>
                </TextEquiv>
            </TextLine>
            <TextLine id="r2l25" custom="readingOrder {index:24;}">
                <Coords points="2736,1635 3164,1638 3329,1613 3359,1630 3382,1627 3382,1559 3323,1586 2945,1571 2845,1590 2736,1570"/>
                <Baseline points="2750,1621 2780,1620 2811,1619 2842,1619 2873,1618 2904,1618 2935,1618 2966,1618 2997,1618 3028,1618 3059,1618 3089,1618 3120,1618 3151,1618 3182,1617 3213,1617 3244,1617 3275,1616 3306,1615 3337,1615 3368,1614"/>
                <TextEquiv>
                    <Unicode>rend der Aufführung, einige H#</Unicode>
                </TextEquiv>
            </TextLine>
            <TextLine id="r2l26" custom="readingOrder {index:25;}">
                <Coords points="2740,1675 3386,1683 3385,1621 2739,1636"/>
                <Baseline points="2754,1668 2784,1667 2815,1666 2846,1666 2877,1666 2908,1666 2939,1666 2969,1666 3000,1666 3031,1666 3062,1666 3093,1666 3124,1666 3155,1666 3185,1666 3216,1665 3247,1665 3278,1664 3309,1664 3340,1663 3371,1661"/>
                <TextEquiv>
                    <Unicode>am Schluß Avplaus, von stärke</Unicode>
                </TextEquiv>
            </TextLine>
            <TextLine id="r2l27" custom="readingOrder {index:26;}">
                <Coords points="2731,1747 2870,1716 2961,1738 3141,1713 3253,1738 3386,1716 3385,1684 3347,1669 3161,1666 3029,1691 2828,1669 2731,1688"/>
                <Baseline points="2747,1720 2778,1719 2809,1718 2840,1718 2871,1717 2902,1717 2933,1716 2965,1716 2996,1716 3027,1715 3058,1715 3089,1715 3120,1715 3151,1714 3183,1714 3214,1714 3245,1714 3276,1713 3307,1713 3338,1713 3370,1712"/>
                <TextEquiv>
                    <Unicode>dieses Zischen war der ehrliche</Unicode>
                </TextEquiv>
            </TextLine>
            <TextLine id="r2l28" custom="readingOrder {index:27;}">
                <Coords points="2732,1768 2779,1785 2841,1767 2859,1784 2953,1765 3160,1783 3375,1769 3374,1719 3312,1716 3257,1741 3138,1713 3050,1737 2776,1723 2732,1744"/>
                <Baseline points="2747,1771 2777,1770 2808,1769 2838,1768 2869,1768 2900,1767 2930,1766 2961,1766 2992,1766 3022,1765 3053,1765 3084,1764 3114,1764 3145,1764 3176,1764 3206,1763 3237,1763 3268,1763 3298,1763 3329,1763 3360,1763"/>
                <TextEquiv>
                    <Unicode>eher pein= als lustvollen Gefü</Unicode>
                </TextEquiv>
            </TextLine>
            <TextLine id="r2l29" custom="readingOrder {index:28;}">
                <Coords points="2733,1812 2780,1832 3379,1827 3378,1765 2732,1767"/>
                <Baseline points="2749,1823 2779,1820 2810,1819 2841,1817 2872,1815 2903,1815 2933,1814 2964,1813 2995,1813 3026,1813 3057,1813 3087,1813 3118,1813 3149,1814 3180,1814 3211,1813 3241,1813 3272,1812 3303,1812 3334,1811 3365,1809"/>
                <TextEquiv>
                    <Unicode>erlösende Befriedigung die von t</Unicode>
                </TextEquiv>
            </TextLine>
            <TextLine id="r2l30" custom="readingOrder {index:29;}">
                <Coords points="2730,1887 2806,1862 2898,1885 3373,1870 3372,1829 3351,1823 2779,1833 2729,1816"/>
                <Baseline points="2745,1869 2775,1868 2806,1867 2837,1866 2867,1865 2898,1865 2929,1864 2959,1864 2990,1864 3021,1864 3052,1864 3082,1864 3113,1864 3144,1864 3174,1864 3205,1863 3236,1863 3266,1862 3297,1860 3328,1859 3359,1857"/>
                <TextEquiv>
                    <Unicode>in ungewissem Zwielicht dämm</Unicode>
                </TextEquiv>
            </TextLine>
            <TextLine id="r2l31" custom="readingOrder {index:30;}">
                <Coords points="2727,1928 3075,1933 3198,1910 3305,1932 3384,1920 3383,1864 2761,1872 2726,1890"/>
                <Baseline points="2741,1918 2772,1918 2803,1917 2835,1917 2866,1916 2898,1916 2929,1916 2960,1916 2992,1916 3023,1916 3055,1916 3086,1916 3117,1916 3149,1915 3180,1915 3212,1914 3243,1913 3274,1912 3306,1910 3337,1908 3369,1906"/>
                <TextEquiv>
                    <Unicode>verläßt. Zwischenspiel! Ich wün</Unicode>
                </TextEquiv>
            </TextLine>
            <TextLine id="r2l32" custom="readingOrder {index:31;}">
                <Coords points="2728,1988 2833,1965 2869,1988 2928,1966 3355,1969 3390,1957 3390,1919 2726,1929"/>
                <Baseline points="2743,1967 2774,1967 2806,1966 2837,1966 2869,1966 2901,1965 2932,1965 2964,1964 2995,1964 3027,1964 3059,1963 3090,1962 3122,1962 3153,1961 3185,1960 3217,1960 3248,1959 3280,1957 3311,1956 3343,1954 3375,1953"/>
                <TextEquiv>
                    <Unicode>den ich wie seine Kunst liebe und</Unicode>
                </TextEquiv>
            </TextLine>
            <TextLine id="r2l33" custom="readingOrder {index:32;}">
                <Coords points="2739,2036 2818,2018 2945,2030 2966,2012 3311,2025 3387,2006 3387,1959 2738,1980"/>
                <Baseline points="2753,2017 2784,2015 2815,2015 2846,2014 2877,2012 2908,2012 2939,2011 2970,2011 3001,2010 3032,2010 3063,2010 3094,2009 3125,2009 3156,2009 3187,2009 3218,2008 3249,2008 3280,2007 3311,2006 3342,2006 3373,2005"/>
                <TextEquiv>
                    <Unicode>Ziele, nach denen er seit einigen</Unicode>
                </TextEquiv>
            </TextLine>
            <TextLine id="r2l34" custom="readingOrder {index:33;}">
                <Coords points="2743,2074 3041,2079 3091,2061 3224,2083 3383,2063 3382,2004 3312,2023 2966,2012 2946,2030 2866,2016 2743,2035"/>
                <Baseline points="2757,2064 2787,2063 2818,2062 2848,2062 2879,2061 2909,2061 2940,2061 2970,2061 3001,2062 3031,2062 3062,2062 3092,2062 3123,2062 3153,2062 3184,2061 3214,2060 3245,2059 3275,2058 3306,2056 3336,2054 3367,2051"/>
                <TextEquiv>
                    <Unicode>und daß dieses „Zwischenspiel</Unicode>
                </TextEquiv>
            </TextLine>
            <TextLine id="r2l35" custom="readingOrder {index:34;}">
                <Coords points="2741,2132 2906,2119 3257,2141 3378,2125 3378,2072 2741,2073"/>
                <Baseline points="2757,2111 2787,2111 2817,2111 2847,2111 2878,2111 2908,2111 2938,2110 2969,2110 2999,2110 3029,2110 3060,2110 3090,2110 3120,2110 3150,2109 3181,2109 3211,2109 3241,2109 3272,2108 3302,2108 3332,2107 3363,2107"/>
                <TextEquiv>
                    <Unicode>Schaffen eben wirklich nicht n</Unicode>
                </TextEquiv>
            </TextLine>
            <TextLine id="r2l36" custom="readingOrder {index:35;}">
                <Coords points="2748,2190 2816,2189 2830,2174 2862,2167 2898,2167 2904,2173 2915,2167 2924,2175 2945,2175 2944,2128 2918,2128 2897,2117 2862,2129 2850,2120 2824,2130 2812,2121 2797,2127 2791,2121 2747,2125"/>
                <Baseline points="2761,2160 2789,2159 2817,2159 2845,2158 2873,2157 2901,2157 2930,2159"/>
                <TextEquiv>
                    <Unicode>bedeute.</Unicode>
                </TextEquiv>
            </TextLine>
            <TextLine id="r2l37" custom="readingOrder {index:36;}">
                <Coords points="2821,2225 2874,2233 2880,2227 2903,2230 2918,2216 2930,2216 2956,2238 3000,2242 3003,2156 2964,2155 2946,2173 2934,2172 2923,2160 2908,2172 2878,2165 2822,2175"/>
                <Baseline points="2837,2208 2862,2206 2887,2206 2912,2206 2937,2207 2962,2209 2987,2212"/>
                <TextEquiv>
                    <Unicode>Wien.</Unicode>
                </TextEquiv>
            </TextLine>
            <TextEquiv>
                <Unicode>nialer Symphonien= und Opern
es hinnehmen, daß Amadeus=K
regung dadurch Ausdruck verle
Händen wild herumfahrend, e
spielt. Zuerst erzählt man uns,
feiertsten Sopranistinnen der
hören wir Fräulein Witt mit
„Nicht mehr zu dir zu geh'n
dilettantisch singen. Kainzens K
Gesang, eines wirkt so grotesk,
Augenblicken.
Schnitzler ist unser Bester.
werden, daß solchen Mängeln
züge gegenüberstehen, die beson
Buch wird in einigen Wochen,
bei S. Fischer in Berlin ersch
tung kommen? „Zwischenspiel“
es nur einem Meister gelingt, v#
tails und metaphysischer Weis
großen Stiles, wie der „einsan
was ihr wollt, nur kein gutes 
Dieser Ansicht waren auch
Burgtheaters, ein Publikum,
Schnitzler wohl der erklärteste
rend der Aufführung, einige H#
am Schluß Avplaus, von stärke
dieses Zischen war der ehrliche
eher pein= als lustvollen Gefü
erlösende Befriedigung die von t
in ungewissem Zwielicht dämm
verläßt. Zwischenspiel! Ich wün
den ich wie seine Kunst liebe und
Ziele, nach denen er seit einigen
und daß dieses „Zwischenspiel
Schaffen eben wirklich nicht n
bedeute.
Wien.</Unicode>
            </TextEquiv>
        </TextRegion>
    </Page>
</PcGts>
