3436 4384
1279 138 1725 226 box 25/3
217 139 1117 243 20. Zuischensniel
1072 416 1450 512 Telephon 12801.
1251 519 1312 590 9
546 538 1276 641 „UDSEMVER
378 606 1457 691 I. österr. behördl konz. Unternehmen für Zeitungs-Ausschnitte
561 682 1291 760 Wien, I., Concordiaplatz 4.
772 748 1082 810 Vertretungen
381 796 1470 853 in Berlin, Budapest, Chicago, Christiania, Genf, Kopenhagen,
393 847 1472 896 London, Madrid, Mailand (inneapolis, New-Vork, Paris, Rom,
539 879 1319 929 San Francisco, Stockholm, St. Petersburg.
728 917 1137 984 (Quellenangabe ohne Gewähr)
380 979 1462 1073 AusschnittGHAZER TAGESPOST
780 1072 1040 1142 3. 12. 1305
395 1098 548 1147 vom:
795 1173 996 1251 Krain.
456 1241 1449 1314 Laibach, 1. Dezember. Deutsche Bühne. End¬
393 1297 1439 1360 lich erfreute nach längerer Pause ein literarisch
390 1358 1434 1407 wertvolleres Werk, Schnitzlers „Zwischenspiel“, das Pu¬
394 1404 1444 1465 blikum. Die Komödie, eine geistreiche Auseinandersetzung
386 1451 1444 1518 zwischen Gatten und Gattin, die der Ehe im gewöhnlichen
386 1499 1430 1560 Sinne des Wortes überdrüssig geworden sind und sie
394 1550 1434 1600 durch eine Art Freundschaftsvertrag ersetzen wollen, der
390 1603 1436 1653 schließlich kläglich in Brüche geht, fand eine verständnis¬
394 1648 1437 1704 volle Wiedergabe durch Herrn Kammauf und Fräulein
384 1700 1440 1778 Osten in den Hauptrollen und fesselte im hohen Maße
388 1750 1434 1811 das Interesse der Zuhörerschaft, die der Novität einen
389 1785 1453 1883 freundlichen Erfolg bereitete. Im Spielplane der nächsten
407 1886 1449 1991 Woche erscheint als interessante Novität das Schauspiel
415 1963 1190 2068 „Stein unter SteinenLenm
368 2057 1450 2163 I. österr. behördl. konz. Unternehmen für Zeitungs-Ausschnitte
544 2103 1270 2192 Wien, I., Concordiaplatz 4.
773 2192 1072 2260 Vertretungen
376 2222 1445 2318 in Berlin, Budapest, Chicago, Christiania, Genf, Kopenhagen,
369 2265 1451 2364 London, Madrid, Mailand, Minneapolis, New-York, Paris, Rom,
531 2315 1300 2383 San Francisco, Stockholm, St. Petersburg.
721 2356 1123 2427 (Quelienapgabe ohne Genihr)
380 2390 1315 2523 Ausschnitt aus:
675 2472 1418 2608 — Mageen
392 2567 583 2614 vom:
651 2586 695 2636 1
493 2630 1405 2697 Gestern wurde eine Neuheit von Arthur
373 2652 1366 2748 Schnitzler — die Komödie „Zwischenspiel“ —
383 2742 1402 2785 gegeben. Sie führt uns eine Künstlerehe in modern¬
387 2790 1410 2836 realistischer Beleuchtung vor; das Stück ist aber
374 2831 1492 2887 trotzdem nichts weniger als realistisch, falls man 2.
379 2880 1419 2951 dieses vieldeutige Wort mit „lebenswahr“ übersetzt.
382 2929 1417 3004 Handlung und Gestalten sind vielmehr für einen
370 2958 1405 3039 vorher bestimmten Zweck konstruiert. Insoferne
368 3011 1410 3082 gemahnt diese Komödie an neufranzösische Vor¬
1432 3026 1488 3119 5
367 3074 1415 3155 bilder. Und wie in diesen ist das Harptgewicht
383 3138 1413 3186 auf den Dialog gelegt, dessen einseitige Breite
382 3179 1408 3246 aber hier, trotz der geistreich schillernden Wendungen,
379 3226 1418 3284 fast ermüdend wirkt. Es hätte weniger Worte
387 3271 1411 3330 bedurft, um zu beweisen, daß eine „Ehe ohne Ver¬
371 3322 1407 3386 antwortlichkeit“, wie Schnitzler sie mit keckem Zu¬
387 3368 1414 3425 greifen schildert, in die Brüche gehen muß, wie denn
994 3420 1408 3482 und das Theater
380 3421 994 3486 überhaupt die Handlung —
367 3474 1382 3531 verlangt Handlung, nicht bloßes Redefeuerwerk —
368 3514 1415 3564 knapp für einen artigen Einakter ausgereicht hätte.
372 3567 1415 3610 Der dichterisch begründete, aber ebenfalls ganz un¬
376 3614 1419 3684 theatralische Schluß, der die Zuschauer mit einem
369 3658 1412 3726 igroßen Fragezeichen entläßt, muß das Gefühl des
985 3711 1410 3770 Das verstehen die
375 3715 962 3764 Uibefriedigtseins verstärken.
383 3769 1411 3821 Franzosen besser zu machen! Die Aufführung war
382 3810 1401 3864 hin Großen und Ganzen nicht übel. Herr Wer¬
372 3854 1398 3925 Iner=Eigen (Kapellmeister) hatte schöne Mo¬
379 3909 1409 3972 mente, Frl. Weiß (Zäzilie) stand auf der vollen
370 3952 1422 4026 Höhe ihrer Darstellungskunst. Auch Herr Jan¬
378 4015 1234 4089 fen (Albertus) ist mit Ehren zu nennen.
1819 1123 2217 1221 Telephon 12801.
2018 1196 2722 1329 „OBSERVER‘
1832 1322 2964 1379 I. österr. behördl. konz. Unternehmen für Zeitungs-Ausschnitte
2027 1378 2769 1451 Wien, I., Concordiaplatz 4.
2260 1446 2568 1504 Vertretungen
1837 1480 2947 1556 in Berlin, Budapest, Chicago, Christiania, Gen“, Kopenhagen,
1851 1525 2967 1606 London, Madrid. Mailand, Minneapolis, New-York, Paris, Rom,
2021 1564 2791 1620 San Francisco, Stockholm, St. Petersburg.
2193 1614 2608 1674 (Quellenangabe ohne Gewähr.)
1845 1708 2976 1799 Ausschnitt aus GRAZER TAGBLATT
1862 1815 2003 1868 vom:
2525 1818 2823 1916 -5 12. 1905
2399 1881 2473 1955 1
2251 1967 2555 2043 Kärnten.
1939 2018 2956 2110 Klagenfurt, 1. Dezember. (Städtisches
1875 2084 2964 2170 Schauspielhaus.) Gestern wurde Artursg
2101 2135 2968 2226 viel besprochene Komödie in drei Akten, 6
1877 2170 2965 2257 schspiel“, in Klagenfurt zum erstenmalete¬
1878 2238 2965 2308 aufgeführt. Das absonderliche, fust ausschließlich is
1876 2279 3001 2361 aus Gesprächen zwischen den beiden Ehegatten auf¬S.
1884 2330 2967 2426 gebaute Stück, dessen eigentliche Signatur darin ##
1876 2381 2911 2449 besteht, daß immer das Gegenteil von dem ge¬
1880 2420 2907 2506 schieht, was man normalerweise erwartet, fand
1871 2479 2906 2555 dank seines glänzenden Dialoges und einer vor¬
1870 2535 2899 2595 züglichen Aufführung, um die sich besonders Frl.
1878 2573 2900 2655 Weiß als Cäcilie und Herr Werner=Eigen als
1870 2635 2902 2706 nervös zerfahrener Amadeus verdient machten,
1865 2667 2896 2750 während auch die vier Episodenrollen in den
1860 2718 2898 2795 Händen der Damen Forst und Aller, sowie der
1866 2762 2895 2849 Herren Sladek und Jansen recht gut aufgehoben
1868 2813 2895 2903 waren, während der zwei ersten Aufzüge beifällige
1868 2869 2897 2929 Aufnahme; der letzte Akt, aus dem die Zuhörer
1866 2925 2892 3000 nicht recht klug zu werden schienen, ging wohl vielen
1860 2974 2888 3041 fallzu sehr gegen den Strich. Der Mangel an sitt¬
1857 3020 2898 3089 lichem Ernst, mit dem Schnitzler in diesem Stücke
1864 3056 2894 3135 an so ernste Fragen wie Ehe und freie Tiebe
1867 3113 2896 3193 herantritt, die ätzende und zersetzende Art, in der
1858 3158 2894 3253 er das sexnelle Problemn bekandelt, läßt das Stück
1849 3222 2897 3282 Strotz der Fiule von Geist und blendenden Einfällen
1849 3269 2883 3341 #nach meiner Ansicht für eine Provinzbühne nicht
1855 3302 2883 3383 sonderlich geeignet erscheinen. Wenigstens lag keine
1848 3360 2879 3442 Nötigung vor, uns mit diesem neuesten Erzeugnisse
1855 3413 2884 3510 der allermodernsten, stark angefaulten, sogenannten
1852 3451 2557 3525 Wiener Kunst bekannt zu machen.
