3436 4256
1404 113 1857 204 box 25/5
336 113 1248 212 20. Zuischensp1#-
575 585 1038 661 Ausschnitt aus:
1036 556 1785 681 tütigier Redesie
801 647 1100 726 210.1915
578 692 754 746 vom:
590 691 1771 795 i. Münchener Theater. Die Kammerspiele haben eine alte, einst
501 780 1766 828 vielgespielte Komödie von Arth. Schnitzler „Zwischenspiel“ hervor¬
504 787 1774 874 geholt und zur Erstaufführung gebracht. Anlaß bot Harry Waldens
508 839 1763 906 Gastspiel. Er ist uns schon als Clavigo und Graf de la Torre (in
508 890 1768 949 Fuldas „Zwillingsschwester“) zum erstenmal in Kostümrollen ge¬
501 906 1768 1006 kommen. Der Walden der „Burg“ macht natürlich auch darin eine
512 958 1769 1030 glückliche Figur, als Komponist Amadäus Adams steht er aber doch auf
510 988 1778 1058 eigenstem Boden und entsaltet ungehemmt den liebenswürdigen Zauber
520 1034 1776 1104 seiner nicht übermäßig tiefen, aber stets entzückend ursprünglichen Per¬
516 1066 1780 1144 sönlichkeit. Schnitzlers sein verästelte Psychologie, sein leichter und
512 1101 1778 1180 doch nie seichter, immer zum Nachdenken anregender Dialog stehen hoch
512 1150 1777 1217 über der außerordentlich=theatralischen Dramatik der meisten ihm ent¬
508 1196 1776 1265 fernt verwandten modernen französischen Antoren. Er verdient daher,
513 1243 1776 1301 obwohl seine Linie mehr novellistisch als dramatisch ist, gerade in
512 1269 1785 1334 unserer Zeit mehr Beachtung auf den deutschen Bühnen. Das hat auch
506 1331 1781 1371 diese Münchener Ausgrabung bewiesen, zumal Walden in Mirjam Hor¬
506 1354 1779 1417 witz eine gleichwertige, durch Erscheinung, Temperament und Intellekt
502 1377 1785 1453 ausgezeichnete Gegenspielerin und in den übrigen Darstellern ein vor¬
518 1439 1151 1515 treffliche Ensemble gesunden hatte.
701 1937 1159 2017 andiott, Stocmne.
920 2002 1424 2083 (Quellchngahe ehne Gewähr.)
1409 2047 1579 2151 Rang
680 2066 1494 2182 Ausschnitt aus: Frankturt a. .
802 2134 1068 2212 41.001.19·5
678 2176 869 2230 vom.
575 2229 1680 2309 = 1Münchener Theater.] Wan schreibt uns aus Mün¬
517 2243 1666 2330 Ichen: Herr Harry Walden, der sein Gastspiel an den
535 2318 1666 2384 Kammerspielen als Clavigo begonnen und als Gräf de ta
533 2354 1668 2397 Torre in Fuldas „Zwillingsschwester“ fortgesetzt hal, ist nun
519 2389 1682 2478 in der Rolle des Kapellmeisters Amadeus Adams in Schnn
533 2434 1657 2479 lers Komödie „Zwischenspiel“ auf sein eigenstes Ge¬
525 2465 1664 2533 biet, das Konversationsstück, zurückgekehrt. Schnitzler hat sich
513 2511 1672 2577 die Gestalt wohl vertiefter gedacht, aber Waldens charmante
519 2555 1672 2618 Persönlichkeit und reizvolle Kunst brachten sich doch zu glänzen.
518 2585 1664 2652 der Wirkung. Die Komödie, in der ein feiner Psychologe ein
530 2627 1663 2687 recht zugespitztes Eheproblem mehr mit den Mitteln novelli¬
525 2665 1676 2736 scher als dramatischer Kunst bis in seine letzten Verästelungen
521 2700 1671 2768 bloßlegt, ohne doch nur artistisch zu wirken, verdient die Aus¬
527 2751 1662 2800 grabung nach mehr als zehn Jahren. An Schnitzler haben wir
524 2795 1677 2849 einen Bühnendichter, der die meisten der nun verdrängten
521 2828 1671 2885 Pariser an Feinheit und Zwanglosigkeit des Dialogs erreicht,
514 2864 1673 2926 an Gehalt und Wahrhaftigkeit übertrifft. Herr Walden fand
518 2905 1669 2963 in Frau Horwitz eine ebenbürtige, in der intellektuellen
511 2941 1669 3002 Durchdringung ihrer Aufgabe wohl überlegene Gegenspielerin,
518 2978 1673 3039 so daß man eigentlich hatte erwarten können, das durch die
521 3023 1672 3067 ersten Akte sehr angeregte Premiarenpublikum würde auch in
520 3059 1665 3116 dem dramaturgisch schwächeren Schlußakt mehr mitgehen, als
517 3099 1665 3161 es der Fall war. — An gleichen Abend wurde auch das Volks¬
513 3139 1659 3196 theater durch ein Gastspiel zu einer Erstaufführung angeregt.
508 3176 1658 3245 Man kann über Max Neal und Mar Ferners sogenannten
515 3222 1673 3272 Schwank „Auch ich wur ein Jüngling... füglich
519 3250 1660 3304 ohne ein Wort hinweggehen. Die Rolle eines Ehemannes in
506 3293 1670 3328 tausend Aengsten gibt Max Pallenberg. Er ist darin
518 3329 1662 3386 ebensowenig neu, wie sein Rolle neu ist, aber er hleibt der
514 3378 1665 3421 genialste Hanswurst der gegenwärtigen deutschen Bühne. Für
517 3410 1668 3449 Augenblicke läßt er uns in tragikomische Tiefen schauen.
511 3432 1664 3519 Schade, daß Theaterleiter und Gublikum ihn allein als Nur¬
515 3481 1089 3554 Hanswurst kennen wollen ....
2400 493 2900 567 Voueppllangabg ofne Gewahr,)
2385 527 3226 604 Berliner Borsen Courier, Borli##
2162 578 2587 654 Ausschnitt aus:
2586 594 3026 687 Morgenausgabe
2345 637 2599 728 AueLi 15
2165 679 2351 741 vom:
2097 755 3118 844 (Münchener Theater. Aus München wird uns
2065 833 3104 898 geschrieben: Dem Gastspiel Harry Waldens an
2075 870 3113 945 zen Kammerspielen verdanken wir nun auch die Auf¬
2041 907 3183 995 nahme von Arthur Schnitzlers „Zwischen¬
2057 959 3109 1012 spiel“ in den Spielplan dieser Bühne. Die Ko¬
2052 981 3109 1069 mödie ist vor Jahren in Berlin und auch hier häufig
2058 1031 3102 1108 gegeben worden, dann aber der Vergessenheit anheim¬
2062 1089 3119 1149 gefallen. Es hat uns erst wieder die Kriegszeit daran
2044 1126 3093 1191 erinnern müssen. Schnitzler. der geistvolle Planderer
2057 1155 3106 1225 und feinsinnige Psychologe, der, im Grunde Novellist,
2062 1198 3100 1268 doch auch von der Bühne herab seine Wirkung tut,
2054 1226 3088 1304 scheint so recht geeignet, uns die neueren Problem¬
2058 1290 3086 1361 dramatiker zu ersetzen die wir vor dem Krieg aus
2064 1328 3091 1384 Paris zu beziehen pflegten, und die er an Geist und
2056 1365 3093 1442 Tiefe, wenn auch nicht an Theatralik mit ver¬
2054 1420 3090 1486 schwindenden Ausnahmen weit hinter sich läßt.
2064 1463 3091 1516 „Zwischenspiel“, ein typischer Schnitzler in all seiner
2048 1492 3089 1568 Feinheit und Klugheit, aber auch in seinen gerade
2057 1535 3094 1610 auf diesen Vorzügen beruhenden, vor allem drama¬
2053 1571 3096 1655 turgischen Schwachen, fand bei seiner Wiedererweckung
2053 1625 3086 1675 ein williges Publikum, das nur bei der allzu spitz¬
2057 1665 3082 1726 findigen Schlußwendung nicht mehr ganz mitkam.
2056 1709 3093 1768 Harry Walden hatte als Amadus Adams Gelegen¬
2055 1744 3088 1819 heit, seine charmante Kunst in allen Fazetten spielen
2058 1793 3088 1861 zu lassen. Ein treffliches Ensemble mit Mirjam
2043 1816 3084 1900 Horwitz als ebenso reizvolle wie intelligente Gegen¬
2049 1874 3080 1937 spielerin unterstützte ihn dabei aufs beste. Der andere
2052 1916 3083 1993 berühmte Gast, der in dieser Sommerzeit die Lust
2048 1958 3070 2028 der Münchener am Theaterbesuch heben soll und hebt,
2045 1998 3080 2068 Max Pallenberg, hat uns nun auch mit seinem
2040 2049 3072 2109 Joachim Vorndran in Neals und Ferners —
2042 2086 3076 2165 der Ehrentitel „Schwank“ will nicht aus der F.der —
2042 2119 2805 2193 „Auch ich war ein Jüngling¬
2891 2135 3078 2191 bekannt
2037 2159 3078 2240 gemacht. Keine en Bekanntscheft; denn den Ehe¬
2042 2217 3072 2278 mann in tausend Aengsten kennen wir schon von
2035 2236 3068 2315 tausend Gelegenheiten und Pallenberg war eben nich
2042 2286 3076 2358 hier — Pallenberg, der unwiderstehlichste Grotesk¬
2041 2332 3072 2401 komiker der deutschen Bühne. Berlin hat ja Celegen¬
2038 2377 3082 2432 heit gehabt, ihn nicht nur als Pallenberg zu erleben,
2049 2417 3077 2483 sondern in der Zucht Selbstentäußerung fordernder
2044 2458 3076 2528 Aufgaben. Auch hier ist in manchen der Wunsch
2043 2498 3068 2565 danach wach, aber die kompakte Majorität und
2033 2532 3066 2614 Theaterleiter wollen eben immer wieder nur Pallen¬
2025 2574 3040 2647 berg, den genialen Clown, der vielleicht hie und da
2041 2627 3072 2699 Gelegenheit hat, einen Blick in Pallenberg, den Men¬
2029 2665 2605 2738 schendarsteller, tun zu lassen.
2965 2683 3018 2739 F.
2077 3044 2395 3118 Ausschnitt a
2387 3028 3032 3142 Nöne Freie Presse, Wien
2078 3148 2227 3208 vond
2219 3160 2494 3250 19
2012 3198 2100 3254 —.—
2693 3188 2741 3245 *7
2127 3245 3191 3305 — Aus München wird uns geschrieben: In den Münchner
2021 3276 3183 3352 Kammerspielen hat Harry Walden gastiert und in
2023 3329 3204 3379 Schungl#######—„Zwischenspiel" und Fuldas „Zwillings¬
2015 3379 3201 3436 schwester“ viel Erfolg errungen. In Mirjam Horwitz stand ihm
2021 3419 3194 3456 eine ebenbürtige Partnerin gegenüber, die ihre Rollen (Cäcilie und
2022 3450 3202 3525 Zwillingsschwester) meisterlich durchführte. Eine starke dar¬
2009 3509 2770 3572 stellerische Begabung war hier am Werk.
