3436 4384
1287 138 1742 228 box 25/3
231 152 1209 247 20. Zuischensniel
1418 714 1741 785 Verfrelungen
1029 751 2110 819 in Berlin, Budapest. Chicago, Christiania, Genf, Kopenhagen,
1021 806 2124 858 London, Madrid, Mailand, Minneapolis, New-York, Paris, Rom,
1181 854 1952 901 San Prancisco, Stockholm, St. Petersburg.
1370 885 1783 938 (Quellenangabe ohne Gewähr.)
1032 956 1848 1049 Ausschnitt aus: (##1n07
1023 1010 2195 1153 s. J 7 KoteaL,
1671 1130 1923 1205 „
1144 1161 2115 1241 — (Einmaliges Gastspiel des Hof¬
1023 1210 2124 1288 [bürgtheater=Ensembles.] Sonntag sahen wir
1032 1271 2112 1357 zum ersten Male Schnitzlers dreiaktige Komödie
1031 1316 2116 1398 [„Zwischenspiel“ auf unserer Bühne. Wie jede
1022 1359 2107 1435 Komposition Schnitzlers gleicht auch diese einer seinen
1042 1421 2045 1468 Filigranarbeit, die zierlich und subtil ausgeführt is
1038 1467 2101 1519 die man jedoch kaum zu berühren wagt, aus Furcht,
1032 1493 2098 1564 man könnte die Fäden zerreißen. Da haben wir den
1026 1547 2091 1601 Kompontsten Amadeus Adams; er und seine Gattin
1034 1601 2105 1649 Cäcilie, eine Opernsängerin, führen eine Ehe von
1039 1622 2105 1694 sonderbarer Fraktur. Er liebt und liebelt nach rechts,
1028 1670 2142 1730 sie liebt und liebelt nach links; aber das geschieht mitt
1046 1718 2153 1763 gegenseitigem Einverständnisse, denn nicht Treue, [à
1040 1763 2141 1808 sondern Aufrichtigkeit wollen sie gegeneinander üben.:
1042 1807 2142 1860 Herr Amadeus studiert mit der Gräfin Friederikesc
1039 1850 2130 1898 Moosheim, die ebenfalls Opernsängerin ist, eine Rolle 1
1050 1875 2120 1935 ein und gerät so nach und nach in den Bann dieses!
1022 1932 2144 1994 Weibes: Gäcilie unternimmt in Begleilung ihres Ver¬2
1030 1978 2125 2048 ehrers, des Fürsten Sigismund Maradas=Lohsenstein, I,
1028 2018 2104 2081 eine Gastspielreise nach Berlin. Trotz dieser zeitweisen
1034 2049 2136 2106 Absprünge lieben die Ehegatten einander und der
1031 2098 2126 2154 Kapellmeister hat sogar Anwandlungen von Eifersucht.10
1032 2143 2151 2188 Es fehlt an dem erlösenden Worte, das alles wieders1
1030 2175 2094 2231 ins Gleiche bringen könnte. Amadeus gewinnt sich sein
1032 2219 2139 2288 Weib sogar noch einmal, allein gerade dieses Ge¬3
1023 2273 2092 2317 winnen erscheint ietzt Cäcilie wie ein Vergehen und
1020 2303 2138 2374 sie verläßt ihn. Man muß gestehen, der Schluß wirkt#
1019 2348 2097 2408 frappierend, allein das sollte man bei Schnitzler eben
1019 2393 2098 2461 schon gewohnt sein. Nicht so, wie sich allenfalls ein
1017 2442 2082 2497 ähnliches Faktum im wirklichen Leben abspielt, darf es
1022 2481 2084 2544 bei ihm zugehen; das wäre zu gemein und zu natürlich.
1026 2517 2088 2570 Schnitzlers Personen gehen im Anfange seiner Stücke
1023 2566 2082 2624 immer schön auf den Füßen, zum Schlusse gehen sie
1013 2612 2075 2663 auf den Händen, recken die Beine in die Höhe und
1010 2651 2094 2721 sagen: So ist's normal. Schnitzlers dramatische Kraft
1013 2701 2095 2753 reicht auch für ein längeres Drama nicht aus, sein
1018 2737 2082 2799 Talent weist ihn auf das Gebiet der epischen Dichtung,
1013 2782 2079 2834 allein er versteift sich nun mit aller Macht darauf,
1019 2815 2087 2868 Dramen zu schreiben. So entstehen dann dialogisierte
1008 2868 2093 2926 Causerien, die sich ins Unendliche fortspinnen, zu¬
1006 2904 2083 2964 weilen recht geistreich, zuweilen jedoch auch recht ermü¬
1010 2952 2087 3025 dend sind. Die Aufführung war großartig. Herr
1015 2987 2093 3057 Kainz wußte uns den „Kapellmeister, diesen sonder¬
1001 3037 2090 3082 baren Kauz, menschlich näher zu bringen. Er verstand
1096 3079 2074 3120 die Unwahrscheinlichkeiten dieser Figur auszu¬
1009 3108 2084 3197 gleichen; allein das ist ein Verdienst des Schauspielers
1008 3172 2089 3239 und nicht des Dichters. Nicht an jeder Bühne wird
1005 3190 2090 3261 diesem ein Kainz hilfreich beispringen. Fräulein
1006 3248 2085 3309 Witt zeichnete die „Cäcilie“ mit scharfen und doch
1013 3291 2078 3346 feinen Strichen, namentlich gelang ihr der Schluß des
1002 3338 2083 3405 zweiten Aktes. Herr Tretzler (Rhon) und Frau
1013 3380 2090 3432 Haeberle (Marie) revräsentierten vortrefflich das
1001 3410 2067 3472 Gegenspiel zu dem Ehepaare „Amadeus=Cäcilie“.
1002 3460 2077 3524 Frau Kallina als „Gräsin Friederike Moosheim“
1003 3498 2079 3576 und Herr Korff als „Fürst Sigismund“ brachten
1000 3543 2078 3603 zwei prächtige Gestalten auf die Bühne. Schließlich
1010 3597 2082 3635 sei noch erwähnt, daß die Kinderrolle (Peter) von dem
1000 3621 2102 3686 kleinen O. Eisner brav gegeben wurde. Die Dar¬
1013 3676 1686 3747 steller erhielten reichen Beifall.
1084 3718 1252 3777 (Mun
