<?xml version="1.0" encoding="UTF-8" standalone="yes"?>
<PcGts xmlns="http://schema.primaresearch.org/PAGE/gts/pagecontent/2013-07-15" xmlns:xsi="http://www.w3.org/2001/XMLSchema-instance" xsi:schemaLocation="http://schema.primaresearch.org/PAGE/gts/pagecontent/2013-07-15 http://schema.primaresearch.org/PAGE/gts/pagecontent/2013-07-15/pagecontent.xsd">
    <Metadata>
        <Creator>prov=University of Rostock/Institute of Mathematics/CITlab/Gundram Leifert/gundram.leifert@uni-rostock.de:name=ONB_Newseye_GT_M1+(htr_id=10810)::::v=2.4.2
prov=University of Rostock/Institute of Mathematics/CITlab/Tobias Gruening/tobias.gruening@uni-rostock.de:name=de.uros.citlab.module.baseline2polygon.B2PSeamMultiOriented:v=2.4.2
prov=University of Rostock/Institute of Mathematics/CITlab/Tobias Gruening/tobias.gruening@uni-rostock.de:name=/mnt/transkribus/LA/DEA/URO/LA_news_onb_att.pb:de.uros.citlab.segmentation.CITlab_LA_ML:v=2.4.2
Transkribus</Creator>
        <Created>2019-10-07T11:20:54.992+02:00</Created>
        <LastChange>2019-10-08T06:49:54.811+02:00</LastChange>
        <TranskribusMetadata docId="223968" pageId="9497961" pageNr="356" tsid="16504787" status="IN_PROGRESS" userId="40391" imgUrl="https://files.transkribus.eu/Get?id=ISINKCFPHZOXWIVNPAMCEAJC&amp;fileType=view" xmlUrl="https://files.transkribus.eu/Get?id=GFZKFPAPBDIZVQXRLTOCCNWX" imageId="6188187"/>
    </Metadata>
    <Page imageFilename="223968_0356.jpeg" imageWidth="3436" imageHeight="4384">
        <ReadingOrder>
            <OrderedGroup id="ro_1711439757853" caption="Regions reading order">
                <RegionRefIndexed index="0" regionRef="r1"/>
            </OrderedGroup>
        </ReadingOrder>
        <TextRegion orientation="0.0" id="r1" custom="readingOrder {index:0;}">
            <Coords points="250,202 250,3251 3259,3251 3259,202"/>
            <TextLine id="r1l1" custom="readingOrder {index:0;}">
                <Coords points="1302,238 1536,253 1553,238 1686,245 1701,230 1742,248 1743,168 1719,160 1545,166 1505,199 1460,177 1426,184 1385,157 1303,160"/>
                <Baseline points="1315,223 1340,222 1366,222 1392,222 1418,223 1444,223 1470,224 1496,225 1522,225 1547,226 1573,227 1599,227 1625,227 1651,227 1677,226 1703,225 1729,223"/>
                <TextEquiv>
                    <Unicode>box 25/4</Unicode>
                </TextEquiv>
            </TextLine>
            <TextLine id="r1l2" custom="readingOrder {index:1;}">
                <Coords points="238,248 1144,264 1145,172 758,188 488,162 400,207 362,175 239,168"/>
                <Baseline points="250,223 294,227 338,231 382,235 426,237 470,240 514,241 558,243 602,244 646,245 691,246 735,246 779,246 823,246 867,245 911,245 955,244 999,243 1043,242 1087,241 1132,240"/>
                <TextEquiv>
                    <Unicode>20. Zuischensniel</Unicode>
                </TextEquiv>
            </TextLine>
            <TextLine id="r1l3" custom="readingOrder {index:2;}">
                <Coords points="2025,1391 2095,1401 2269,1392 2269,1356 2252,1358 2218,1344 2197,1322 2156,1322 2144,1331 2119,1322 2095,1341 2071,1326 2025,1341"/>
                <Baseline points="2038,1385 2065,1385 2092,1386 2119,1386 2147,1386 2174,1387 2201,1386 2228,1386 2256,1385"/>
                <TextEquiv>
                    <Unicode>—.—</Unicode>
                </TextEquiv>
            </TextLine>
            <TextLine id="r1l4" custom="readingOrder {index:3;}">
                <Coords points="1606,1398 1683,1402 1804,1391 1826,1401 1833,1393 1865,1393 1864,1323 1803,1319 1789,1326 1779,1319 1726,1329 1680,1322 1639,1342 1605,1328"/>
                <Baseline points="1618,1388 1644,1386 1670,1385 1696,1385 1722,1385 1748,1386 1774,1386 1800,1386 1826,1384 1852,1382"/>
                <TextEquiv>
                    <Unicode>W NAMERTHEEE</Unicode>
                </TextEquiv>
            </TextLine>
            <TextLine id="r1l5" custom="readingOrder {index:4;}">
                <Coords points="1355,1440 3271,1419 3234,1362 1354,1392"/>
                <Baseline points="1366,1432 1460,1432 1555,1432 1649,1432 1744,1432 1839,1431 1933,1430 2028,1429 2123,1428 2217,1427 2312,1425 2407,1424 2501,1422 2596,1420 2691,1417 2785,1416 2880,1413 2975,1410 3069,1408 3164,1405 3259,1402"/>
                <TextEquiv>
                    <Unicode>jahiger, sich langweilender Zeitgenossen zu unter=wenn man es in einer Wiener G’schnasausstattungs</Unicode>
                </TextEquiv>
            </TextLine>
            <TextLine id="r1l6" custom="readingOrder {index:5;}">
                <Coords points="1334,1479 2506,1491 3257,1462 3257,1406 1333,1433"/>
                <Baseline points="1347,1473 1441,1473 1536,1473 1631,1474 1726,1474 1821,1473 1916,1473 2011,1472 2106,1472 2201,1471 2296,1470 2390,1468 2485,1466 2580,1464 2675,1462 2770,1459 2865,1456 2960,1452 3055,1448 3150,1444 3245,1439"/>
                <TextEquiv>
                    <Unicode>halten! Besonders das Liebesleben bietet der Na=sso gut aufführt, wie das durch die Dami Swo¬</Unicode>
                </TextEquiv>
            </TextLine>
            <TextLine id="r1l7" custom="readingOrder {index:6;}">
                <Coords points="896,1477 1302,1479 1301,1407 1144,1409 1115,1428 1091,1412 1043,1412 895,1429"/>
                <Baseline points="909,1477 934,1476 959,1475 985,1474 1010,1474 1036,1474 1061,1474 1087,1474 1112,1473 1138,1473 1163,1473 1189,1473 1214,1472 1240,1472 1265,1471 1291,1470"/>
                <TextEquiv>
                    <Unicode>Lssen (Hilligenlei).</Unicode>
                </TextEquiv>
            </TextLine>
            <TextLine id="r1l8" custom="readingOrder {index:7;}">
                <Coords points="1342,1525 3258,1503 3209,1446 1341,1479"/>
                <Baseline points="1353,1518 1447,1518 1542,1518 1636,1518 1731,1518 1826,1517 1920,1517 2015,1516 2109,1515 2204,1514 2299,1513 2393,1511 2488,1509 2582,1507 2677,1504 2772,1501 2866,1499 2961,1495 3055,1491 3150,1486 3245,1482"/>
                <TextEquiv>
                    <Unicode>tur Veranlassung zu den erstannlichsten Ersind=[boda, v. Hagen, Lossen und die Herren</Unicode>
                </TextEquiv>
            </TextLine>
            <TextLine id="r1l9" custom="readingOrder {index:8;}">
                <Coords points="1330,1580 3258,1568 3189,1482 1329,1512"/>
                <Baseline points="1341,1561 1436,1561 1531,1561 1626,1561 1721,1560 1817,1560 1912,1560 2007,1559 2102,1558 2197,1557 2293,1556 2388,1554 2483,1552 2578,1550 2673,1547 2769,1544 2864,1541 2959,1536 3054,1532 3149,1527 3245,1522"/>
                <TextEquiv>
                    <Unicode>ungen, und besonders das Problem der Ehe stif=[Monnard, Lützenkirchen, Waldau bei</Unicode>
                </TextEquiv>
            </TextLine>
            <TextLine id="r1l10" custom="readingOrder {index:9;}">
                <Coords points="1344,1605 2315,1620 2762,1595 2815,1553 1343,1566"/>
                <Baseline points="1355,1602 1427,1602 1499,1601 1572,1600 1644,1600 1717,1600 1789,1600 1862,1600 1934,1599 2007,1599 2079,1599 2151,1598 2224,1598 2296,1597 2369,1595 2441,1594 2514,1592 2586,1589 2659,1586 2731,1583 2804,1579"/>
                <TextEquiv>
                    <Unicode>stet unsere witzigen Literaten zu den komplizierte=uns in München geschah.</Unicode>
                </TextEquiv>
            </TextLine>
            <TextLine id="r1l11" custom="readingOrder {index:10;}">
                <Coords points="345,1604 494,1598 574,1632 635,1593 673,1617 1070,1619 1142,1599 1142,1391 866,1445 827,1428 687,1482 576,1458 344,1490"/>
                <Baseline points="357,1587 395,1591 434,1595 473,1598 511,1600 550,1602 589,1603 627,1603 666,1604 705,1603 744,1603 782,1602 821,1601 860,1600 898,1599 937,1597 976,1596 1014,1595 1053,1594 1092,1593 1131,1593"/>
                <TextEquiv>
                    <Unicode>, Znischenpiel.</Unicode>
                </TextEquiv>
            </TextLine>
            <TextLine id="r1l12" custom="readingOrder {index:11;}">
                <Coords points="2317,1645 3201,1617 3249,1603 3248,1564 2972,1555 2770,1599 2316,1609"/>
                <Baseline points="2328,1637 2373,1636 2419,1635 2464,1634 2510,1633 2555,1632 2601,1630 2646,1629 2692,1627 2737,1625 2783,1623 2828,1621 2874,1619 2919,1617 2965,1615 3010,1613 3056,1612 3101,1610 3147,1608 3192,1607 3238,1606"/>
                <TextEquiv>
                    <Unicode>Und draußen vor dem Theater leuchtete so gol¬</Unicode>
                </TextEquiv>
            </TextLine>
            <TextLine id="r1l13" custom="readingOrder {index:12;}">
                <Coords points="1351,1667 1432,1646 1807,1653 1843,1640 1843,1614 1349,1609"/>
                <Baseline points="1363,1647 1389,1646 1415,1646 1441,1645 1467,1645 1493,1644 1519,1644 1545,1643 1571,1643 1597,1642 1623,1642 1649,1641 1675,1641 1701,1640 1727,1640 1753,1639 1779,1639 1805,1639 1832,1638"/>
                <TextEquiv>
                    <Unicode>sten Konstruktionen auf.</Unicode>
                </TextEquiv>
            </TextLine>
            <TextLine id="r1l14" custom="readingOrder {index:13;}">
                <Coords points="380,1671 1347,1668 1346,1602 379,1613"/>
                <Baseline points="392,1662 439,1661 486,1661 533,1660 580,1660 627,1660 674,1660 722,1659 769,1659 816,1659 863,1659 910,1658 957,1658 1004,1657 1052,1657 1099,1656 1146,1655 1193,1654 1240,1653 1287,1651 1335,1649"/>
                <TextEquiv>
                    <Unicode>Komödie in 3 Akten von Arthur Schnitzler.</Unicode>
                </TextEquiv>
            </TextLine>
            <TextLine id="r1l15" custom="readingOrder {index:14;}">
                <Coords points="1373,1686 2410,1695 3259,1612 1372,1657"/>
                <Baseline points="1385,1683 1478,1685 1571,1686 1664,1686 1757,1686 1850,1686 1943,1686 2036,1685 2129,1683 2222,1682 2316,1680 2409,1678 2502,1675 2595,1672 2688,1669 2781,1665 2874,1662 2967,1658 3060,1654 3153,1649 3247,1644"/>
                <TextEquiv>
                    <Unicode>Arthur Schnitzler, dessen Komödie „Zwischen=denklar der Mond und zogen vor dem wuchtenden</Unicode>
                </TextEquiv>
            </TextLine>
            <TextLine id="r1l16" custom="readingOrder {index:15;}">
                <Coords points="1347,1746 2913,1733 3241,1716 3254,1662 1345,1688"/>
                <Baseline points="1359,1727 1453,1728 1547,1728 1641,1728 1735,1728 1830,1728 1924,1727 2018,1726 2112,1724 2206,1723 2301,1721 2395,1719 2489,1716 2583,1713 2677,1710 2772,1707 2866,1703 2960,1698 3054,1694 3148,1690 3243,1685"/>
                <TextEquiv>
                    <Unicode>spiel“ den Anlaß zu den vorliegenden Zeilen gibt, Föhn die blauen Wanderwölkchen über den unend¬</Unicode>
                </TextEquiv>
            </TextLine>
            <TextLine id="r1l17" custom="readingOrder {index:16;}">
                <Coords points="398,1732 1338,1722 1337,1666 1221,1648 970,1678 397,1674"/>
                <Baseline points="409,1719 454,1720 500,1720 546,1720 592,1720 638,1720 684,1719 729,1719 775,1718 821,1718 867,1717 913,1716 959,1715 1005,1715 1050,1714 1096,1713 1142,1712 1188,1711 1234,1710 1280,1709 1326,1708"/>
                <TextEquiv>
                    <Unicode>(Erstaufführung am 13. Jan, im K. Restdenzteer)</Unicode>
                </TextEquiv>
            </TextLine>
            <TextLine id="r1l18" custom="readingOrder {index:17;}">
                <Coords points="3064,1733 3141,1734 3148,1727 3160,1732 3238,1733 3237,1702 3204,1702 3189,1690 3165,1690 3138,1703 3129,1693 3104,1689 3085,1708 3063,1708"/>
                <Baseline points="3075,1731 3100,1733 3125,1733 3150,1732 3175,1732 3200,1731 3225,1731"/>
                <TextEquiv>
                    <Unicode>E. E.</Unicode>
                </TextEquiv>
            </TextLine>
            <TextLine id="r1l19" custom="readingOrder {index:18;}">
                <Coords points="2297,1775 2425,1766 2450,1783 2594,1757 2619,1778 2744,1747 2743,1714 2712,1724 2690,1713 2618,1737 2583,1718 2296,1731"/>
                <Baseline points="2309,1764 2335,1763 2361,1762 2388,1761 2414,1761 2440,1760 2467,1759 2493,1759 2520,1759 2546,1758 2572,1758 2599,1757 2625,1755 2651,1755 2678,1753 2704,1751 2731,1749"/>
                <TextEquiv>
                    <Unicode>#lichen Himmel —.</Unicode>
                </TextEquiv>
            </TextLine>
            <TextLine id="r1l20" custom="readingOrder {index:19;}">
                <Coords points="421,1775 1254,1777 1346,1768 1345,1720 420,1736"/>
                <Baseline points="433,1771 478,1772 523,1772 568,1772 613,1771 658,1771 703,1770 748,1770 793,1769 838,1768 884,1767 929,1766 974,1765 1019,1765 1064,1764 1109,1763 1154,1762 1199,1762 1244,1761 1289,1761 1335,1760"/>
                <TextEquiv>
                    <Unicode>Der Zufall, daß an einem einzigen Abend gleich</Unicode>
                </TextEquiv>
            </TextLine>
            <TextLine id="r1l21" custom="readingOrder {index:20;}">
                <Coords points="1354,1779 2291,1779 2308,1738 1354,1745"/>
                <Baseline points="1365,1769 1411,1769 1458,1769 1504,1769 1551,1770 1597,1770 1644,1770 1690,1771 1737,1771 1783,1771 1830,1771 1876,1771 1923,1771 1969,1771 2016,1771 2062,1770 2109,1770 2155,1769 2202,1768 2248,1766 2295,1765"/>
                <TextEquiv>
                    <Unicode>geht auf diesem Wege nun schon fast so weit, daß</Unicode>
                </TextEquiv>
            </TextLine>
            <TextLine id="r1l22" custom="readingOrder {index:21;}">
                <Coords points="383,1817 1345,1818 1344,1767 1298,1765 382,1778"/>
                <Baseline points="396,1818 442,1817 489,1816 536,1816 583,1815 630,1814 677,1814 723,1813 770,1813 817,1812 864,1811 911,1811 958,1810 1005,1809 1051,1809 1098,1808 1145,1807 1192,1807 1239,1806 1286,1805 1333,1804"/>
                <TextEquiv>
                    <Unicode>vier Erstaufführungen stattsanden, hat mich aus</Unicode>
                </TextEquiv>
            </TextLine>
            <TextLine id="r1l23" custom="readingOrder {index:22;}">
                <Coords points="1351,1820 2175,1830 2298,1815 2298,1777 1351,1779"/>
                <Baseline points="1363,1811 1409,1811 1455,1811 1501,1811 1547,1812 1593,1812 1639,1812 1686,1812 1732,1813 1778,1813 1824,1813 1870,1813 1916,1813 1962,1813 2009,1813 2055,1812 2101,1811 2147,1810 2193,1809 2239,1807 2286,1805"/>
                <TextEquiv>
                    <Unicode>ich weltunkundiger Barbar ihm kaum noch zu fol¬</Unicode>
                </TextEquiv>
            </TextLine>
            <TextLine id="r1l24" custom="readingOrder {index:23;}">
                <Coords points="2308,1899 2333,1890 2351,1901 2388,1871 2405,1879 2443,1870 2457,1876 2488,1843 2536,1846 2520,1783 2475,1792 2444,1787 2410,1809 2376,1795 2350,1801 2319,1844 2297,1857"/>
                <Baseline points="2315,1881 2340,1873 2366,1865 2392,1857 2418,1850 2443,1843 2469,1838 2495,1833 2521,1830"/>
                <TextEquiv>
                    <Unicode>1</Unicode>
                </TextEquiv>
            </TextLine>
            <TextLine id="r1l25" custom="readingOrder {index:24;}">
                <Coords points="384,1862 2276,1859 2310,1799 384,1826"/>
                <Baseline points="396,1862 491,1858 586,1856 681,1854 776,1853 871,1853 966,1852 1061,1852 1156,1853 1251,1853 1347,1854 1442,1854 1537,1854 1632,1855 1727,1855 1822,1855 1917,1854 2012,1853 2107,1851 2202,1849 2298,1846"/>
                <TextEquiv>
                    <Unicode>der Stille meiner wissenschaftlichen Studien wie=gen vermag. Man müßte ein Franzose — oder</Unicode>
                </TextEquiv>
            </TextLine>
            <TextLine id="r1l26" custom="readingOrder {index:25;}">
                <Coords points="1347,1909 2294,1902 2306,1848 1346,1868"/>
                <Baseline points="1359,1896 1405,1897 1452,1897 1499,1897 1546,1897 1593,1897 1639,1897 1686,1897 1733,1897 1780,1896 1827,1896 1873,1895 1920,1894 1967,1894 2014,1893 2061,1892 2107,1891 2154,1890 2201,1889 2248,1888 2295,1887"/>
                <TextEquiv>
                    <Unicode>vielleicht auch ein Wiener aus dem Aesthetenzirkel</Unicode>
                </TextEquiv>
            </TextLine>
            <TextLine id="r1l27" custom="readingOrder {index:26;}">
                <Coords points="386,1897 1324,1900 1355,1853 386,1863"/>
                <Baseline points="398,1900 445,1900 492,1899 539,1899 587,1899 634,1899 681,1898 728,1898 776,1898 823,1897 870,1897 917,1896 965,1895 1012,1894 1059,1894 1106,1893 1154,1892 1201,1891 1248,1890 1295,1889 1343,1888"/>
                <TextEquiv>
                    <Unicode>der einmal in die schillernde, plappernde, eitele</Unicode>
                </TextEquiv>
            </TextLine>
            <TextLine id="r1l28" custom="readingOrder {index:27;}">
                <Coords points="1351,1948 2308,1944 2307,1901 2271,1894 1350,1900"/>
                <Baseline points="1364,1939 1410,1939 1457,1939 1503,1939 1550,1939 1597,1939 1643,1939 1690,1939 1736,1938 1783,1938 1830,1938 1876,1937 1923,1937 1969,1936 2016,1936 2063,1935 2109,1934 2156,1933 2202,1933 2249,1932 2296,1930"/>
                <TextEquiv>
                    <Unicode>der Bahrschen „Wienerinnen“ sein —, um all die</Unicode>
                </TextEquiv>
            </TextLine>
            <TextLine id="r1l29" custom="readingOrder {index:28;}">
                <Coords points="388,1950 1343,1941 1342,1898 1308,1893 388,1907"/>
                <Baseline points="400,1943 446,1942 493,1941 539,1941 586,1940 632,1939 679,1939 725,1938 772,1938 818,1938 865,1937 912,1937 958,1936 1005,1936 1051,1935 1098,1935 1144,1934 1191,1933 1237,1932 1284,1931 1331,1930"/>
                <TextEquiv>
                    <Unicode>Welt des Theaters geführt. Das war ein ganz</Unicode>
                </TextEquiv>
            </TextLine>
            <TextLine id="r1l30" custom="readingOrder {index:29;}">
                <Coords points="1355,1994 2015,1994 2043,1965 2213,1990 2309,1974 2309,1926 1354,1945"/>
                <Baseline points="1366,1983 1412,1982 1459,1982 1505,1981 1552,1980 1598,1980 1645,1979 1691,1979 1738,1978 1784,1978 1831,1977 1877,1977 1924,1977 1970,1976 2017,1976 2063,1975 2110,1975 2156,1974 2203,1974 2249,1973 2296,1972"/>
                <TextEquiv>
                    <Unicode>steilgestelzten Geistreicheleien der Ehe=Händel</Unicode>
                </TextEquiv>
            </TextLine>
            <TextLine id="r1l31" custom="readingOrder {index:30;}">
                <Coords points="391,1982 1324,1985 1345,1938 390,1953"/>
                <Baseline points="402,1985 448,1985 495,1985 541,1985 588,1984 634,1984 681,1983 727,1982 774,1981 820,1980 867,1979 914,1977 960,1977 1007,1976 1053,1974 1100,1974 1146,1973 1193,1972 1239,1972 1286,1972 1333,1972"/>
                <TextEquiv>
                    <Unicode>eigenartiges, beinahe erlebenswertes Abenteuer,</Unicode>
                </TextEquiv>
            </TextLine>
            <TextLine id="r1l32" custom="readingOrder {index:31;}">
                <Coords points="1349,2039 2308,2017 2307,1973 2187,1999 2056,1974 1348,1993"/>
                <Baseline points="1361,2026 1407,2025 1454,2024 1501,2023 1548,2023 1594,2022 1641,2021 1688,2020 1735,2020 1781,2019 1828,2019 1875,2018 1922,2018 1968,2017 2015,2017 2062,2017 2109,2016 2155,2016 2202,2016 2249,2016 2296,2016"/>
                <TextEquiv>
                    <Unicode>zwischen Kapellmeister Amadeus Adams und</Unicode>
                </TextEquiv>
            </TextLine>
            <TextLine id="r1l33" custom="readingOrder {index:32;}">
                <Coords points="392,2040 1319,2026 1348,1982 391,1987"/>
                <Baseline points="404,2028 450,2027 497,2027 543,2027 590,2026 637,2025 683,2024 730,2023 776,2022 823,2021 870,2020 916,2019 963,2018 1009,2017 1056,2016 1103,2015 1149,2015 1196,2014 1242,2014 1289,2014 1336,2014"/>
                <TextEquiv>
                    <Unicode>denn ich sand mich jener Welt dermaßen entfrem¬</Unicode>
                </TextEquiv>
            </TextLine>
            <TextLine id="r1l34" custom="readingOrder {index:33;}">
                <Coords points="1351,2065 2310,2059 2213,2016 1351,2034"/>
                <Baseline points="1362,2067 1408,2067 1455,2066 1502,2066 1549,2066 1595,2065 1642,2064 1689,2064 1736,2063 1782,2062 1829,2062 1876,2061 1923,2060 1969,2060 2016,2060 2063,2059 2110,2059 2156,2059 2203,2060 2250,2060 2297,2061"/>
                <TextEquiv>
                    <Unicode>Frau Opernsängerin Cäcilie Adams=Ortenburgn</Unicode>
                </TextEquiv>
            </TextLine>
            <TextLine id="r1l35" custom="readingOrder {index:34;}">
                <Coords points="401,2067 1317,2068 1345,2026 400,2030"/>
                <Baseline points="412,2072 458,2071 504,2070 550,2069 596,2068 642,2067 688,2066 734,2065 780,2064 826,2063 873,2062 919,2062 965,2061 1011,2060 1057,2060 1103,2059 1149,2058 1195,2058 1241,2057 1287,2057 1334,2056"/>
                <TextEquiv>
                    <Unicode>det, daß ich darin fast mehr als mein eigener Zu¬</Unicode>
                </TextEquiv>
            </TextLine>
            <TextLine id="r1l36" custom="readingOrder {index:35;}">
                <Coords points="1351,2110 2310,2112 2310,2059 1350,2071"/>
                <Baseline points="1364,2108 1410,2108 1457,2107 1503,2107 1550,2107 1597,2106 1643,2106 1690,2105 1737,2105 1783,2104 1830,2104 1877,2103 1923,2103 1970,2102 2017,2102 2063,2101 2110,2101 2157,2100 2203,2100 2250,2099 2297,2099"/>
                <TextEquiv>
                    <Unicode>im flüchtigen Vorüberhuschen der Szenenbilder</Unicode>
                </TextEquiv>
            </TextLine>
            <TextLine id="r1l37" custom="readingOrder {index:36;}">
                <Coords points="395,2125 1352,2106 1334,2058 544,2082 394,2060"/>
                <Baseline points="407,2113 453,2112 500,2111 546,2110 593,2109 640,2108 686,2108 733,2107 780,2106 826,2106 873,2105 920,2104 966,2104 1013,2103 1060,2102 1106,2102 1153,2101 1200,2100 1246,2099 1293,2099 1340,2098"/>
                <TextEquiv>
                    <Unicode>schauer, denn als jener der Schauspieler und des</Unicode>
                </TextEquiv>
            </TextLine>
            <TextLine id="r1l38" custom="readingOrder {index:37;}">
                <Coords points="396,2144 2312,2138 395,2117"/>
                <Baseline points="408,2153 502,2150 597,2148 691,2147 786,2146 881,2146 975,2145 1070,2145 1164,2146 1259,2146 1354,2146 1448,2146 1543,2146 1637,2146 1732,2146 1827,2145 1921,2145 2016,2143 2110,2142 2205,2139 2300,2136"/>
                <TextEquiv>
                    <Unicode>Dichters verweilte. Wie man nur so viele gutensfassen und würdigen zu können. Uebrigens!</Unicode>
                </TextEquiv>
            </TextLine>
            <TextLine id="r1l39" custom="readingOrder {index:38;}">
                <Coords points="394,2199 2305,2196 2305,2140 394,2146"/>
                <Baseline points="406,2195 500,2193 594,2191 689,2189 783,2188 877,2187 972,2187 1066,2187 1160,2187 1255,2187 1349,2188 1443,2188 1538,2188 1632,2188 1726,2188 1821,2187 1915,2187 2009,2185 2104,2183 2198,2181 2293,2177"/>
                <TextEquiv>
                    <Unicode>Jahre seines Lebens damit verlieren konnte, all=Ischeint auch der Autor selbst ein deutliches Gefühl</Unicode>
                </TextEquiv>
            </TextLine>
            <TextLine id="r1l40" custom="readingOrder {index:39;}">
                <Coords points="393,2239 2022,2246 2302,2194 393,2200"/>
                <Baseline points="406,2234 500,2233 594,2231 688,2230 783,2230 877,2229 971,2229 1065,2228 1160,2228 1254,2228 1348,2228 1442,2228 1537,2228 1631,2228 1725,2228 1819,2228 1914,2228 2008,2227 2102,2227 2196,2226 2291,2224"/>
                <TextEquiv>
                    <Unicode>abendlich in diesem mehr oder minder peinlichen der Verstiegenheit seiner Motive gehabt zu haben,</Unicode>
                </TextEquiv>
            </TextLine>
            <TextLine id="r1l41" custom="readingOrder {index:40;}">
                <Coords points="391,2280 2278,2282 2312,2226 391,2234"/>
                <Baseline points="404,2278 498,2275 593,2273 688,2271 783,2270 877,2269 972,2269 1067,2269 1162,2270 1256,2270 1351,2271 1446,2271 1541,2272 1635,2272 1730,2273 1825,2272 1920,2272 2014,2271 2109,2269 2204,2267 2299,2264"/>
                <TextEquiv>
                    <Unicode>Dunstkreise zu sitzen und anderntags mit wichtigersdenn er stellt in der Person eines Hausfreundes</Unicode>
                </TextEquiv>
            </TextLine>
            <TextLine id="r1l42" custom="readingOrder {index:41;}">
                <Coords points="389,2318 1254,2320 1348,2314 1348,2271 389,2280"/>
                <Baseline points="401,2318 447,2317 494,2317 541,2316 588,2316 635,2315 681,2315 728,2314 775,2313 822,2313 869,2312 915,2312 962,2311 1009,2311 1056,2311 1103,2310 1149,2310 1196,2310 1243,2310 1290,2310 1337,2310"/>
                <TextEquiv>
                    <Unicode>Riene zu verkünden, daß man wieder einmal</Unicode>
                </TextEquiv>
            </TextLine>
            <TextLine id="r1l43" custom="readingOrder {index:42;}">
                <Coords points="1351,2332 2305,2305 2232,2269 1351,2282"/>
                <Baseline points="1363,2315 1409,2315 1456,2315 1502,2315 1549,2315 1595,2314 1642,2314 1688,2314 1735,2313 1781,2313 1828,2313 1874,2312 1921,2312 1967,2311 2014,2311 2060,2310 2107,2310 2153,2309 2200,2309 2246,2308 2293,2308"/>
                <TextEquiv>
                    <Unicode>der beiden Ehe=Experimentatoren einen Raison¬</Unicode>
                </TextEquiv>
            </TextLine>
            <TextLine id="r1l44" custom="readingOrder {index:43;}">
                <Coords points="385,2389 2310,2355 385,2319"/>
                <Baseline points="398,2362 493,2359 588,2356 683,2355 778,2354 873,2353 968,2353 1063,2353 1158,2353 1253,2354 1348,2354 1443,2355 1538,2356 1633,2356 1728,2356 1823,2356 1918,2355 2013,2354 2108,2352 2203,2350 2299,2347"/>
                <TextEquiv>
                    <Unicode>Rüber das künstlerische Schaffen anderer Menschen neur auf die Szene, der dem gesunden Menschen¬</Unicode>
                </TextEquiv>
            </TextLine>
            <TextLine id="r1l45" custom="readingOrder {index:44;}">
                <Coords points="397,2406 2304,2418 2318,2355 397,2370"/>
                <Baseline points="410,2401 504,2399 599,2397 694,2396 789,2396 884,2396 979,2396 1073,2396 1168,2396 1263,2397 1358,2397 1453,2398 1548,2398 1643,2398 1737,2398 1832,2398 1927,2397 2022,2396 2117,2395 2212,2393 2307,2390"/>
                <TextEquiv>
                    <Unicode>etwas zu „meinen“ sich bemüßigt fühle! Ich be=verstand oft und deutlich genug das Wort redet.</Unicode>
                </TextEquiv>
            </TextLine>
            <TextLine id="r1l46" custom="readingOrder {index:45;}">
                <Coords points="394,2456 2319,2441 2068,2389 394,2405"/>
                <Baseline points="405,2443 500,2441 595,2439 690,2438 785,2437 880,2437 975,2437 1071,2438 1166,2438 1261,2439 1356,2439 1451,2440 1546,2440 1641,2440 1737,2440 1832,2439 1927,2438 2022,2436 2117,2434 2212,2431 2308,2427"/>
                <TextEquiv>
                    <Unicode>griff das schlechterdings nicht mehr! Begriff auch Schade nur, daß dieser brave, derbe Albertus Rhon</Unicode>
                </TextEquiv>
            </TextLine>
            <TextLine id="r1l47" custom="readingOrder {index:46;}">
                <Coords points="389,2492 2201,2492 2322,2441 389,2463"/>
                <Baseline points="402,2484 497,2483 592,2482 688,2481 783,2480 878,2480 974,2480 1069,2480 1164,2480 1260,2480 1355,2480 1450,2480 1546,2481 1641,2481 1736,2480 1832,2480 1927,2479 2022,2478 2118,2477 2213,2475 2309,2473"/>
                <TextEquiv>
                    <Unicode>nicht, weshalb um jeden Preis in jedem Jahr so= innerhalb des Stückes wie eine große, plumpe Stil¬</Unicode>
                </TextEquiv>
            </TextLine>
            <TextLine id="r1l48" custom="readingOrder {index:47;}">
                <Coords points="391,2529 2312,2545 2312,2475 391,2495"/>
                <Baseline points="404,2528 498,2526 593,2524 688,2523 783,2522 878,2522 973,2522 1067,2522 1162,2522 1257,2522 1352,2523 1447,2523 1542,2524 1637,2524 1731,2524 1826,2523 1921,2522 2016,2521 2111,2520 2206,2517 2301,2514"/>
                <TextEquiv>
                    <Unicode>viel gescheidte Leute sich mit schlechten Stücken widrigkeit dasteht! Ich werde den Argwohn nicht</Unicode>
                </TextEquiv>
            </TextLine>
            <TextLine id="r1l49" custom="readingOrder {index:48;}">
                <Coords points="389,2568 2213,2574 2305,2524 388,2529"/>
                <Baseline points="400,2571 494,2568 589,2566 683,2564 778,2563 873,2562 967,2562 1062,2562 1157,2562 1251,2563 1346,2563 1441,2564 1535,2564 1630,2565 1725,2565 1819,2565 1914,2565 2009,2564 2103,2563 2198,2560 2293,2558"/>
                <TextEquiv>
                    <Unicode>kompromittieren, warum begabte Schauspieler anlsos, daß er erst nachträglich in die Handlung hinein¬</Unicode>
                </TextEquiv>
            </TextLine>
            <TextLine id="r1l50" custom="readingOrder {index:49;}">
                <Coords points="385,2623 2318,2619 2318,2549 385,2589"/>
                <Baseline points="396,2613 491,2610 587,2608 682,2606 778,2605 873,2605 969,2605 1064,2605 1160,2605 1255,2605 1351,2606 1447,2607 1542,2607 1638,2607 1733,2607 1829,2607 1924,2607 2020,2605 2115,2604 2211,2602 2307,2599"/>
                <TextEquiv>
                    <Unicode>aussichtslose Stücke so viel Ehrgeiz und Nerven komponiert worden ist, um das ursprünglich sehr</Unicode>
                </TextEquiv>
            </TextLine>
            <TextLine id="r1l51" custom="readingOrder {index:50;}">
                <Coords points="397,2667 2185,2665 2318,2651 2318,2588 397,2618"/>
                <Baseline points="410,2655 504,2652 599,2650 694,2648 789,2647 884,2647 979,2647 1073,2647 1168,2648 1263,2648 1358,2649 1453,2649 1548,2650 1643,2650 1737,2650 1832,2650 1927,2649 2022,2648 2117,2646 2212,2643 2307,2640"/>
                <TextEquiv>
                    <Unicode>verschwenden müssen! Andererseits bot mir diesernsthaft gedachte Stück vor dem Spott der</Unicode>
                </TextEquiv>
            </TextLine>
            <TextLine id="r1l52" custom="readingOrder {index:51;}">
                <Coords points="390,2693 2306,2711 2325,2646 390,2662"/>
                <Baseline points="402,2697 497,2695 593,2693 688,2692 784,2691 879,2690 975,2690 1070,2690 1166,2690 1261,2690 1357,2690 1452,2690 1548,2690 1643,2691 1739,2691 1834,2690 1930,2690 2025,2689 2121,2688 2216,2687 2312,2685"/>
                <TextEquiv>
                    <Unicode>Aufführung einen seinen, stillen, von behaglicher Nicht=Aestheten und Nicht=Snobs zu retten. Ur¬</Unicode>
                </TextEquiv>
            </TextLine>
            <TextLine id="r1l53" custom="readingOrder {index:52;}">
                <Coords points="1240,2716 1256,2716 1269,2711 1271,2713 1290,2713 1300,2718 1312,2718 1312,2694 1295,2694 1290,2689 1288,2692 1283,2689 1276,2689 1273,2692 1266,2689 1261,2692 1240,2692"/>
                <Baseline points="1251,2712 1276,2711 1301,2712"/>
                <TextEquiv>
                    <Unicode>KPI</Unicode>
                </TextEquiv>
            </TextLine>
            <TextLine id="r1l54" custom="readingOrder {index:53;}">
                <Coords points="385,2743 2333,2724 2332,2673 385,2705"/>
                <Baseline points="398,2739 494,2737 590,2734 686,2733 782,2731 878,2731 974,2730 1071,2730 1167,2730 1263,2730 1359,2731 1455,2731 1551,2731 1647,2731 1744,2731 1840,2731 1936,2730 2032,2729 2128,2728 2224,2726 2321,2723"/>
                <TextEquiv>
                    <Unicode>Ironie umwitterten Genuß. Von der Beschäftig=Isprünglich — denke ich mir — waren die handeln¬</Unicode>
                </TextEquiv>
            </TextLine>
            <TextLine id="r1l55" custom="readingOrder {index:54;}">
                <Coords points="395,2771 2108,2789 2318,2728 395,2744"/>
                <Baseline points="408,2781 502,2778 597,2775 692,2773 787,2772 882,2771 977,2771 1071,2771 1166,2771 1261,2772 1356,2772 1451,2773 1546,2774 1641,2774 1735,2774 1830,2774 1925,2774 2020,2773 2115,2771 2210,2769 2305,2766"/>
                <TextEquiv>
                    <Unicode>ung mit Sternen und Steinen, Blumen und Kä=den Figuren und ihre Konflikte auf ein Milien</Unicode>
                </TextEquiv>
            </TextLine>
            <TextLine id="r1l56" custom="readingOrder {index:55;}">
                <Coords points="396,2822 2283,2821 2319,2770 396,2788"/>
                <Baseline points="408,2819 503,2816 598,2815 693,2814 788,2813 883,2813 978,2813 1073,2813 1168,2814 1263,2814 1358,2815 1453,2816 1548,2816 1643,2816 1738,2816 1833,2816 1928,2815 2023,2814 2118,2812 2213,2809 2308,2806"/>
                <TextEquiv>
                    <Unicode>forn herkommend, konnte ich Stück und Aufführ= gestimmt, wie es etwa die Olbrichschen Nachahm¬</Unicode>
                </TextEquiv>
            </TextLine>
            <TextLine id="r1l57" custom="readingOrder {index:56;}">
                <Coords points="397,2862 2333,2878 2311,2801 397,2823"/>
                <Baseline points="410,2863 505,2860 601,2858 696,2856 792,2855 887,2855 983,2854 1078,2855 1174,2855 1269,2855 1365,2856 1461,2856 1556,2857 1652,2857 1747,2857 1843,2857 1938,2856 2034,2854 2129,2853 2225,2850 2321,2847"/>
                <TextEquiv>
                    <Unicode>ung gleichsam wie einen bunten Insektenflügellungen Makintoshscher Innenräume darstellen. Ins</Unicode>
                </TextEquiv>
            </TextLine>
            <TextLine id="r1l58" custom="readingOrder {index:57;}">
                <Coords points="400,2906 2326,2906 2234,2854 400,2872"/>
                <Baseline points="412,2904 507,2902 602,2900 697,2899 792,2898 887,2897 982,2897 1078,2897 1173,2897 1268,2898 1363,2898 1458,2898 1553,2899 1648,2899 1744,2899 1839,2899 1934,2898 2029,2897 2124,2896 2219,2895 2315,2892"/>
                <TextEquiv>
                    <Unicode>in Handen helten, mir meine heimlichen Gedau=seinem großen Zimmer mit zartgetönten Wänden,]</Unicode>
                </TextEquiv>
            </TextLine>
            <TextLine id="r1l59" custom="readingOrder {index:58;}">
                <Coords points="397,2944 2277,2947 2323,2896 397,2908"/>
                <Baseline points="410,2948 505,2945 600,2943 695,2941 790,2939 885,2939 980,2938 1075,2938 1170,2939 1265,2939 1360,2939 1455,2940 1550,2940 1645,2941 1740,2941 1835,2940 1930,2939 2025,2938 2120,2936 2215,2934 2311,2931"/>
                <TextEquiv>
                    <Unicode>ken über das kuriose Naturspiel machen, die ver=Iweißen Möbeln, blassen kränkelnden Blumen soll¬</Unicode>
                </TextEquiv>
            </TextLine>
            <TextLine id="r1l60" custom="readingOrder {index:59;}">
                <Coords points="1352,2988 2285,2987 2321,2982 2321,2934 1352,2947"/>
                <Baseline points="1365,2980 1412,2981 1459,2982 1506,2982 1553,2982 1600,2982 1647,2982 1695,2982 1742,2981 1789,2981 1836,2981 1883,2980 1930,2980 1977,2979 2025,2979 2072,2978 2119,2978 2166,2977 2213,2977 2260,2977 2308,2977"/>
                <TextEquiv>
                    <Unicode>ten dekadente Menschen aus entarteten Gefühlen</Unicode>
                </TextEquiv>
            </TextLine>
            <TextLine id="r1l61" custom="readingOrder {index:60;}">
                <Coords points="383,2982 1360,2992 1359,2939 1267,2935 383,2951"/>
                <Baseline points="396,2990 443,2989 491,2988 538,2987 586,2986 633,2985 681,2984 728,2983 776,2983 823,2982 871,2981 919,2981 966,2980 1014,2980 1061,2980 1109,2979 1156,2979 1204,2979 1251,2979 1299,2979 1347,2979"/>
                <TextEquiv>
                    <Unicode>borgenen Notwendigkeiten seines Werdens ahnen</Unicode>
                </TextEquiv>
            </TextLine>
            <TextLine id="r1l62" custom="readingOrder {index:61;}">
                <Coords points="1365,3028 2278,3030 2319,3020 2319,2983 1365,2989"/>
                <Baseline points="1378,3023 1424,3023 1471,3023 1517,3023 1564,3023 1610,3022 1657,3022 1703,3021 1750,3021 1796,3020 1843,3019 1889,3019 1936,3018 1982,3018 2029,3017 2075,3017 2122,3017 2168,3017 2215,3017 2261,3017 2308,3017"/>
                <TextEquiv>
                    <Unicode>mit geheimnisvollen Redereien ein unwahrschein¬</Unicode>
                </TextEquiv>
            </TextLine>
            <TextLine id="r1l63" custom="readingOrder {index:62;}">
                <Coords points="389,3030 1276,3033 1360,3027 1360,2984 388,2982"/>
                <Baseline points="402,3035 449,3033 496,3030 543,3029 591,3027 638,3026 685,3025 733,3024 780,3024 827,3023 875,3023 922,3022 969,3022 1016,3022 1064,3022 1111,3021 1158,3021 1206,3021 1253,3021 1300,3020 1348,3020"/>
                <TextEquiv>
                    <Unicode>und auf alle kritische Bessern„ ferei gelassen ver¬</Unicode>
                </TextEquiv>
            </TextLine>
            <TextLine id="r1l64" custom="readingOrder {index:63;}">
                <Coords points="1352,3072 2311,3080 2311,3022 1352,3033"/>
                <Baseline points="1365,3063 1411,3064 1458,3064 1505,3065 1552,3065 1598,3065 1645,3064 1692,3064 1739,3063 1785,3062 1832,3062 1879,3061 1926,3060 1972,3060 2019,3059 2066,3059 2113,3059 2159,3059 2206,3060 2253,3061 2300,3062"/>
                <TextEquiv>
                    <Unicode>liches Schiclsal ertifteln. Das wäre dann sehr apart</Unicode>
                </TextEquiv>
            </TextLine>
            <TextLine id="r1l65" custom="readingOrder {index:64;}">
                <Coords points="397,3081 1359,3073 1337,3022 397,3040"/>
                <Baseline points="410,3076 456,3074 503,3071 550,3070 597,3068 644,3067 691,3067 737,3066 784,3065 831,3065 878,3065 925,3065 972,3064 1019,3064 1065,3064 1112,3064 1159,3064 1206,3063 1253,3063 1300,3062 1347,3061"/>
                <TextEquiv>
                    <Unicode>zichten. Was für verzwickte Gebilde bringt die</Unicode>
                </TextEquiv>
            </TextLine>
            <TextLine id="r1l66" custom="readingOrder {index:65;}">
                <Coords points="1362,3113 2316,3113 2316,3067 1361,3075"/>
                <Baseline points="1374,3106 1420,3105 1467,3104 1513,3104 1560,3103 1606,3103 1653,3103 1699,3102 1746,3102 1792,3102 1839,3102 1886,3102 1932,3102 1979,3103 2025,3103 2072,3103 2118,3102 2165,3102 2211,3102 2258,3102 2305,3101"/>
                <TextEquiv>
                    <Unicode>und, bei aller Kränklichkeit, sehr stilvoll gewesen.</Unicode>
                </TextEquiv>
            </TextLine>
            <TextLine id="r1l67" custom="readingOrder {index:66;}">
                <Coords points="398,3127 1335,3114 1362,3068 398,3081"/>
                <Baseline points="411,3113 457,3111 504,3110 551,3108 598,3107 645,3106 692,3106 739,3106 786,3106 833,3106 880,3106 926,3106 973,3105 1020,3105 1067,3105 1114,3104 1161,3103 1208,3102 1255,3100 1302,3099 1349,3096"/>
                <TextEquiv>
                    <Unicode>Natur hervor, um ihre Geschöpfe im Doseins¬</Unicode>
                </TextEquiv>
            </TextLine>
            <TextLine id="r1l68" custom="readingOrder {index:67;}">
                <Coords points="401,3162 2138,3159 2314,3149 2314,3103 401,3121"/>
                <Baseline points="412,3151 506,3148 601,3147 695,3146 790,3145 884,3144 979,3144 1073,3143 1168,3143 1262,3143 1357,3144 1452,3144 1546,3144 1641,3144 1735,3144 1830,3144 1924,3143 2019,3143 2113,3142 2208,3141 2303,3140"/>
                <TextEquiv>
                    <Unicode>kampf zu schützen oder zu stärken! Auf was für So aber, wie's jetzt ist, glaube ich, daß weder die</Unicode>
                </TextEquiv>
            </TextLine>
            <TextLine id="r1l69" custom="readingOrder {index:68;}">
                <Coords points="391,3207 2194,3204 2319,3136 391,3168"/>
                <Baseline points="404,3190 499,3191 594,3192 689,3192 784,3193 879,3193 974,3193 1070,3193 1165,3193 1260,3192 1355,3192 1450,3191 1545,3191 1640,3190 1736,3189 1831,3188 1926,3187 2021,3186 2116,3185 2211,3184 2307,3183"/>
                <TextEquiv>
                    <Unicode>verzwickte Einfälle kommen geistreiche Schrift=Aestheien noch die Analphabeten etwas mit dem</Unicode>
                </TextEquiv>
            </TextLine>
            <TextLine id="r1l70" custom="readingOrder {index:69;}">
                <Coords points="396,3251 2085,3259 2353,3239 2353,3166 396,3207"/>
                <Baseline points="409,3241 505,3239 602,3238 698,3236 795,3235 892,3234 988,3233 1085,3232 1181,3231 1278,3231 1375,3230 1471,3230 1568,3230 1664,3230 1761,3230 1858,3230 1954,3231 2051,3231 2147,3232 2244,3233 2341,3234"/>
                <TextEquiv>
                    <Unicode>steller, um ein theaterlustiges Geschlecht zahlungs= Stücke werden anfangen könne nuch dann nicht,</Unicode>
                </TextEquiv>
            </TextLine>
            <TextEquiv>
                <Unicode>box 25/4
20. Zuischensniel
—.—
W NAMERTHEEE
jahiger, sich langweilender Zeitgenossen zu unter=wenn man es in einer Wiener G’schnasausstattungs
halten! Besonders das Liebesleben bietet der Na=sso gut aufführt, wie das durch die Dami Swo¬
Lssen (Hilligenlei).
tur Veranlassung zu den erstannlichsten Ersind=[boda, v. Hagen, Lossen und die Herren
ungen, und besonders das Problem der Ehe stif=[Monnard, Lützenkirchen, Waldau bei
stet unsere witzigen Literaten zu den komplizierte=uns in München geschah.
, Znischenpiel.
Und draußen vor dem Theater leuchtete so gol¬
sten Konstruktionen auf.
Komödie in 3 Akten von Arthur Schnitzler.
Arthur Schnitzler, dessen Komödie „Zwischen=denklar der Mond und zogen vor dem wuchtenden
spiel“ den Anlaß zu den vorliegenden Zeilen gibt, Föhn die blauen Wanderwölkchen über den unend¬
(Erstaufführung am 13. Jan, im K. Restdenzteer)
E. E.
#lichen Himmel —.
Der Zufall, daß an einem einzigen Abend gleich
geht auf diesem Wege nun schon fast so weit, daß
vier Erstaufführungen stattsanden, hat mich aus
ich weltunkundiger Barbar ihm kaum noch zu fol¬
1
der Stille meiner wissenschaftlichen Studien wie=gen vermag. Man müßte ein Franzose — oder
vielleicht auch ein Wiener aus dem Aesthetenzirkel
der einmal in die schillernde, plappernde, eitele
der Bahrschen „Wienerinnen“ sein —, um all die
Welt des Theaters geführt. Das war ein ganz
steilgestelzten Geistreicheleien der Ehe=Händel
eigenartiges, beinahe erlebenswertes Abenteuer,
zwischen Kapellmeister Amadeus Adams und
denn ich sand mich jener Welt dermaßen entfrem¬
Frau Opernsängerin Cäcilie Adams=Ortenburgn
det, daß ich darin fast mehr als mein eigener Zu¬
im flüchtigen Vorüberhuschen der Szenenbilder
schauer, denn als jener der Schauspieler und des
Dichters verweilte. Wie man nur so viele gutensfassen und würdigen zu können. Uebrigens!
Jahre seines Lebens damit verlieren konnte, all=Ischeint auch der Autor selbst ein deutliches Gefühl
abendlich in diesem mehr oder minder peinlichen der Verstiegenheit seiner Motive gehabt zu haben,
Dunstkreise zu sitzen und anderntags mit wichtigersdenn er stellt in der Person eines Hausfreundes
Riene zu verkünden, daß man wieder einmal
der beiden Ehe=Experimentatoren einen Raison¬
Rüber das künstlerische Schaffen anderer Menschen neur auf die Szene, der dem gesunden Menschen¬
etwas zu „meinen“ sich bemüßigt fühle! Ich be=verstand oft und deutlich genug das Wort redet.
griff das schlechterdings nicht mehr! Begriff auch Schade nur, daß dieser brave, derbe Albertus Rhon
nicht, weshalb um jeden Preis in jedem Jahr so= innerhalb des Stückes wie eine große, plumpe Stil¬
viel gescheidte Leute sich mit schlechten Stücken widrigkeit dasteht! Ich werde den Argwohn nicht
kompromittieren, warum begabte Schauspieler anlsos, daß er erst nachträglich in die Handlung hinein¬
aussichtslose Stücke so viel Ehrgeiz und Nerven komponiert worden ist, um das ursprünglich sehr
verschwenden müssen! Andererseits bot mir diesernsthaft gedachte Stück vor dem Spott der
Aufführung einen seinen, stillen, von behaglicher Nicht=Aestheten und Nicht=Snobs zu retten. Ur¬
KPI
Ironie umwitterten Genuß. Von der Beschäftig=Isprünglich — denke ich mir — waren die handeln¬
ung mit Sternen und Steinen, Blumen und Kä=den Figuren und ihre Konflikte auf ein Milien
forn herkommend, konnte ich Stück und Aufführ= gestimmt, wie es etwa die Olbrichschen Nachahm¬
ung gleichsam wie einen bunten Insektenflügellungen Makintoshscher Innenräume darstellen. Ins
in Handen helten, mir meine heimlichen Gedau=seinem großen Zimmer mit zartgetönten Wänden,]
ken über das kuriose Naturspiel machen, die ver=Iweißen Möbeln, blassen kränkelnden Blumen soll¬
ten dekadente Menschen aus entarteten Gefühlen
borgenen Notwendigkeiten seines Werdens ahnen
mit geheimnisvollen Redereien ein unwahrschein¬
und auf alle kritische Bessern„ ferei gelassen ver¬
liches Schiclsal ertifteln. Das wäre dann sehr apart
zichten. Was für verzwickte Gebilde bringt die
und, bei aller Kränklichkeit, sehr stilvoll gewesen.
Natur hervor, um ihre Geschöpfe im Doseins¬
kampf zu schützen oder zu stärken! Auf was für So aber, wie's jetzt ist, glaube ich, daß weder die
verzwickte Einfälle kommen geistreiche Schrift=Aestheien noch die Analphabeten etwas mit dem
steller, um ein theaterlustiges Geschlecht zahlungs= Stücke werden anfangen könne nuch dann nicht,</Unicode>
            </TextEquiv>
        </TextRegion>
    </Page>
</PcGts>
