3436 4352
1403 287 1844 375 box 25/2
328 285 1255 396 20. Zuischensniel
892 1088 2024 1176 kg. Im Berliner Lessing=Theater ist es Arthur
809 1140 2011 1208 Schnitzlers dreiaktiger Komödie Zwischenspiel gelungen,
813 1189 2007 1242 sich beim Publikum durchzusetzen und eine Aufnahme zu er¬
811 1236 2010 1288 zielen, die dem Stücke in Wien versagt worden war. So be¬
826 1278 2014 1335 steht also die große Wahrscheinlichkeit, daß es sich in diesem
819 1322 2013 1372 Falle um ein verhältnismäßig brauchbares Beispiel für die
820 1367 2016 1414 Erkenntnis des differenten genius loci in Sachen des ästheti¬
813 1410 2014 1456 schen Urteils handelt. Ob aber nun die Wiener oder die
809 1445 2011 1496 Berliner sich hier des höheren Standpunktes bemächtigten, ist
811 1492 2014 1541 nicht leicht zu entscheiden. Wir selbst halten diese Schnitzlersche
818 1539 2020 1587 Komödie fur das beste, weil inhaltlich reichste Buhnenstück,
825 1582 2015 1631 das uns bisher aus seinen Leistungen vorgeführt
822 1625 2020 1682 wurde, aber dabei müssen wir auch gestehen, daß
819 1669 2016 1724 der Name Schnitzler auf dem Theaterzettel uns nicht
820 1713 897 1761 in
901 1711 1613 1773 ausschweifende Erwartungen zu
1620 1708 2013 1772 verleiten pflegte.
829 1759 2023 1809 Seit Sonnabend hat sich das immerhin verbessert. Des Autors
828 1799 2018 1852 Streben, sich aus dem allzu merklichen Epigonentum herauszu¬
814 1843 2013 1895 arbeiten, darf nunmehr ernster genommen werden. Freilich
817 1884 2014 1938 wird er noch zeigen müssen, daß er wirklich die Kraft besitzt,
823 1935 2022 1983 den Sinn seines freigewählten Problems für einen ganzen
825 1968 2018 2009 Abend klar festzuhalten und statt einer uneinheitlichen Galerie
821 2018 2024 2064 szenischer Miniaturen das in Aufstieg und Ablauf harmo¬
818 2061 2014 2116 nierende Wandelpanorama zu schaffen, mit dem ein
819 2110 2025 2160 rechtes Schauspiel zu vergleichen immer möglich sein
822 2155 2027 2201 muß. Vielleicht hatten die Wiener Premierenbesucher
817 2186 2017 2239 aber nicht so sehr an diesen inneren Unfertigkeiten
815 2232 2027 2289 des Zwischenspiels als an dem allerdings befremdenden
824 2275 2024 2323 Halbdunkel Anstoß genommen, in das Schnitzlers Absichten
819 2321 2019 2367 sich bei der Diktionsführung hier noch mehr als sonst ein¬
816 2355 2019 2419 gehüllt haben. In Berlin liebt man das parabolische Hin¬
823 2406 2023 2469 durchschwirren des Sarkasmus über alles und weiß ihn mit
823 2449 2028 2502 einer Hingabe aufzusuchen, oder vielmehr im Fluge zu erhaschen,
815 2496 2018 2539 die wahrscheinlich nirgends ihresgleichen findet. Deutlich war
817 2531 2026 2594 während dieser Erstaufführung zu bemerken, wie die Hörer bei
830 2582 2023 2639 allen den geistig equilibrierenden Dialogen nicht nur mit¬
819 2618 2022 2675 arbeiteten, sondern sie sich mehrfach zum entschiedenen Vorteil
819 2675 2018 2724 des Dichters auslegerisch ergänzten. Man nahm tatsächlich
827 2711 2029 2755 einige Stellen tiefer, als sie gedacht waren, oder wenigstens
828 2750 2025 2806 dem Habitus des Gefüges nach gedacht sein können,
821 2800 933 2854 und
932 2799 2029 2851 bewunderte gerade solche Würfe die doch
825 2840 2024 2892 nur wegen der künstlichen Abschüssigkeit des glatten
816 2883 2019 2937 Wortgeplänkels ihr Ziel erreichten, genau so simpel, wie die
825 2927 2022 2980 in der Laufrinne rückbeförderte Kegelkugel den Sammelkasten.
817 2975 2022 3015 Arthur Schnitzler hat also bei uns den Boden gefunden, den
819 3012 2019 3074 er zur absolut vorteilhaften Ergänzung des in Wirklichkeit
817 3059 2019 3113 von ihm Geleisteten brauchte, aber die Wiener haben diesmal,
821 3103 2023 3163 wenn auch vielleicht minder subtil, so doch unbefangener ge¬
813 3147 2018 3220 urteilt. Um der Handlung der Schnitzlerschen Komödie gerecht
821 3187 2026 3245 zu werden, müßte man sie erläuternd schildern statt sie in
821 3243 2017 3291 Kürze nachzuerzählen, was aber doch der einzige Weg ist, hier
825 3275 2024 3321 mit ihr fertig zu werden. Kapellmeister Adams und seine
823 3319 2022 3367 Frau, die Opernsängerin Cäcilie Adams=Ortenburg, sind ge¬
820 3366 2017 3419 feierte Größen und wissen das. Sie haben als Vertreter
821 3419 2017 3460 eines heute vielerstrebten psychologischen Geistesdünkels, den man
824 3449 2030 3497 später vielleicht einmal als Ueberseelentum kennzeichnen wird, ihre
831 3497 2027 3541 Ehe auf rückhaltloser Wahrhaftigkeit voreinander aufzubauen
832 3536 2025 3591 beschlossen. Was sie tun, soll Nebensache sein, wenn's nur
823 3583 2022 3636 stets offen bekannt wird. Also läßt sich Meister Adams von
831 3620 2021 3666 einer auch opernverderbenden Sirene betoren, und Cäcilie wird
832 3660 2021 3721 durch die übliche Aussprache, deren Offenheit aber schon
835 3722 2027 3770 lahmt, einem stillen Verehrer zugedrängt, dem jungen Fürsten
833 3755 2014 3815 Maradas=Lohsenstein. Daß sie ihm bereits recht geneigt war
828 3803 2014 3849 ehe der Gatte seinerseits abfiel, ist leider ein Verstoß gegen
827 3843 2032 3898 den Grundgedanken der Entwicklung. Aber darüber spinti
837 3886 2022 3941 sieren sie uns hinweg. Aus der Ehe wird nun eine Künstler¬
829 3932 2026 3980 kameradschaft, das fünfjährige Söhnchen zum Requisit. Da
838 3967 2032 4022 Schnitzler viel zu diskret ist, den Kleinen als heilenden
833 4018 2041 4085 Gipsverband für diese Ehe in offener Gefellschaft zu
1995 161 2566 241 den 29. „oremder
2021 309 3240 374 benutzen, hätte er das Bühnenkind zwar entbehren
2016 376 3232 436 können aber es soll wohl ein lebendes Zeugnis
2023 409 3237 458 für dasjenige bilden, was ein so geistgerüsteter Dichter alles
2032 456 3231 509 verschmäht. Mit dem zweiten Akt kommt Cäcilie im Triumph
2025 499 3245 549 von einem kolossalen Gastspiel zurück, Amadeus Adams aber
2026 546 3234 597 hat in einem stillen Alpental geschwelgt — sein Librettist
2025 599 3236 649 Albertus Rhon diente dabei als Chaperon ohne Einspruchs¬
2021 625 3246 676 recht —, hat von der Verführerin dann den Abschied erhalten
2036 675 3239 719 und das Erlebnis gut verwunden. Man spricht sich nochmals
2031 721 3239 778 aus. Fürst Sigismund wae Cäcilien stets als ihr stiller
2038 754 3249 801 Schäfer gefolgt, was ihr eigenes Verlangen gerade jetzt bis
2036 798 3239 847 zum entscheidenden Grade erhitzt hat. In ihrer Sehnsucht ist
2036 845 3248 897 sie eine andere geworden, und in diese andere verliebt sich
2033 897 3234 944 Herr Adams. Jene neue Aussprachszene, deren Länge man
2026 932 3252 978 nicht fühlt weil alles darin bald funkelt, bald nachglüht.
2035 980 3252 1027 bald irisiert, opalisiert—oder tadtädörisiert, entschied
2030 1018 3248 1065 auch den Erfolg, und er war, wenn feine Klein¬
3124 1061 3247 1120 Ob¬
2030 1057 3089 1109 arbeit ihn rechtfertigen kann, wohlverdient.
2038 1096 3252 1163 gleich Frau Cäcilie eine „Gefahr für uns beide“ darin sieht,
2037 1147 3254 1184 ergibt sie sich zuletzt doch dem Liebeswerben des Herrn
2022 1173 3249 1244 Kameraden. Beim Fallen des Vorhanges fragte man sich,
2041 1234 3248 1298 was der Schlußakt in aller Welt noch bringen könne. Er
2031 1284 3250 1340 ließ uns dem Versuche zusehen, die schon allzuweit vorge¬
2037 1317 3245 1374 schrittene Entwicklung psychologisch zurückzukrempeln, und das
2041 1363 3252 1420 hat Schnitzler mit einer Geschicklichkeit und Umsicht unter¬
2035 1411 3254 1467 nommen, die auch den Gegner für seine Kunst einnehmen
2040 1447 3251 1502 muß. Adams erhält Cäciliens Absage. Sie hat, wiewohl der
2037 1492 3251 1548 Fürst in einer erheiternden und doch nicht komisch gehaltenen
2042 1537 3251 1589 Szene dem Gatten das Feld räumt, jetzt eingesehen, daß ihre
2039 1581 3255 1630 Ehe ein Trugbild ohne echten Halt war, und daß gerade
2031 1627 3254 1683 die freien Aussprachen Spiegelfechterei gewesen seien, bei der nur
2032 1668 3254 1725 die heuchlerische Furcht das Wort führte. Beide hatten sie sich
2046 1712 3260 1759 der natürlichen Empfindung geschämt und einander etwas vor¬
2037 1754 3260 1815 stolziert; die Eifersucht war als unwürdige Regung im Herzen
2044 1795 3196 1851 eingesperrt worden und hatte dort die Liebe heimlich
2036 1832 3259 1892 schanden gebissen. Aber beim Ende, als Adams schon
2966 1882 3257 1943 und nun ist's
2042 1883 2966 1939 senszend verschwunden ist, lebt sie wieder auf, —
2051 1937 3252 1984 eben Unsinn geworden. Schnitzler hätte ruhig der Außenwelt,
2041 1969 3250 2009 die einmal schon mit ihrem nüchternen Urteil in diese nutzlose
2050 2019 3259 2074 Seelenrösterei hineinlugt, die entscheidende Wendung anheim¬
2035 2055 3258 2113 stellen sollen: daß nämlich zwei so vornehm denkende Menschen
2032 2104 3258 2153 nicht unter dem dringenden Verdacht beisammenleben können,
2041 2148 3250 2198 mit einem dritten, hier dem Fürsten, unlauteres Spiel ge¬
2032 2193 3254 2237 trieben zu haben. Zur Halfte ist das sogar wahr,
2121 2231 3253 2296 es gedeiht in diesem Zwischenspiel eben alles genau
2037 2275 3252 2327 bis zur Halfte. Adams wirft seinem Freunde Rhon,
2037 2317 2141 2371 der
2156 2318 3247 2380 sacht zur Possenfigur absinkt, einmal vor, er
2045 2367 3260 2419 kenne das Leben nicht. Die Aeußerung trifft durch den einen
2041 2403 3258 2469 Dichter hindurch den anderen: Schnitzler schwebt in Gefahr,
2035 2457 3249 2506 vor lauter Seelenleben das Leben neben den Seelen nach¬
2047 2489 3256 2556 gerade zu verpassen. Ein längeres Zaudern vor der Schwelle
2049 2534 3258 2585 plastischer Gestaltungskunst könnte ihm nur zum Nachteil aus¬
2046 2577 3252 2642 schlagen, den Gewinn in Frage stellen. — Die Darsteller der
2048 2620 3256 2679 Ehegatten, Albert Bassermann und Irene Triesch, hatten
2048 2662 3251 2713 den Abend hindurch die Bühne vorwiegend für sich allein.
2043 2710 3263 2756 Frl. Triesch gebührt die Anerkennung, daß sie das Stück
2046 2753 3255 2810 durch ihr Hineinleben in das Wesen der klugen und guten
2048 2798 3256 2850 Cäcilie und durch die feinfühlige, sauber nuancierte Aus¬
2051 2839 3251 2886 gestaltung der Rolle überhaupt möglich gemacht hat. Ihr
2036 2881 3259 2941 Partner hatte schon die Maske verfehlt und ließ auch den Brause¬
2032 2924 3244 2973 -kopf lange nicht genug zum Vorschein kommen. Nervosität durch
2044 2971 3260 3032 gelegentliches Fingerspiel markieren reicht nicht hin, und die
2039 3014 3256 3052 Widersprüche im Denken des wortgewandten Tonmeisters
2037 3055 3259 3118 brauchen entsprechende Reflexe. Noch so fleißiges Dozieren
2049 3099 3248 3156 verwischt sie eher; bisweilen schien es, als sei der Künstler
2052 3146 3260 3200 etwas außer Stimmung. Emanuel Reicher würde mehr
2050 3183 3249 3240 beigesteuert haben, wenn er seinem Albertus Rhon nicht
2052 3226 3254 3281 jedesmal durch die Art des Erscheinens auf der
2050 3273 3249 3333 Szene allen Ernst genommen hätte. Der Typus selbst ist
2037 3319 3251 3374 ohnehin dramentechnisch schon recht abgetragen. Frl. Schiff
2046 3361 3257 3424 trat als Nixe des Zwischenspiels nur in der Anfangszene auf
2045 3402 3244 3443 und ließ merken, daß sie weiter nichts zu leisten hatte. Desto
2037 3459 3250 3511 angenehmer war Herrn Grunwalds Spiel als Fürst Sigis¬
2039 3487 3256 3556 mund. — Unter starkem Beifall konnte der Verfasser nach
2041 3524 3253 3587 allen Aktschlüssen mehrmals erscheinen. Zuletzt wurde auch
2430 3576 3263 3652 — man scheint für diese Saison in Uebung
2043 3579 2410 3633 ein wenig gezischt
2051 3618 3049 3695 bleiben zu wollen, selbst ohne triftigen Anlaß dazu.
