<?xml version="1.0" encoding="UTF-8" standalone="yes"?>
<PcGts xmlns="http://schema.primaresearch.org/PAGE/gts/pagecontent/2013-07-15" xmlns:xsi="http://www.w3.org/2001/XMLSchema-instance" xsi:schemaLocation="http://schema.primaresearch.org/PAGE/gts/pagecontent/2013-07-15 http://schema.primaresearch.org/PAGE/gts/pagecontent/2013-07-15/pagecontent.xsd">
    <Metadata>
        <Creator>prov=University of Rostock/Institute of Mathematics/CITlab/Gundram Leifert/gundram.leifert@uni-rostock.de:name=ONB_Newseye_GT_M1+(htr_id=10810)::::v=2.4.2
prov=University of Rostock/Institute of Mathematics/CITlab/Tobias Gruening/tobias.gruening@uni-rostock.de:name=de.uros.citlab.module.baseline2polygon.B2PSeamMultiOriented:v=2.4.2
prov=University of Rostock/Institute of Mathematics/CITlab/Tobias Gruening/tobias.gruening@uni-rostock.de:name=/mnt/transkribus/LA/DEA/URO/LA_news_onb_att.pb:de.uros.citlab.segmentation.CITlab_LA_ML:v=2.4.2
Transkribus</Creator>
        <Created>2019-10-07T11:21:04.352+02:00</Created>
        <LastChange>2019-10-08T07:12:04.982+02:00</LastChange>
        <TranskribusMetadata docId="223968" pageId="9498116" pageNr="388" tsid="16505814" status="IN_PROGRESS" userId="40391" imgUrl="https://files.transkribus.eu/Get?id=NGWHORKNOYKSLOVQCCQGIQXL&amp;fileType=view" xmlUrl="https://files.transkribus.eu/Get?id=QDAWSYFZGNBUBNIOLMDLJXSO" imageId="6188342"/>
    </Metadata>
    <Page imageFilename="223968_0388.jpeg" imageWidth="3484" imageHeight="4192">
        <ReadingOrder>
            <OrderedGroup id="ro_1711439784178" caption="Regions reading order">
                <RegionRefIndexed index="0" regionRef="r1"/>
                <RegionRefIndexed index="1" regionRef="r2"/>
            </OrderedGroup>
        </ReadingOrder>
        <TextRegion orientation="0.0" id="r1" custom="readingOrder {index:0;}">
            <Coords points="231,124 231,3990 1739,3990 1739,124"/>
            <TextLine id="r1l1" custom="readingOrder {index:0;}">
                <Coords points="1298,157 1404,170 1514,150 1590,172 1613,156 1746,160 1746,112 1660,89 1571,104 1537,86 1481,120 1437,105 1363,117 1333,92 1298,101"/>
                <Baseline points="1305,151 1330,150 1356,150 1381,150 1407,150 1432,149 1458,149 1483,149 1509,149 1534,149 1560,149 1585,149 1611,149 1636,148 1662,148 1687,147 1713,146 1739,145"/>
                <TextEquiv>
                    <Unicode>box 25/4</Unicode>
                </TextEquiv>
            </TextLine>
            <TextLine id="r1l2" custom="readingOrder {index:1;}">
                <Coords points="224,172 783,208 819,182 1116,182 1133,147 1086,161 992,106 225,131"/>
                <Baseline points="231,155 275,159 320,163 365,166 409,169 454,171 499,174 543,175 588,176 633,177 678,178 722,178 767,178 812,178 856,178 901,177 946,176 990,174 1035,174 1080,172 1125,170"/>
                <TextEquiv>
                    <Unicode>20. Zuischensbi#.</Unicode>
                </TextEquiv>
            </TextLine>
            <TextLine id="r1l3" custom="readingOrder {index:2;}">
                <Coords points="1185,648 1513,658 1515,616 1483,596 1414,590 1358,601 1317,593 1268,560 1189,567"/>
                <Baseline points="1194,619 1220,620 1246,621 1272,621 1298,622 1324,624 1351,626 1377,627 1403,628 1429,630 1455,632 1481,633 1508,635"/>
                <TextEquiv>
                    <Unicode>Telephon 12.801.</Unicode>
                </TextEquiv>
            </TextLine>
            <TextLine id="r1l4" custom="readingOrder {index:3;}">
                <Coords points="648,780 1375,793 1376,740 1321,725 1151,765 1086,717 991,750 935,711 915,728 868,705 780,743 649,743"/>
                <Baseline points="656,761 691,760 727,759 762,759 798,759 834,760 869,761 905,762 940,764 976,766 1012,769 1047,771 1083,773 1118,775 1154,776 1190,777 1225,778 1261,779 1296,779 1332,779 1368,777"/>
                <TextEquiv>
                    <Unicode>„ODSERTER</Unicode>
                </TextEquiv>
            </TextLine>
            <TextLine id="r1l5" custom="readingOrder {index:4;}">
                <Coords points="466,806 1452,858 1565,857 1567,806 466,783"/>
                <Baseline points="472,803 526,806 580,807 634,809 689,812 743,814 797,816 852,818 906,820 960,822 1015,825 1069,826 1123,828 1177,830 1232,832 1286,834 1340,835 1395,836 1449,837 1503,838 1558,839"/>
                <TextEquiv>
                    <Unicode>I. österr. behördl. konz. Unternehmen für Zeitungs-Ausschnltte</Unicode>
                </TextEquiv>
            </TextLine>
            <TextLine id="r1l6" custom="readingOrder {index:5;}">
                <Coords points="662,881 1138,890 1171,910 1302,894 1329,914 1389,900 1390,870 1344,845 1041,852 963,827 902,853 861,824 816,849 664,818"/>
                <Baseline points="670,867 705,868 741,870 776,871 812,873 848,874 883,875 919,876 954,878 990,878 1026,880 1061,880 1097,881 1132,882 1168,883 1204,884 1239,885 1275,886 1310,887 1346,888 1382,889"/>
                <TextEquiv>
                    <Unicode>Wien, I., Concordiaplatz 4.</Unicode>
                </TextEquiv>
            </TextLine>
            <TextLine id="r1l7" custom="readingOrder {index:6;}">
                <Coords points="878,951 1022,938 1064,959 1105,949 1126,961 1168,934 1191,943 1192,906 1170,909 1149,892 1019,905 927,882 881,892"/>
                <Baseline points="886,925 913,926 940,926 967,928 994,929 1021,930 1048,932 1075,933 1102,934 1129,935 1156,935 1184,934"/>
                <TextEquiv>
                    <Unicode>Vertretungen</Unicode>
                </TextEquiv>
            </TextLine>
            <TextLine id="r1l8" custom="readingOrder {index:7;}">
                <Coords points="464,971 1560,1011 1577,982 1508,948 979,957 466,910"/>
                <Baseline points="472,959 526,961 581,964 636,967 691,969 746,971 801,973 856,975 911,976 966,978 1021,979 1075,981 1130,982 1185,984 1240,986 1295,987 1350,989 1405,991 1460,993 1515,996 1570,999"/>
                <TextEquiv>
                    <Unicode>in Berlin, Basel, Budapest, Chicago, Cleveland, Christiania,</Unicode>
                </TextEquiv>
            </TextLine>
            <TextLine id="r1l9" custom="readingOrder {index:8;}">
                <Coords points="474,999 1541,1052 1565,1022 475,970"/>
                <Baseline points="481,996 534,1001 588,1004 642,1007 696,1010 750,1013 804,1014 857,1016 911,1018 965,1019 1019,1020 1073,1021 1127,1022 1181,1023 1234,1025 1288,1026 1342,1028 1396,1030 1450,1031 1504,1035 1558,1037"/>
                <TextEquiv>
                    <Unicode>Genf, Kopenhagen, London, Madrid, Mailand, Minneapolis,</Unicode>
                </TextEquiv>
            </TextLine>
            <TextLine id="r1l10" custom="readingOrder {index:9;}">
                <Coords points="471,1043 1510,1093 1556,1047 472,1009"/>
                <Baseline points="478,1038 531,1040 585,1043 638,1046 692,1048 745,1049 799,1051 852,1053 906,1054 959,1056 1013,1057 1066,1059 1120,1060 1173,1062 1227,1064 1280,1065 1334,1067 1387,1068 1441,1070 1494,1073 1548,1075"/>
                <TextEquiv>
                    <Unicode>New-Vork, Paris, Rom, San Francisco, Stockholm, St. Peters¬</Unicode>
                </TextEquiv>
            </TextLine>
            <TextLine id="r1l11" custom="readingOrder {index:10;}">
                <Coords points="871,1098 933,1100 954,1118 978,1101 1001,1115 1025,1102 1060,1114 1135,1102 1164,1109 1164,1077 1130,1067 1050,1074 1004,1061 961,1072 921,1068 908,1057 872,1065"/>
                <Baseline points="878,1091 903,1094 928,1096 954,1097 979,1098 1004,1098 1030,1099 1055,1099 1080,1099 1106,1099 1131,1099 1157,1100"/>
                <TextEquiv>
                    <Unicode>burg, Toronto.</Unicode>
                </TextEquiv>
            </TextLine>
            <TextLine id="r1l12" custom="readingOrder {index:11;}">
                <Coords points="780,1139 809,1131 851,1157 893,1138 1229,1149 1231,1094 1127,1115 976,1103 944,1118 920,1102 782,1092"/>
                <Baseline points="788,1129 813,1130 839,1131 864,1132 890,1133 915,1133 941,1134 966,1135 992,1136 1017,1136 1043,1137 1068,1138 1094,1139 1119,1139 1145,1140 1170,1141 1196,1141 1222,1142"/>
                <TextEquiv>
                    <Unicode>(Quellenangabe ohne Gewähr,</Unicode>
                </TextEquiv>
            </TextLine>
            <TextLine id="r1l13" custom="readingOrder {index:12;}">
                <Coords points="459,1197 481,1197 518,1223 589,1211 663,1238 721,1208 792,1242 795,1179 774,1188 746,1157 614,1168 582,1151 548,1168 462,1142"/>
                <Baseline points="466,1197 492,1199 519,1200 546,1201 572,1203 599,1204 626,1205 652,1206 679,1208 706,1210 732,1212 759,1214 786,1217"/>
                <TextEquiv>
                    <Unicode>Ausschnitt</Unicode>
                </TextEquiv>
            </TextLine>
            <TextLine id="r1l14" custom="readingOrder {index:13;}">
                <Coords points="793,1270 900,1243 1016,1266 1067,1242 1304,1264 1376,1238 1514,1246 1514,1169 1467,1147 938,1182 882,1151 793,1158"/>
                <Baseline points="800,1231 835,1233 870,1235 906,1237 941,1239 976,1240 1012,1241 1047,1242 1082,1243 1118,1243 1153,1243 1188,1243 1224,1243 1259,1242 1294,1240 1330,1239 1365,1237 1400,1235 1436,1233 1471,1229 1507,1226"/>
                <TextEquiv>
                    <Unicode>Bülino und Welt, Borlin</Unicode>
                </TextEquiv>
            </TextLine>
            <TextLine id="r1l15" custom="readingOrder {index:14;}">
                <Coords points="464,1301 477,1300 486,1308 519,1301 531,1309 537,1303 550,1310 588,1303 608,1313 629,1310 631,1263 613,1262 601,1271 570,1253 553,1257 541,1246 515,1258 482,1244 467,1246"/>
                <Baseline points="472,1293 497,1294 522,1293 547,1294 572,1295 597,1298 622,1303"/>
                <TextEquiv>
                    <Unicode>vom:</Unicode>
                </TextEquiv>
            </TextLine>
            <TextLine id="r1l16" custom="readingOrder {index:15;}">
                <Coords points="638,1353 759,1363 772,1356 804,1367 839,1358 892,1374 901,1261 801,1270 755,1225 645,1276"/>
                <Baseline points="648,1319 674,1324 701,1327 727,1330 754,1333 780,1335 807,1336 833,1337 860,1339 887,1340"/>
                <TextEquiv>
                    <Unicode>K</Unicode>
                </TextEquiv>
            </TextLine>
            <TextLine id="r1l17" custom="readingOrder {index:16;}">
                <Coords points="1059,1366 1066,1365 1071,1361 1078,1362 1079,1360 1085,1359 1076,1297 1069,1298 1065,1301 1064,1300 1059,1306 1049,1306"/>
                <Baseline points="1064,1358 1078,1356"/>
                <TextEquiv>
                    <Unicode></Unicode>
                </TextEquiv>
            </TextLine>
            <TextLine id="r1l18" custom="readingOrder {index:17;}">
                <Coords points="591,1470 1243,1479 1334,1466 1334,1425 956,1441 908,1416 875,1437 591,1440"/>
                <Baseline points="597,1464 633,1464 670,1464 706,1464 743,1464 779,1463 816,1463 852,1463 889,1463 925,1463 962,1463 998,1463 1035,1463 1071,1463 1108,1463 1144,1463 1181,1463 1217,1464 1254,1464 1290,1464 1327,1465"/>
                <TextEquiv>
                    <Unicode>bamburg. Das Deutsche Schauspiel¬</Unicode>
                </TextEquiv>
            </TextLine>
            <TextLine id="r1l19" custom="readingOrder {index:18;}">
                <Coords points="511,1502 1291,1516 1341,1507 1341,1466 511,1475"/>
                <Baseline points="518,1503 558,1503 599,1504 640,1504 681,1504 722,1504 762,1504 803,1505 844,1504 885,1504 926,1504 966,1504 1007,1504 1048,1504 1089,1504 1130,1504 1170,1504 1211,1504 1252,1504 1293,1505 1334,1505"/>
                <TextEquiv>
                    <Unicode>haus hat die neue Saison dieses Jahres mit</Unicode>
                </TextEquiv>
            </TextLine>
            <TextLine id="r1l20" custom="readingOrder {index:19;}">
                <Coords points="514,1554 1335,1555 1335,1511 1267,1505 514,1512"/>
                <Baseline points="521,1547 561,1547 601,1546 642,1545 682,1544 723,1544 763,1544 803,1543 844,1543 884,1543 925,1543 965,1543 1005,1543 1046,1543 1086,1543 1127,1543 1167,1543 1207,1543 1248,1543 1288,1542 1329,1542"/>
                <TextEquiv>
                    <Unicode>Shakespeares „Julius Caesar“ begonnen.</Unicode>
                </TextEquiv>
            </TextLine>
            <TextLine id="r1l21" custom="readingOrder {index:20;}">
                <Coords points="519,1584 1324,1596 1337,1554 518,1551"/>
                <Baseline points="526,1583 566,1583 606,1583 646,1583 686,1583 727,1584 767,1584 807,1584 847,1584 887,1584 928,1584 968,1584 1008,1584 1048,1584 1088,1583 1129,1583 1169,1583 1209,1582 1249,1582 1289,1581 1330,1580"/>
                <TextEquiv>
                    <Unicode>Baron Bergers farbensatte Regie schuf da im</Unicode>
                </TextEquiv>
            </TextLine>
            <TextLine id="r1l22" custom="readingOrder {index:21;}">
                <Coords points="515,1628 1330,1623 1330,1597 1222,1585 515,1584"/>
                <Baseline points="522,1622 562,1623 602,1623 642,1623 682,1623 722,1623 762,1623 802,1624 842,1624 882,1623 922,1623 962,1623 1002,1623 1042,1622 1082,1622 1122,1621 1162,1621 1202,1620 1242,1619 1282,1618 1323,1617"/>
                <TextEquiv>
                    <Unicode>Dingelstedtschen Sinne eine bunte Reihe konzen¬</Unicode>
                </TextEquiv>
            </TextLine>
            <TextLine id="r1l23" custom="readingOrder {index:22;}">
                <Coords points="510,1672 1290,1674 1348,1630 510,1637"/>
                <Baseline points="517,1663 558,1662 599,1662 640,1662 681,1662 723,1662 764,1662 805,1662 846,1662 887,1663 929,1663 970,1663 1011,1663 1052,1663 1093,1663 1135,1663 1176,1663 1217,1662 1258,1662 1299,1661 1341,1660"/>
                <TextEquiv>
                    <Unicode>trierter Bühnenbilder. Auf darstellerischem Ge¬</Unicode>
                </TextEquiv>
            </TextLine>
            <TextLine id="r1l24" custom="readingOrder {index:23;}">
                <Coords points="518,1702 1315,1716 1341,1667 518,1674"/>
                <Baseline points="525,1702 565,1701 605,1701 646,1701 686,1701 727,1701 767,1701 808,1702 848,1702 889,1702 929,1703 969,1703 1010,1703 1050,1703 1091,1703 1131,1703 1172,1703 1212,1703 1253,1702 1293,1702 1334,1701"/>
                <TextEquiv>
                    <Unicode>biete leuchteten Robert Nhil als Caesar und</Unicode>
                </TextEquiv>
            </TextLine>
            <TextLine id="r1l25" custom="readingOrder {index:24;}">
                <Coords points="515,1744 1349,1744 1348,1714 1225,1704 515,1706"/>
                <Baseline points="522,1743 563,1742 604,1742 645,1742 686,1741 727,1741 768,1741 809,1741 850,1741 891,1741 932,1741 973,1741 1014,1741 1055,1741 1096,1741 1137,1740 1178,1740 1219,1740 1260,1739 1301,1739 1342,1738"/>
                <TextEquiv>
                    <Unicode>Max Montor als Mare Anton hervor. Anzen¬</Unicode>
                </TextEquiv>
            </TextLine>
            <TextLine id="r1l26" custom="readingOrder {index:25;}">
                <Coords points="514,1787 1341,1779 1309,1746 1204,1739 513,1769"/>
                <Baseline points="521,1784 561,1783 602,1782 642,1782 683,1781 724,1781 764,1781 805,1780 846,1780 886,1780 927,1780 968,1779 1008,1779 1049,1779 1090,1779 1130,1779 1171,1779 1212,1779 1252,1778 1293,1778 1334,1778"/>
                <TextEquiv>
                    <Unicode>grubers „Meineidbauer“ schloß sich mit</Unicode>
                </TextEquiv>
            </TextLine>
            <TextLine id="r1l27" custom="readingOrder {index:26;}">
                <Coords points="516,1821 636,1843 662,1822 1339,1829 1339,1799 1253,1781 516,1788"/>
                <Baseline points="523,1822 563,1821 603,1821 644,1820 684,1819 725,1819 765,1819 806,1818 846,1818 887,1818 927,1818 967,1818 1008,1818 1048,1818 1089,1818 1129,1818 1170,1818 1210,1818 1251,1818 1291,1818 1332,1818"/>
                <TextEquiv>
                    <Unicode>melodramatisch beschwingten Schritten an. Adele</Unicode>
                </TextEquiv>
            </TextLine>
            <TextLine id="r1l28" custom="readingOrder {index:27;}">
                <Coords points="519,1857 1333,1867 1309,1825 519,1828"/>
                <Baseline points="526,1859 566,1859 606,1859 646,1859 686,1859 726,1859 766,1859 806,1858 846,1858 886,1858 926,1858 966,1857 1006,1857 1046,1857 1086,1857 1126,1857 1166,1857 1206,1857 1246,1857 1286,1858 1326,1858"/>
                <TextEquiv>
                    <Unicode>Doré als Droni ermöglichte das Experiment.</Unicode>
                </TextEquiv>
            </TextLine>
            <TextLine id="r1l29" custom="readingOrder {index:28;}">
                <Coords points="516,1899 1333,1902 1333,1870 1234,1861 516,1871"/>
                <Baseline points="522,1899 562,1899 602,1899 642,1899 682,1899 723,1899 763,1899 803,1898 843,1898 883,1898 924,1897 964,1897 1004,1897 1044,1897 1084,1896 1125,1896 1165,1896 1205,1896 1245,1896 1285,1897 1326,1897"/>
                <TextEquiv>
                    <Unicode>Sia zweiter Teil der „Brüder von St. Bernhard“</Unicode>
                </TextEquiv>
            </TextLine>
            <TextLine id="r1l30" custom="readingOrder {index:29;}">
                <Coords points="1476,1929 1482,1929 1487,1933 1489,1931 1492,1934 1505,1930 1509,1932 1520,1920 1527,1919 1526,1896 1519,1897 1515,1894 1512,1897 1509,1896 1507,1899 1496,1901 1483,1895 1474,1895"/>
                <Baseline points="1482,1922 1520,1920"/>
                <TextEquiv>
                    <Unicode>5</Unicode>
                </TextEquiv>
            </TextLine>
            <TextLine id="r1l31" custom="readingOrder {index:30;}">
                <Coords points="513,1936 1302,1947 1344,1935 1344,1902 513,1911"/>
                <Baseline points="520,1938 560,1938 601,1938 642,1937 683,1937 724,1937 765,1937 805,1937 846,1937 887,1937 928,1937 969,1937 1010,1937 1051,1936 1091,1936 1132,1936 1173,1935 1214,1935 1255,1934 1296,1933 1337,1932"/>
                <TextEquiv>
                    <Unicode>suchte unter dem Titel „Der Abt von St.</Unicode>
                </TextEquiv>
            </TextLine>
            <TextLine id="r1l32" custom="readingOrder {index:31;}">
                <Coords points="502,1981 761,1964 832,1993 1033,1975 1160,1996 1323,1982 1340,1938 502,1944"/>
                <Baseline points="509,1973 550,1975 591,1975 632,1976 673,1977 715,1977 756,1977 797,1978 838,1977 879,1977 921,1977 962,1977 1003,1977 1044,1976 1085,1976 1127,1976 1168,1976 1209,1976 1250,1976 1291,1977 1333,1977"/>
                <TextEquiv>
                    <Unicode>Bernhard“ aufs neue für Mönchs=Intrigen</Unicode>
                </TextEquiv>
            </TextLine>
            <TextLine id="r1l33" custom="readingOrder {index:32;}">
                <Coords points="518,2022 1350,2030 1350,1997 1299,1982 518,1995"/>
                <Baseline points="525,2016 565,2016 606,2016 647,2016 688,2016 729,2016 770,2016 811,2016 852,2017 893,2017 934,2017 974,2017 1015,2017 1056,2017 1097,2017 1138,2016 1179,2016 1220,2016 1261,2016 1302,2015 1343,2015"/>
                <TextEquiv>
                    <Unicode>und Mönchs=Tugenden durch eine armselig</Unicode>
                </TextEquiv>
            </TextLine>
            <TextLine id="r1l34" custom="readingOrder {index:33;}">
                <Coords points="516,2054 923,2073 1347,2049 1347,2028 1167,2014 516,2024"/>
                <Baseline points="523,2057 563,2056 604,2055 645,2055 686,2054 727,2054 768,2054 808,2054 849,2055 890,2055 931,2055 972,2056 1013,2056 1054,2056 1094,2056 1135,2056 1176,2056 1217,2056 1258,2055 1299,2054 1340,2053"/>
                <TextEquiv>
                    <Unicode>dramatisierte Kindergeschichte zu interessieren.</Unicode>
                </TextEquiv>
            </TextLine>
            <TextLine id="r1l35" custom="readingOrder {index:34;}">
                <Coords points="516,2103 1346,2096 1346,2061 516,2055"/>
                <Baseline points="523,2094 563,2094 604,2094 645,2094 686,2094 727,2094 767,2094 808,2094 849,2094 890,2094 931,2094 971,2094 1012,2094 1053,2094 1094,2094 1135,2095 1175,2095 1216,2095 1257,2095 1298,2095 1339,2095"/>
                <TextEquiv>
                    <Unicode>Aber der Antor Anton Ohorn kam gar nicht</Unicode>
                </TextEquiv>
            </TextLine>
            <TextLine id="r1l36" custom="readingOrder {index:35;}">
                <Coords points="509,2129 589,2150 1339,2139 1339,2106 1243,2092 509,2111"/>
                <Baseline points="517,2135 557,2135 598,2134 639,2134 680,2133 721,2133 761,2133 802,2133 843,2133 884,2133 925,2134 965,2134 1006,2134 1047,2134 1088,2134 1129,2134 1169,2134 1210,2134 1251,2134 1292,2134 1333,2133"/>
                <TextEquiv>
                    <Unicode>auf seine Rechnung, obzwar ihm die Darstellung</Unicode>
                </TextEquiv>
            </TextLine>
            <TextLine id="r1l37" custom="readingOrder {index:36;}">
                <Coords points="515,2179 1350,2179 1335,2138 515,2142"/>
                <Baseline points="521,2176 562,2175 603,2174 644,2173 685,2173 726,2173 767,2173 808,2173 849,2173 890,2173 932,2173 973,2173 1014,2174 1055,2174 1096,2174 1137,2174 1178,2174 1219,2174 1260,2174 1301,2174 1343,2174"/>
                <TextEquiv>
                    <Unicode>sehr zu Diensten war. Für Leute, die leicht</Unicode>
                </TextEquiv>
            </TextLine>
            <TextLine id="r1l38" custom="readingOrder {index:37;}">
                <Coords points="520,2220 1294,2225 1338,2206 1338,2177 520,2183"/>
                <Baseline points="526,2213 566,2212 606,2212 646,2211 687,2211 727,2211 767,2211 808,2211 848,2211 888,2211 929,2211 969,2212 1009,2212 1049,2212 1090,2212 1130,2212 1170,2212 1211,2212 1251,2211 1291,2211 1332,2210"/>
                <TextEquiv>
                    <Unicode>ihre Lachmuskeln bewegen, schob sich Kadelburgs</Unicode>
                </TextEquiv>
            </TextLine>
            <TextLine id="r1l39" custom="readingOrder {index:38;}">
                <Coords points="509,2252 1347,2249 1346,2222 1247,2214 508,2237"/>
                <Baseline points="515,2254 556,2253 597,2252 638,2252 679,2251 721,2251 762,2250 803,2250 844,2250 885,2250 927,2249 968,2249 1009,2249 1050,2249 1091,2249 1133,2249 1174,2249 1215,2249 1256,2249 1297,2249 1339,2249"/>
                <TextEquiv>
                    <Unicode>„Der Weg zur Hölle“ ins Repertoire. Diese</Unicode>
                </TextEquiv>
            </TextLine>
            <TextLine id="r1l40" custom="readingOrder {index:39;}">
                <Coords points="518,2296 1342,2299 1342,2261 1236,2249 518,2262"/>
                <Baseline points="524,2293 564,2291 605,2290 645,2289 686,2288 726,2287 767,2287 807,2287 848,2287 888,2288 929,2288 970,2288 1010,2289 1051,2289 1091,2289 1132,2289 1172,2289 1213,2289 1253,2289 1294,2288 1335,2287"/>
                <TextEquiv>
                    <Unicode>täppische Ebebruchsposse hielt sich eine Zeitlang</Unicode>
                </TextEquiv>
            </TextLine>
            <TextLine id="r1l41" custom="readingOrder {index:40;}">
                <Coords points="500,2328 1336,2332 1335,2301 1096,2289 500,2309"/>
                <Baseline points="507,2330 548,2330 589,2330 630,2330 671,2330 712,2330 753,2330 794,2330 835,2329 876,2329 918,2328 959,2328 1000,2327 1041,2327 1082,2326 1123,2326 1164,2325 1205,2325 1246,2324 1287,2324 1329,2324"/>
                <TextEquiv>
                    <Unicode>über Wasser. Und viele fanden lächerlich, was</Unicode>
                </TextEquiv>
            </TextLine>
            <TextLine id="r1l42" custom="readingOrder {index:41;}">
                <Coords points="500,2357 536,2380 1343,2382 1342,2343 1274,2333 500,2340"/>
                <Baseline points="507,2369 548,2369 589,2369 631,2369 672,2369 714,2368 755,2368 797,2368 838,2368 880,2367 921,2367 962,2367 1004,2367 1045,2366 1087,2366 1128,2366 1170,2365 1211,2365 1253,2365 1294,2364 1336,2364"/>
                <TextEquiv>
                    <Unicode>dem Unterzeichneten nur beweinenswert vorkam.</Unicode>
                </TextEquiv>
            </TextLine>
            <TextLine id="r1l43" custom="readingOrder {index:42;}">
                <Coords points="513,2427 1343,2409 1308,2371 513,2374"/>
                <Baseline points="520,2408 560,2408 601,2407 642,2407 683,2407 724,2407 764,2406 805,2406 846,2406 887,2406 928,2406 968,2406 1009,2405 1050,2405 1091,2405 1132,2405 1172,2405 1213,2405 1254,2405 1295,2404 1336,2404"/>
                <TextEquiv>
                    <Unicode>Geringeres Glück hatte Georg Engels Komödie</Unicode>
                </TextEquiv>
            </TextLine>
            <TextLine id="r1l44" custom="readingOrder {index:43;}">
                <Coords points="512,2453 1348,2443 1277,2411 512,2428"/>
                <Baseline points="519,2447 560,2448 601,2448 642,2448 683,2448 724,2448 765,2447 806,2447 847,2447 888,2447 930,2447 971,2447 1012,2446 1053,2446 1094,2446 1135,2445 1176,2445 1217,2445 1258,2445 1299,2445 1341,2445"/>
                <TextEquiv>
                    <Unicode>„Die Hochzeit von Poöl“ die aus der</Unicode>
                </TextEquiv>
            </TextLine>
            <TextLine id="r1l45" custom="readingOrder {index:44;}">
                <Coords points="504,2473 675,2501 1279,2499 1353,2485 1353,2445 504,2460"/>
                <Baseline points="511,2484 552,2485 594,2486 636,2486 678,2487 719,2487 761,2487 803,2487 845,2487 886,2486 928,2486 970,2486 1012,2485 1053,2485 1095,2484 1137,2484 1179,2484 1220,2483 1262,2483 1304,2483 1346,2483"/>
                <TextEquiv>
                    <Unicode>bornierten Ueberlegenheit eines berlinischen</Unicode>
                </TextEquiv>
            </TextLine>
            <TextLine id="r1l46" custom="readingOrder {index:45;}">
                <Coords points="512,2523 1252,2541 1343,2528 1343,2507 511,2496"/>
                <Baseline points="519,2526 559,2526 600,2526 641,2526 682,2526 723,2526 764,2526 804,2525 845,2525 886,2525 927,2525 968,2524 1009,2524 1050,2524 1090,2524 1131,2524 1172,2524 1213,2524 1254,2524 1295,2525 1336,2525"/>
                <TextEquiv>
                    <Unicode>Gerichtsaffessors ihren kärglichen Humor zieht.</Unicode>
                </TextEquiv>
            </TextLine>
            <TextLine id="r1l47" custom="readingOrder {index:46;}">
                <Coords points="511,2566 1352,2567 1351,2537 1207,2526 511,2543"/>
                <Baseline points="518,2565 559,2565 600,2566 641,2566 683,2566 724,2565 765,2565 807,2565 848,2565 889,2564 931,2564 972,2563 1013,2563 1054,2563 1096,2563 1137,2563 1178,2563 1220,2564 1261,2564 1302,2565 1344,2566"/>
                <TextEquiv>
                    <Unicode>Lessings „Emilia Galotti“ließ unter Bergers</Unicode>
                </TextEquiv>
            </TextLine>
            <TextLine id="r1l48" custom="readingOrder {index:47;}">
                <Coords points="507,2599 718,2622 763,2601 1343,2599 1343,2577 1222,2564 507,2570"/>
                <Baseline points="514,2603 555,2604 596,2605 637,2605 678,2605 719,2605 760,2605 801,2605 842,2605 883,2605 925,2605 966,2604 1007,2604 1048,2603 1089,2603 1130,2603 1171,2603 1212,2603 1253,2603 1294,2603 1336,2603"/>
                <TextEquiv>
                    <Unicode>Spielleitung alle Farben einer prunkvollen</Unicode>
                </TextEquiv>
            </TextLine>
            <TextLine id="r1l49" custom="readingOrder {index:48;}">
                <Coords points="509,2640 1317,2658 1347,2647 1347,2596 1267,2625 998,2594 968,2616 509,2619"/>
                <Baseline points="516,2641 557,2642 598,2643 639,2643 680,2644 722,2644 763,2644 804,2644 845,2643 886,2643 928,2643 969,2642 1010,2642 1051,2642 1092,2641 1134,2641 1175,2641 1216,2641 1257,2641 1298,2641 1340,2641"/>
                <TextEquiv>
                    <Unicode>Mise-en-scene schillern. Grete Egenolf als</Unicode>
                </TextEquiv>
            </TextLine>
            <TextLine id="r1l50" custom="readingOrder {index:49;}">
                <Coords points="514,2708 784,2681 1332,2698 1341,2649 514,2656"/>
                <Baseline points="521,2680 561,2681 602,2682 642,2683 683,2683 724,2683 764,2683 805,2683 846,2683 886,2682 927,2682 968,2681 1008,2681 1049,2681 1090,2680 1130,2680 1171,2680 1212,2681 1252,2681 1293,2682 1334,2683"/>
                <TextEquiv>
                    <Unicode>Emilia, Adele Doré als Orsina, Alex Otto</Unicode>
                </TextEquiv>
            </TextLine>
            <TextLine id="r1l51" custom="readingOrder {index:50;}">
                <Coords points="509,2724 1194,2733 1349,2725 1349,2703 508,2698"/>
                <Baseline points="516,2722 557,2722 598,2721 640,2721 681,2721 722,2721 764,2721 805,2721 846,2721 888,2721 929,2721 970,2721 1012,2721 1053,2721 1094,2720 1136,2720 1177,2720 1218,2720 1260,2720 1301,2719 1343,2719"/>
                <TextEquiv>
                    <Unicode>als Odoardo behaupteten sich mit verständnis¬</Unicode>
                </TextEquiv>
            </TextLine>
            <TextLine id="r1l52" custom="readingOrder {index:51;}">
                <Coords points="513,2755 607,2778 1320,2769 1343,2720 513,2732"/>
                <Baseline points="521,2761 561,2761 602,2762 643,2762 684,2762 724,2762 765,2761 806,2761 847,2761 887,2761 928,2760 969,2760 1010,2759 1050,2759 1091,2759 1132,2758 1173,2758 1213,2758 1254,2757 1295,2757 1336,2757"/>
                <TextEquiv>
                    <Unicode>inniger Bravour. Ueber Lessings solide Drama¬</Unicode>
                </TextEquiv>
            </TextLine>
            <TextLine id="r1l53" custom="readingOrder {index:52;}">
                <Coords points="501,2807 1317,2806 1343,2765 501,2766"/>
                <Baseline points="507,2801 548,2801 589,2800 631,2800 672,2799 714,2799 755,2799 797,2799 838,2799 880,2798 921,2798 962,2798 1004,2798 1045,2798 1087,2797 1128,2797 1170,2797 1211,2796 1253,2796 1294,2795 1336,2794"/>
                <TextEquiv>
                    <Unicode>turgie führte Bernhard Shaws Bordellkomödie</Unicode>
                </TextEquiv>
            </TextLine>
            <TextLine id="r1l54" custom="readingOrder {index:53;}">
                <Coords points="515,2846 1249,2852 1347,2836 1347,2795 515,2813"/>
                <Baseline points="522,2844 562,2843 603,2842 644,2841 685,2840 726,2839 767,2839 808,2839 849,2839 890,2838 931,2838 971,2838 1012,2838 1053,2838 1094,2838 1135,2838 1176,2837 1217,2837 1258,2836 1299,2835 1340,2833"/>
                <TextEquiv>
                    <Unicode>„Frau Warrens Gewerbe“ im Cake=Walk¬</Unicode>
                </TextEquiv>
            </TextLine>
            <TextLine id="r1l55" custom="readingOrder {index:54;}">
                <Coords points="514,2879 1344,2875 1343,2835 514,2859"/>
                <Baseline points="521,2880 561,2880 602,2880 643,2880 684,2880 725,2880 765,2879 806,2879 847,2879 888,2879 929,2879 969,2879 1010,2878 1051,2878 1092,2878 1133,2878 1173,2878 1214,2877 1255,2877 1296,2877 1337,2877"/>
                <TextEquiv>
                    <Unicode>Takte hinweg. Das geistsprühende Lupanarstück</Unicode>
                </TextEquiv>
            </TextLine>
            <TextLine id="r1l56" custom="readingOrder {index:55;}">
                <Coords points="514,2921 807,2941 1352,2922 1352,2893 1235,2882 514,2891"/>
                <Baseline points="521,2919 562,2919 603,2919 644,2919 685,2919 727,2919 768,2919 809,2918 850,2918 891,2918 933,2918 974,2918 1015,2918 1056,2918 1097,2918 1139,2918 1180,2917 1221,2917 1262,2916 1303,2916 1345,2915"/>
                <TextEquiv>
                    <Unicode>fand enthusiastischen Julauf. Ein dankbares</Unicode>
                </TextEquiv>
            </TextLine>
            <TextLine id="r1l57" custom="readingOrder {index:56;}">
                <Coords points="515,2965 1280,2971 1350,2939 1142,2917 514,2929"/>
                <Baseline points="521,2956 562,2957 603,2958 644,2958 685,2959 726,2959 767,2959 808,2959 849,2958 890,2958 932,2957 973,2957 1014,2956 1055,2956 1096,2955 1137,2955 1178,2955 1219,2955 1260,2955 1301,2956 1343,2957"/>
                <TextEquiv>
                    <Unicode>Kompliment ist der glanzvollen Warren=Dar¬</Unicode>
                </TextEquiv>
            </TextLine>
            <TextLine id="r1l58" custom="readingOrder {index:57;}">
                <Coords points="508,2992 1314,3010 1349,2966 508,2980"/>
                <Baseline points="515,2995 556,2996 597,2996 639,2997 680,2997 721,2997 763,2997 804,2997 845,2997 887,2996 928,2996 969,2996 1011,2995 1052,2995 1093,2994 1135,2994 1176,2994 1217,2993 1259,2993 1300,2993 1342,2992"/>
                <TextEquiv>
                    <Unicode>stellerin Margarete Otto=Körner zu machen,</Unicode>
                </TextEquiv>
            </TextLine>
            <TextLine id="r1l59" custom="readingOrder {index:58;}">
                <Coords points="517,3039 1266,3051 1348,3028 1330,2996 517,2999"/>
                <Baseline points="524,3035 564,3036 605,3036 646,3037 687,3037 728,3037 769,3037 810,3037 851,3036 892,3036 933,3036 973,3035 1014,3035 1055,3035 1096,3034 1137,3034 1178,3034 1219,3033 1260,3033 1301,3033 1342,3033"/>
                <TextEquiv>
                    <Unicode>die als neues Mitglied des Deutschen Schau¬</Unicode>
                </TextEquiv>
            </TextLine>
            <TextLine id="r1l60" custom="readingOrder {index:59;}">
                <Coords points="510,3081 1331,3088 1346,3039 510,3045"/>
                <Baseline points="517,3077 558,3077 599,3076 640,3076 681,3076 722,3076 763,3076 804,3076 845,3076 886,3076 928,3076 969,3076 1010,3076 1051,3076 1092,3076 1133,3076 1174,3076 1215,3076 1256,3076 1297,3076 1339,3076"/>
                <TextEquiv>
                    <Unicode>spielhauses im Sturm die Herzen aller Shaw¬</Unicode>
                </TextEquiv>
            </TextLine>
            <TextLine id="r1l61" custom="readingOrder {index:60;}">
                <Coords points="514,3121 1331,3125 1343,3085 513,3083"/>
                <Baseline points="521,3114 561,3115 602,3115 643,3115 684,3115 724,3115 765,3115 806,3115 847,3115 887,3114 928,3114 969,3114 1010,3114 1050,3114 1091,3114 1132,3113 1173,3113 1213,3113 1254,3113 1295,3114 1336,3114"/>
                <TextEquiv>
                    <Unicode>Bekenner gewann. Arthur Schnitzlers</Unicode>
                </TextEquiv>
            </TextLine>
            <TextLine id="r1l62" custom="readingOrder {index:61;}">
                <Coords points="519,3167 1354,3158 1345,3117 518,3119"/>
                <Baseline points="525,3156 566,3155 607,3154 648,3154 689,3153 730,3153 771,3153 812,3153 853,3153 894,3152 936,3152 977,3152 1018,3152 1059,3152 1100,3151 1141,3151 1182,3150 1223,3148 1264,3147 1305,3146 1347,3144"/>
                <TextEquiv>
                    <Unicode>„Zwischenspiel“, das sich auf Carl Wägsters¬</Unicode>
                </TextEquiv>
            </TextLine>
            <TextLine id="r1l63" custom="readingOrder {index:62;}">
                <Coords points="505,3200 1260,3210 1348,3188 1348,3161 504,3172"/>
                <Baseline points="511,3194 552,3194 594,3194 635,3194 677,3194 718,3194 760,3194 801,3193 843,3193 884,3192 926,3192 967,3191 1009,3191 1050,3190 1092,3190 1133,3189 1175,3189 1216,3189 1258,3189 1299,3189 1341,3189"/>
                <TextEquiv>
                    <Unicode>und Nellp Hönigswalds Schultern stützte,</Unicode>
                </TextEquiv>
            </TextLine>
            <TextLine id="r1l64" custom="readingOrder {index:63;}">
                <Coords points="507,3231 1339,3247 1351,3189 506,3207"/>
                <Baseline points="514,3234 555,3233 597,3233 638,3232 680,3232 721,3232 763,3231 804,3231 846,3231 887,3231 929,3231 971,3231 1012,3231 1054,3231 1095,3230 1137,3230 1178,3229 1220,3228 1261,3227 1303,3226 1345,3224"/>
                <TextEquiv>
                    <Unicode>erregte die beifällige Neugier einer empfänglich</Unicode>
                </TextEquiv>
            </TextLine>
            <TextLine id="r1l65" custom="readingOrder {index:64;}">
                <Coords points="506,3283 1253,3283 1343,3274 1343,3245 505,3246"/>
                <Baseline points="513,3272 554,3272 595,3272 636,3272 677,3272 718,3272 759,3272 801,3272 842,3272 883,3271 924,3271 965,3271 1006,3271 1047,3270 1089,3270 1130,3269 1171,3269 1212,3268 1253,3268 1294,3267 1336,3266"/>
                <TextEquiv>
                    <Unicode>gestimmten Gemeinde. Dem genannten Künstler¬</Unicode>
                </TextEquiv>
            </TextLine>
            <TextLine id="r1l66" custom="readingOrder {index:65;}">
                <Coords points="506,3324 1251,3324 1351,3317 1351,3277 506,3290"/>
                <Baseline points="513,3313 554,3313 596,3312 637,3312 679,3311 720,3311 762,3311 803,3311 845,3312 886,3312 928,3312 970,3312 1011,3312 1053,3312 1094,3311 1136,3311 1177,3310 1219,3309 1260,3308 1302,3306 1344,3304"/>
                <TextEquiv>
                    <Unicode>paare ist es zu danken, daß der versteckte Schatten¬</Unicode>
                </TextEquiv>
            </TextLine>
            <TextLine id="r1l67" custom="readingOrder {index:66;}">
                <Coords points="522,3358 1178,3366 1310,3356 1351,3316 521,3328"/>
                <Baseline points="529,3351 569,3351 610,3351 651,3351 692,3351 733,3351 773,3351 814,3351 855,3351 896,3351 937,3351 977,3351 1018,3350 1059,3350 1100,3350 1141,3349 1181,3349 1222,3348 1263,3347 1304,3346 1345,3344"/>
                <TextEquiv>
                    <Unicode>spielcharakter des espritvollen Werkchens in an¬</Unicode>
                </TextEquiv>
            </TextLine>
            <TextLine id="r1l68" custom="readingOrder {index:67;}">
                <Coords points="507,3379 694,3408 1352,3386 1306,3353 507,3352"/>
                <Baseline points="513,3388 554,3389 596,3390 637,3391 679,3391 721,3391 762,3391 804,3391 845,3391 887,3391 929,3390 970,3390 1012,3389 1053,3388 1095,3388 1137,3387 1178,3387 1220,3386 1261,3386 1303,3386 1345,3385"/>
                <TextEquiv>
                    <Unicode>mutig scharfen Limen zum Durchbruch kam.</Unicode>
                </TextEquiv>
            </TextLine>
            <TextLine id="r1l69" custom="readingOrder {index:68;}">
                <Coords points="514,3439 1108,3420 1349,3442 1341,3390 819,3410 514,3389"/>
                <Baseline points="520,3423 561,3425 602,3426 643,3427 684,3428 725,3428 766,3429 807,3429 848,3429 889,3429 931,3429 972,3428 1013,3428 1054,3428 1095,3427 1136,3427 1177,3427 1218,3427 1259,3426 1300,3427 1342,3427"/>
                <TextEquiv>
                    <Unicode>Sudermanns „Blumenboot“ mühte sich</Unicode>
                </TextEquiv>
            </TextLine>
            <TextLine id="r1l70" custom="readingOrder {index:69;}">
                <Coords points="511,3479 1317,3476 1345,3442 656,3429 511,3451"/>
                <Baseline points="517,3466 558,3466 599,3467 640,3467 681,3467 722,3468 763,3468 804,3468 845,3468 886,3468 927,3468 968,3467 1009,3467 1050,3467 1091,3467 1132,3467 1173,3466 1214,3466 1255,3466 1296,3466 1338,3465"/>
                <TextEquiv>
                    <Unicode>vergeblich, die Spmpathien der Lauscher und</Unicode>
                </TextEquiv>
            </TextLine>
            <TextLine id="r1l71" custom="readingOrder {index:70;}">
                <Coords points="516,3509 1303,3516 1348,3508 1348,3470 516,3477"/>
                <Baseline points="522,3505 563,3505 604,3505 645,3505 686,3505 727,3505 768,3506 809,3506 850,3506 891,3506 932,3506 973,3506 1014,3506 1055,3506 1096,3506 1137,3505 1178,3505 1219,3504 1260,3504 1301,3503 1342,3502"/>
                <TextEquiv>
                    <Unicode>Schauer einer kupplerischen Baronin und ihren</Unicode>
                </TextEquiv>
            </TextLine>
            <TextLine id="r1l72" custom="readingOrder {index:71;}">
                <Coords points="505,3558 1292,3554 1338,3551 1338,3509 504,3501"/>
                <Baseline points="511,3547 552,3546 593,3546 634,3545 675,3545 716,3546 757,3546 798,3546 839,3547 880,3547 921,3547 962,3548 1003,3548 1044,3548 1085,3548 1126,3547 1167,3547 1208,3546 1249,3545 1290,3543 1331,3541"/>
                <TextEquiv>
                    <Unicode>ehebruchslüsternen Töchtern zuzuwenden. Das</Unicode>
                </TextEquiv>
            </TextLine>
            <TextLine id="r1l73" custom="readingOrder {index:72;}">
                <Coords points="507,3590 1286,3599 1332,3586 1332,3547 507,3557"/>
                <Baseline points="513,3583 553,3583 594,3584 634,3584 675,3584 716,3585 756,3585 797,3586 837,3586 878,3586 919,3587 959,3587 1000,3587 1040,3587 1081,3587 1122,3586 1162,3586 1203,3585 1243,3584 1284,3583 1325,3582"/>
                <TextEquiv>
                    <Unicode>viereckig=verquolleue und schief=gebackene Stück,</Unicode>
                </TextEquiv>
            </TextLine>
            <TextLine id="r1l74" custom="readingOrder {index:73;}">
                <Coords points="498,3708 1090,3713 1334,3676 1012,3646 902,3673 497,3669"/>
                <Baseline points="504,3703 545,3703 586,3703 627,3704 668,3704 709,3703 750,3703 792,3703 833,3702 874,3702 915,3701 956,3700 997,3700 1038,3699 1080,3698 1121,3697 1162,3696 1203,3695 1244,3694 1285,3692 1327,3691"/>
                <TextEquiv>
                    <Unicode>das sich mit einer unredlichen Eiersance n in</Unicode>
                </TextEquiv>
            </TextLine>
            <TextLine id="r1l75" custom="readingOrder {index:74;}">
                <Coords points="504,3752 1330,3746 1311,3694 504,3715"/>
                <Baseline points="511,3743 551,3743 592,3743 632,3743 673,3743 714,3743 754,3743 795,3743 835,3742 876,3742 917,3741 957,3740 998,3740 1038,3739 1079,3738 1120,3736 1160,3735 1201,3734 1241,3732 1282,3730 1323,3727"/>
                <TextEquiv>
                    <Unicode>Parisienne begießt, um den eigenen Faulgeruch</Unicode>
                </TextEquiv>
            </TextLine>
            <TextLine id="r1l76" custom="readingOrder {index:75;}">
                <Coords points="498,3783 1350,3773 1337,3730 498,3759"/>
                <Baseline points="505,3787 546,3786 588,3785 630,3784 672,3783 714,3782 756,3781 798,3781 840,3780 882,3780 924,3779 965,3778 1007,3778 1049,3777 1091,3776 1133,3774 1175,3773 1217,3772 1259,3770 1301,3767 1343,3764"/>
                <TextEquiv>
                    <Unicode>pikant zu verbergen, blieb auch auf hamburgischem</Unicode>
                </TextEquiv>
            </TextLine>
            <TextLine id="r1l77" custom="readingOrder {index:76;}">
                <Coords points="511,3826 1352,3812 1351,3772 511,3795"/>
                <Baseline points="518,3820 559,3821 600,3821 642,3821 683,3821 724,3821 766,3821 807,3821 848,3820 890,3820 931,3819 972,3819 1014,3818 1055,3817 1096,3816 1138,3814 1179,3812 1220,3811 1262,3809 1303,3807 1345,3804"/>
                <TextEquiv>
                    <Unicode>Boden eine ungontierte Speise. Wenn man</Unicode>
                </TextEquiv>
            </TextLine>
            <TextLine id="r1l78" custom="readingOrder {index:77;}">
                <Coords points="510,3869 1343,3859 1343,3820 509,3829"/>
                <Baseline points="516,3861 557,3861 598,3860 639,3860 680,3860 721,3859 762,3859 803,3859 844,3858 885,3858 926,3857 967,3856 1008,3855 1049,3855 1090,3853 1131,3852 1172,3850 1213,3849 1254,3847 1295,3845 1336,3843"/>
                <TextEquiv>
                    <Unicode>gleichwohl teilweise hineinbiß, ist dies in erster</Unicode>
                </TextEquiv>
            </TextLine>
            <TextLine id="r1l79" custom="readingOrder {index:78;}">
                <Coords points="508,3904 1164,3907 1291,3898 1345,3864 507,3874"/>
                <Baseline points="514,3896 555,3895 596,3895 637,3895 679,3894 720,3894 761,3894 802,3894 844,3894 885,3894 926,3894 967,3894 1009,3893 1050,3893 1091,3892 1132,3891 1174,3890 1215,3888 1256,3887 1297,3885 1339,3882"/>
                <TextEquiv>
                    <Unicode>Linie der rassigen Darstellungskunst Franziska</Unicode>
                </TextEquiv>
            </TextLine>
            <TextLine id="r1l80" custom="readingOrder {index:79;}">
                <Coords points="505,3936 910,3957 1031,3929 1141,3955 1344,3923 1343,3899 1276,3893 504,3907"/>
                <Baseline points="512,3934 553,3935 594,3935 635,3936 677,3936 718,3936 759,3936 800,3935 842,3935 883,3934 924,3933 965,3933 1007,3931 1048,3930 1089,3929 1130,3928 1172,3927 1213,3925 1254,3924 1295,3922 1337,3921"/>
                <TextEquiv>
                    <Unicode>Ellmenreichs und Marie Elsingers ver¬</Unicode>
                </TextEquiv>
            </TextLine>
            <TextLine id="r1l81" custom="readingOrder {index:80;}">
                <Coords points="498,3978 540,3991 572,3979 661,3994 720,3982 896,3990 886,3938 683,3957 646,3940 530,3939 498,3955"/>
                <Baseline points="505,3980 530,3980 556,3980 581,3979 607,3979 633,3978 658,3978 684,3977 709,3976 735,3975 761,3975 786,3974 812,3973 837,3972 863,3972 889,3971"/>
                <TextEquiv>
                    <Unicode>dienstlich anzurechnen.</Unicode>
                </TextEquiv>
            </TextLine>
            <TextEquiv>
                <Unicode>box 25/4
20. Zuischensbi#.
Telephon 12.801.
„ODSERTER
I. österr. behördl. konz. Unternehmen für Zeitungs-Ausschnltte
Wien, I., Concordiaplatz 4.
Vertretungen
in Berlin, Basel, Budapest, Chicago, Cleveland, Christiania,
Genf, Kopenhagen, London, Madrid, Mailand, Minneapolis,
New-Vork, Paris, Rom, San Francisco, Stockholm, St. Peters¬
burg, Toronto.
(Quellenangabe ohne Gewähr,
Ausschnitt
Bülino und Welt, Borlin
vom:
K

bamburg. Das Deutsche Schauspiel¬
haus hat die neue Saison dieses Jahres mit
Shakespeares „Julius Caesar“ begonnen.
Baron Bergers farbensatte Regie schuf da im
Dingelstedtschen Sinne eine bunte Reihe konzen¬
trierter Bühnenbilder. Auf darstellerischem Ge¬
biete leuchteten Robert Nhil als Caesar und
Max Montor als Mare Anton hervor. Anzen¬
grubers „Meineidbauer“ schloß sich mit
melodramatisch beschwingten Schritten an. Adele
Doré als Droni ermöglichte das Experiment.
Sia zweiter Teil der „Brüder von St. Bernhard“
5
suchte unter dem Titel „Der Abt von St.
Bernhard“ aufs neue für Mönchs=Intrigen
und Mönchs=Tugenden durch eine armselig
dramatisierte Kindergeschichte zu interessieren.
Aber der Antor Anton Ohorn kam gar nicht
auf seine Rechnung, obzwar ihm die Darstellung
sehr zu Diensten war. Für Leute, die leicht
ihre Lachmuskeln bewegen, schob sich Kadelburgs
„Der Weg zur Hölle“ ins Repertoire. Diese
täppische Ebebruchsposse hielt sich eine Zeitlang
über Wasser. Und viele fanden lächerlich, was
dem Unterzeichneten nur beweinenswert vorkam.
Geringeres Glück hatte Georg Engels Komödie
„Die Hochzeit von Poöl“ die aus der
bornierten Ueberlegenheit eines berlinischen
Gerichtsaffessors ihren kärglichen Humor zieht.
Lessings „Emilia Galotti“ließ unter Bergers
Spielleitung alle Farben einer prunkvollen
Mise-en-scene schillern. Grete Egenolf als
Emilia, Adele Doré als Orsina, Alex Otto
als Odoardo behaupteten sich mit verständnis¬
inniger Bravour. Ueber Lessings solide Drama¬
turgie führte Bernhard Shaws Bordellkomödie
„Frau Warrens Gewerbe“ im Cake=Walk¬
Takte hinweg. Das geistsprühende Lupanarstück
fand enthusiastischen Julauf. Ein dankbares
Kompliment ist der glanzvollen Warren=Dar¬
stellerin Margarete Otto=Körner zu machen,
die als neues Mitglied des Deutschen Schau¬
spielhauses im Sturm die Herzen aller Shaw¬
Bekenner gewann. Arthur Schnitzlers
„Zwischenspiel“, das sich auf Carl Wägsters¬
und Nellp Hönigswalds Schultern stützte,
erregte die beifällige Neugier einer empfänglich
gestimmten Gemeinde. Dem genannten Künstler¬
paare ist es zu danken, daß der versteckte Schatten¬
spielcharakter des espritvollen Werkchens in an¬
mutig scharfen Limen zum Durchbruch kam.
Sudermanns „Blumenboot“ mühte sich
vergeblich, die Spmpathien der Lauscher und
Schauer einer kupplerischen Baronin und ihren
ehebruchslüsternen Töchtern zuzuwenden. Das
viereckig=verquolleue und schief=gebackene Stück,
das sich mit einer unredlichen Eiersance n in
Parisienne begießt, um den eigenen Faulgeruch
pikant zu verbergen, blieb auch auf hamburgischem
Boden eine ungontierte Speise. Wenn man
gleichwohl teilweise hineinbiß, ist dies in erster
Linie der rassigen Darstellungskunst Franziska
Ellmenreichs und Marie Elsingers ver¬
dienstlich anzurechnen.</Unicode>
            </TextEquiv>
        </TextRegion>
        <TextRegion orientation="0.0" id="r2" custom="readingOrder {index:1;}">
            <Coords points="1877,1151 1877,2275 3059,2275 3059,1151"/>
            <TextLine id="r2l1" custom="readingOrder {index:0;}">
                <Coords points="2562,1216 2834,1205 2841,1196 2901,1202 2898,1131 2856,1128 2836,1142 2760,1132 2724,1155 2651,1137 2560,1174"/>
                <Baseline points="2567,1186 2592,1186 2617,1185 2642,1184 2667,1183 2692,1181 2717,1180 2742,1178 2767,1177 2792,1177 2817,1175 2842,1175 2867,1175 2893,1175"/>
                <TextEquiv>
                    <Unicode>Telephon 12.801.</Unicode>
                </TextEquiv>
            </TextLine>
            <TextLine id="r2l2" custom="readingOrder {index:1;}">
                <Coords points="2036,1373 2113,1389 2338,1353 2471,1371 2520,1346 2727,1349 2762,1337 2760,1296 2705,1295 2669,1325 2584,1296 2547,1331 2479,1290 2393,1322 2259,1298 2182,1311 2138,1349 2035,1357"/>
                <Baseline points="2043,1374 2078,1368 2114,1364 2149,1360 2185,1357 2221,1354 2256,1352 2292,1350 2327,1349 2363,1348 2399,1347 2434,1347 2470,1346 2505,1345 2541,1344 2577,1342 2612,1341 2648,1339 2683,1336 2719,1332 2755,1328"/>
                <TextEquiv>
                    <Unicode>„SDSERTEK</Unicode>
                </TextEquiv>
            </TextLine>
            <TextLine id="r2l3" custom="readingOrder {index:2;}">
                <Coords points="1871,1433 2954,1403 2962,1338 1869,1398"/>
                <Baseline points="1877,1428 1931,1426 1985,1423 2039,1421 2093,1418 2147,1415 2201,1412 2255,1410 2309,1407 2363,1404 2417,1402 2471,1398 2525,1396 2579,1393 2633,1390 2687,1388 2741,1385 2795,1382 2849,1379 2903,1377 2957,1374"/>
                <TextEquiv>
                    <Unicode>I. österr. behördl. konz. Unternehmen für Zeltungs-Ausschaltte</Unicode>
                </TextEquiv>
            </TextLine>
            <TextLine id="r2l4" custom="readingOrder {index:3;}">
                <Coords points="2060,1474 2268,1495 2311,1460 2590,1471 2799,1439 2797,1405 2746,1398 2723,1417 2524,1401 2473,1425 2307,1409 2231,1442 2110,1423 2059,1440"/>
                <Baseline points="2067,1471 2103,1471 2139,1470 2175,1468 2211,1467 2248,1465 2284,1464 2320,1463 2356,1460 2392,1459 2429,1457 2465,1455 2501,1452 2537,1450 2573,1448 2610,1446 2646,1443 2682,1441 2718,1439 2754,1437 2791,1435"/>
                <TextEquiv>
                    <Unicode>Wien, I., Concordiaplatz 4.</Unicode>
                </TextEquiv>
            </TextLine>
            <TextLine id="r2l5" custom="readingOrder {index:4;}">
                <Coords points="2274,1505 2317,1524 2383,1515 2507,1523 2531,1508 2578,1505 2577,1464 2553,1455 2518,1475 2469,1482 2443,1470 2423,1485 2378,1474 2346,1486 2324,1473 2273,1483"/>
                <Baseline points="2281,1511 2307,1510 2333,1510 2360,1509 2386,1508 2412,1507 2439,1507 2465,1506 2491,1505 2518,1503 2544,1502 2571,1500"/>
                <TextEquiv>
                    <Unicode>Vertretungen</Unicode>
                </TextEquiv>
            </TextLine>
            <TextLine id="r2l6" custom="readingOrder {index:5;}">
                <Coords points="1889,1583 2984,1545 2982,1495 1887,1554"/>
                <Baseline points="1895,1580 1949,1579 2003,1577 2057,1575 2111,1573 2165,1570 2219,1567 2273,1564 2327,1561 2381,1558 2436,1555 2490,1551 2544,1549 2598,1546 2652,1543 2706,1541 2760,1539 2814,1537 2868,1535 2922,1534 2977,1534"/>
                <TextEquiv>
                    <Unicode>In Berlin, Basel, Budapest, Chicago, Cleveland, Christiania,</Unicode>
                </TextEquiv>
            </TextLine>
            <TextLine id="r2l7" custom="readingOrder {index:6;}">
                <Coords points="1892,1625 2987,1581 2918,1536 1891,1600"/>
                <Baseline points="1899,1617 1953,1616 2007,1615 2061,1614 2115,1612 2169,1610 2223,1607 2277,1605 2331,1602 2385,1599 2439,1596 2493,1593 2547,1589 2601,1586 2655,1583 2709,1580 2763,1578 2817,1575 2871,1573 2925,1572 2979,1571"/>
                <TextEquiv>
                    <Unicode>Genf, Kopenhagen, London, Madrid, Mailand, Minneapolis,</Unicode>
                </TextEquiv>
            </TextLine>
            <TextLine id="r2l8" custom="readingOrder {index:7;}">
                <Coords points="1894,1658 2980,1618 2978,1588 2860,1578 1892,1630"/>
                <Baseline points="1901,1658 1954,1657 2008,1655 2061,1653 2115,1650 2168,1648 2222,1645 2275,1643 2329,1641 2382,1638 2436,1635 2490,1633 2543,1630 2597,1627 2650,1625 2704,1622 2757,1619 2811,1616 2864,1615 2918,1612 2972,1610"/>
                <TextEquiv>
                    <Unicode>New-Vork, Paris, Rom, San Francisco, Stockholm, St. Peters¬</Unicode>
                </TextEquiv>
            </TextLine>
            <TextLine id="r2l9" custom="readingOrder {index:8;}">
                <Coords points="2283,1683 2359,1696 2405,1690 2442,1671 2454,1682 2519,1673 2559,1684 2571,1672 2594,1675 2593,1646 2564,1652 2547,1636 2504,1646 2492,1637 2472,1648 2422,1638 2366,1652 2321,1643 2282,1665"/>
                <Baseline points="2289,1677 2316,1678 2343,1678 2370,1678 2397,1677 2424,1676 2451,1674 2478,1672 2505,1670 2532,1668 2559,1667 2587,1666"/>
                <TextEquiv>
                    <Unicode>burg, Toronto.</Unicode>
                </TextEquiv>
            </TextLine>
            <TextLine id="r2l10" custom="readingOrder {index:9;}">
                <Coords points="2203,1718 2258,1735 2313,1721 2462,1732 2488,1714 2624,1709 2665,1721 2664,1683 2626,1671 2334,1700 2283,1681 2203,1705"/>
                <Baseline points="2211,1725 2237,1723 2263,1721 2289,1720 2315,1718 2342,1716 2368,1715 2394,1714 2420,1713 2447,1711 2473,1711 2499,1709 2525,1708 2552,1708 2578,1706 2604,1705 2630,1704 2657,1703"/>
                <TextEquiv>
                    <Unicode>(Quellenangabe ohne Gewähr.</Unicode>
                </TextEquiv>
            </TextLine>
            <TextLine id="r2l11" custom="readingOrder {index:10;}">
                <Coords points="1885,1826 1929,1841 1969,1823 2045,1837 2092,1815 2251,1817 2276,1802 2307,1813 2343,1794 2341,1762 2290,1754 2251,1770 2219,1757 2201,1769 2166,1754 2115,1774 2066,1759 2020,1778 1962,1764 1884,1800"/>
                <Baseline points="1891,1819 1917,1818 1943,1816 1969,1814 1995,1813 2021,1811 2048,1811 2074,1809 2100,1808 2126,1807 2152,1806 2178,1805 2205,1804 2231,1802 2257,1801 2283,1799 2309,1797 2336,1794"/>
                <TextEquiv>
                    <Unicode>Ausschnitt auß</Unicode>
                </TextEquiv>
            </TextLine>
            <TextLine id="r2l12" custom="readingOrder {index:11;}">
                <Coords points="2246,1880 2354,1845 2413,1879 2559,1843 2617,1868 3047,1853 3065,1781 2400,1783 2245,1816"/>
                <Baseline points="2253,1856 2293,1853 2333,1851 2373,1848 2414,1847 2454,1845 2494,1845 2535,1844 2575,1844 2615,1843 2656,1843 2696,1843 2736,1843 2776,1842 2817,1842 2857,1841 2897,1839 2938,1838 2978,1836 3018,1833 3059,1830"/>
                <TextEquiv>
                    <Unicode>beriiner Versencourter</Unicode>
                </TextEquiv>
            </TextLine>
            <TextLine id="r2l13" custom="readingOrder {index:12;}">
                <Coords points="2134,1897 2154,1894 2164,1899 2175,1894 2183,1899 2213,1881 2227,1890 2242,1889 2239,1837 2212,1846 2202,1843 2195,1848 2181,1836 2172,1841 2149,1833 2130,1838"/>
                <Baseline points="2140,1886 2171,1883 2202,1882 2234,1880"/>
                <TextEquiv>
                    <Unicode>11</Unicode>
                </TextEquiv>
            </TextLine>
            <TextLine id="r2l14" custom="readingOrder {index:13;}">
                <Coords points="1897,1913 1920,1909 1954,1923 1984,1914 2008,1922 2044,1909 2058,1918 2098,1884 2131,1879 2127,1836 2105,1834 2096,1843 2078,1836 2047,1869 2040,1865 2031,1874 2005,1861 1966,1880 1930,1867 1909,1879 1894,1874"/>
                <Baseline points="1903,1915 1930,1913 1958,1912 1986,1911 2014,1910 2041,1909 2069,1905 2097,1900 2125,1893"/>
                <TextEquiv>
                    <Unicode>vom:</Unicode>
                </TextEquiv>
            </TextLine>
            <TextLine id="r2l15" custom="readingOrder {index:14;}">
                <Coords points="1979,1996 2902,2023 2984,2006 2985,1951 1979,1974"/>
                <Baseline points="1986,1999 2035,1999 2085,1998 2134,1998 2184,1998 2233,1998 2283,1998 2332,1998 2382,1998 2431,1998 2481,1999 2531,1999 2580,2000 2630,2001 2679,2001 2729,2002 2778,2003 2828,2004 2877,2005 2927,2007 2977,2008"/>
                <TextEquiv>
                    <Unicode>Man telegraphiert ins aus Hamburg: Arthur</Unicode>
                </TextEquiv>
            </TextLine>
            <TextLine id="r2l16" custom="readingOrder {index:15;}">
                <Coords points="1945,2073 2051,2038 2984,2054 2984,2022 2925,2008 1946,2011"/>
                <Baseline points="1952,2044 2003,2041 2054,2040 2105,2039 2157,2038 2208,2038 2259,2038 2311,2039 2362,2039 2413,2040 2465,2041 2516,2042 2567,2043 2618,2044 2670,2045 2721,2046 2772,2046 2824,2047 2875,2047 2926,2047 2978,2046"/>
                <TextEquiv>
                    <Unicode>Sch#ritzlers „Zwischenspiel“ wurde heute im</Unicode>
                </TextEquiv>
            </TextLine>
            <TextLine id="r2l17" custom="readingOrder {index:16;}">
                <Coords points="1950,2073 2918,2102 2985,2087 2986,2053 2184,2034 1950,2061"/>
                <Baseline points="1956,2076 2007,2077 2058,2078 2109,2079 2160,2080 2211,2081 2262,2082 2314,2083 2365,2083 2416,2084 2467,2084 2518,2085 2569,2085 2620,2086 2672,2086 2723,2086 2774,2087 2825,2087 2876,2087 2927,2088 2979,2088"/>
                <TextEquiv>
                    <Unicode>Deutschen Schauspielhaus mit Erfolg zum ersten</Unicode>
                </TextEquiv>
            </TextLine>
            <TextLine id="r2l18" custom="readingOrder {index:17;}">
                <Coords points="1948,2114 2960,2147 2976,2093 1948,2092"/>
                <Baseline points="1955,2116 2005,2117 2056,2117 2106,2118 2157,2119 2208,2120 2258,2120 2309,2121 2360,2121 2410,2122 2461,2122 2512,2123 2562,2123 2613,2124 2664,2125 2714,2125 2765,2126 2816,2127 2866,2128 2917,2129 2968,2129"/>
                <TextEquiv>
                    <Unicode>Male gegeben. Die Regie und die gute Darstellung</Unicode>
                </TextEquiv>
            </TextLine>
            <TextLine id="r2l19" custom="readingOrder {index:18;}">
                <Coords points="1948,2157 2854,2188 2991,2179 2992,2153 1948,2115"/>
                <Baseline points="1954,2154 2005,2155 2057,2156 2108,2157 2160,2158 2211,2159 2263,2160 2314,2160 2366,2161 2417,2162 2469,2163 2520,2164 2572,2164 2623,2165 2675,2166 2726,2166 2778,2167 2829,2168 2881,2169 2932,2170 2984,2171"/>
                <TextEquiv>
                    <Unicode>kamen dem Stücke sehr zu Hilfe.— O. Gebers Lustspiel</Unicode>
                </TextEquiv>
            </TextLine>
            <TextLine id="r2l20" custom="readingOrder {index:19;}">
                <Coords points="1957,2212 1967,2208 1970,2204 1980,2209 1981,2207 1988,2205 1976,2161 1967,2165 1954,2157 1943,2160"/>
                <Baseline points="1961,2201 1978,2197"/>
                <TextEquiv>
                    <Unicode>„</Unicode>
                </TextEquiv>
            </TextLine>
            <TextLine id="r2l21" custom="readingOrder {index:20;}">
                <Coords points="2001,2209 2611,2198 2907,2227 2986,2213 2987,2179 2002,2161"/>
                <Baseline points="2008,2197 2056,2199 2105,2201 2153,2203 2202,2204 2251,2205 2299,2206 2348,2207 2396,2207 2445,2208 2494,2208 2542,2209 2591,2209 2639,2209 2688,2209 2737,2209 2785,2209 2834,2209 2882,2209 2931,2209 2980,2209"/>
                <TextEquiv>
                    <Unicode>Der Bürgermeister von Lehnin“ hatte</Unicode>
                </TextEquiv>
            </TextLine>
            <TextLine id="r2l22" custom="readingOrder {index:21;}">
                <Coords points="1945,2244 2993,2277 2850,2207 1946,2204"/>
                <Baseline points="1952,2237 2003,2239 2055,2241 2107,2242 2159,2243 2210,2244 2262,2244 2314,2244 2366,2244 2417,2244 2469,2245 2521,2245 2573,2245 2624,2246 2676,2247 2728,2249 2780,2251 2831,2253 2883,2256 2935,2260 2987,2265"/>
                <TextEquiv>
                    <Unicode>im Carl Schultze=Theater einen lebhaften Erfolg. </Unicode>
                </TextEquiv>
            </TextLine>
            <TextEquiv>
                <Unicode>Telephon 12.801.
„SDSERTEK
I. österr. behördl. konz. Unternehmen für Zeltungs-Ausschaltte
Wien, I., Concordiaplatz 4.
Vertretungen
In Berlin, Basel, Budapest, Chicago, Cleveland, Christiania,
Genf, Kopenhagen, London, Madrid, Mailand, Minneapolis,
New-Vork, Paris, Rom, San Francisco, Stockholm, St. Peters¬
burg, Toronto.
(Quellenangabe ohne Gewähr.
Ausschnitt auß
beriiner Versencourter
11
vom:
Man telegraphiert ins aus Hamburg: Arthur
Sch#ritzlers „Zwischenspiel“ wurde heute im
Deutschen Schauspielhaus mit Erfolg zum ersten
Male gegeben. Die Regie und die gute Darstellung
kamen dem Stücke sehr zu Hilfe.— O. Gebers Lustspiel
„
Der Bürgermeister von Lehnin“ hatte
im Carl Schultze=Theater einen lebhaften Erfolg. </Unicode>
            </TextEquiv>
        </TextRegion>
    </Page>
</PcGts>
