3532 4384
1325 149 1757 235 box 25/1
260 135 1242 239 20 Zuischenspiel
386 814 747 900 Telephon 12801.
563 952 1239 1043 „UDSENVEN
359 1029 1472 1089 I. österr. behördl. konz. Unternehmen für Zeitungs-Ausschnitte
559 1090 1309 1166 Wien, I., Conoordiaplatz 4.
785 1148 1078 1213 Vertretungen
366 1195 1475 1261 in Berlin, Budapest, Chicago, Christiania, Genf, Kopenhagen,
364 1246 1492 1285 London, Madrid, Mailand, Minneapolis, New-York, Paris, Rom,
548 1281 1322 1350 San Francisco, Stockholm, St. Petersburg.
728 1319 1140 1382 (Quellenangabe ohne Gewähr.)
361 1375 1502 1486 Ausschnitt alessische Zeitung, Berlin
582 1481 809 1555 10.05
366 1496 591 1591 vom:
361 1565 1537 1663 Wien, 13. Oktober. (Eig. Mitt.) Schönthaus „anspruchs=,
456 1629 1521 1668 d. h. vormärzliche nichtige Verarbeitung von Dickens „Klein¬
353 1665 1513 1721 Dorrit“ füllt voraussichtlich noch über Jahr und Tag Häuser
357 1706 1520 1762 und Kassen: Arthur Schnitzlers neueste Komödie „Zwischen¬
368 1745 1515 1800 spiel“ eine außer allem Vergleich anspruchsvolle Künstlerarbeit,
356 1778 1519 1835 blieb gestern bei der Ur=Aufführung im Burgtheater Kennern und
356 1828 1517 1876 Gründlingen fragwürdig. Der Draht hat der Voss. Ztg.“ schon
358 1849 1519 1914 das Thema des neuen Stückes gemeldet: Eh=Krise und Ehe¬
353 1899 1518 1942 Katastrophe eines Künstlerpaares. Zwei Wiener Musikgrößen
490 1943 1515 1987 ist olerdings nicht gesagt, ob die beiden Vollblut¬
350 1965 1517 2025 Wiener ode aus der Fremde, z. B. aus Norwegen an die
357 2022 1511 2060 Hofoper berufen sind — der Kapellmeister Adams und die Prima¬
350 2055 1512 2107 donna Adatas=Ortenburg lebten geraume Zeit in guter, mit einem
355 2094 1523 2139 Knaben gesigneter Ehe. Die beiden haben sich von Anfang an
349 2136 1523 2197 versprochen, nie Geheimnisse vor einander zu haben: Der Gatte
354 2171 1516 2218 läßt sich von einer philinen= oder eigentlich schon ziemlich phrynen¬
353 2210 1516 2262 haften Kollegin seiner Frau fangen, von der er glaubt, daß sie
353 2252 1527 2298 für einen jungen, sie schwärmerisch verehrenden Fürsten eine
356 2294 1542 2358 Schwäche hege. Der Mann gibt seiner offenbar noch
361 2329 1525 2383 immer ehrlich in ihn verliebten Gemahlin als naiver
352 2362 1525 2421 Egoist zu verstehen, daß er die nächste Ferien bei Philinen ver¬
357 2406 1529 2475 bringen werde; ihre alte künstlerische und Lebenskameradschaft solle
351 2450 1529 2490 und müsse nach und trotz dieser Beichte aufrecht bleiben. Die
356 2488 1527 2535 stolze Frau läßt den Vorschlag scheinbar gelten. Der Komponist
349 2527 1521 2583 wird Philinens rasch überdrüssig. Und als seine Gattin, die ihm
352 2553 1530 2615 während ihres Tiroler Sommeraufenthaltes und des folgenden
350 2597 1524 2661 triumphalen Berliner Gastspiels täglich 8—12 Seiten lange Briefe
361 2640 1518 2702 schreibt heimkommt, flammt seine Sinnlichkeit auf. Obwohl
355 2670 1517 2734 er glaubt, daß sein Weib, wie er mit Philinen, mit dem Fürsten
353 2725 1523 2773 ihren Passionen freien Lauf gelassen, berauscht er die sich ver¬
357 2760 1520 2815 geblich Versagende mit Worten, Bitten und Liebkosungen so lange,
351 2798 1523 2854 bis sie ihre Glu ausrasen lassen. Ein derartiges, schon von Zola
352 2840 1530 2884 als philiströs geprandmarktes raccommodement entre deux draps
354 2877 1520 2937 reicht für die Hellung der Ausnahms=Ehe unserer Ausnahms¬
354 2918 1511 2966 Menschen nicht aus. Der Komponist will den Fürsten, als ver¬
353 2955 1484 3003 meintlichen erhörten rlebhaber seiner Frau, zum Zweikampf al
353 2990 1524 3042 Leben und Tod fordern, erfährt aber in einer überlegen geführten
353 3026 1521 3088 Unterredung mit diesem reinen, frommen Blau=Blut, daß kein
361 3076 1503 3122 Engel so schuldlos, wie seine Gattin. Überselig will er bekehrt
353 3113 1515 3170 und belehrt von seinem Seitensprung in die alte Ehegemeinschaft
347 3141 1520 3202 zurückkehren. Das wehrt und weigert ihm die Frau mit einer
356 3184 1518 3237 Kasnistik der Erotik, die dem Referenten bei wiederholter
350 3213 1528 3280 Lesung des Dramas vor der Aufführung so unfaßbar
351 3277 1522 3327 geblieben ist, wie gestern den Theatergängern trotz einer ganz un¬
356 3309 1518 3359 übertrefflichen Verdolmetschung der endlosen Liebes= und Abschieds¬
355 3348 1516 3397 duette des Paares durch Kainz und Lotte Witt, denen sich eben¬
359 3381 1523 3439 bürtig Korff in der heiklen Aufgabe gesellte, den Fürsten glaubhaft.
355 3421 1523 3472 zu machen. Es steckt in Einzelheiten von Schnitzters „Zwischen¬
350 3457 1518 3511 spiel“ so viel technisches Können, es steckt selbst in den Para¬
358 3478 1529 3562 dorien seiner Liebes= und Ehstands= und Lebens=Kritik so viel
356 3541 1520 3589 selbständiges, mutiges Denken, daß es dem Freunde seiner Natur¬
356 3580 1519 3633 gaben nicht leicht fällt, seine jüngste Komödie in der Hauptsache
351 3612 1524 3658 rundweg abzulehnen. Verloren ist das „Zwischenspiel“ gleichwohlweder
357 3657 1530 3701 in Schnitzlers Entwicklung, noch in der Reihe der Neuigkeiten dieses
345 3697 1532 3746 Spieljahres. Der mißglückteste Schnitzler gibt Schauspielern,
353 3738 1548 3802 Bühnenleitern und Kennern tausendmal mehr Auregung, als der
350 3772 810 3843 gegreichste Schönthau. —
1973 368 2338 442 Telephon 12891.
2308 422 2362 472 —
2850 505 2903 562 9
2166 452 2842 608 „OBSERVER‘
1954 583 3076 672 I. österr. behördl. konz. Unternehmen für Zeitungs-Ausschnitte
2156 632 2894 741 Wien, I., Concordiaplatz 4.
2372 713 2683 779 Vertretungen
1965 757 3066 838 in Berlin, Budapest, Chicago, Christiania, Genf, Kopenhagen,
1960 799 3069 884 London, Madrid, Mailand, Minneapolis, New-Vork, Paris, Rom,
2143 834 2904 926 San Francisco, Stockholm, St. Petersburg.
2317 881 2739 943 (Quellenangabe ohne Gewähr.)
1947 933 3013 1101 Ausschnitt aus: POLITIK, Ppag
2320 1028 2627 1109 15 10. 1905
1961 1044 2117 1108 vom:
2000 1147 3084 1206 + Eine Première Artur Schnitzlers. Im Wiener
1923 1178 3089 1245 Buratbeater wurde am 12 d. M.Seue dreiaktige
1875 1224 3072 1279 m „Zibischenspiel“ zum erstenmal aufgefuhrt und in dem
1881 1265 3084 1318 Zuschäuerraum beifällig ausgenommen. Das Sujet ist kein neues,
1897 1307 3070 1362 eine schiffbrüchige Ehe. Zwei Gatten, welche einverständlich aus¬
1896 1331 3082 1402 einandergehen, bleiben trotzdem beisammen, wobei jedoch
1886 1393 3082 1439 beiden Teilen vollkommene Bewegungsfreiheit gewährt werden
1894 1416 3063 1478 soll. Nachdem der Gatte von dieser Freiheit vollen, die
1897 1449 3083 1510 Frau aber nur scheinbaren Gebrauch macht, kommen beide wieder
1884 1502 3074 1557 ehelich zusammen, um sich in dem letzten Akte wieder zu trennen,
1890 1539 3079 1584 wobei die Frau, nachdem der Mann fortgegangen, weinend
1878 1574 3034 1642 zusammenbricht. Seine Rettung hat das Stück nur dem geiß
1870 1612 2406 1673 sprühenden. Dialan
1822 2129 2186 2206 Telenhon 12801.
2005 2198 2705 2330 „OBSERVER“
1807 2311 2940 2389 I. österr. behördl. konz. Unternehmen für Zeilungs-Ausschnitte
2003 2386 2743 2473 Wien, I., Concordiaplats 4.
2229 2444 2538 2510 Vertretungen
1819 2481 2933 2552 in Berlin, Budapest, Chicago, Christiania, Genf, Kopenhagen,
1822 2550 2933 2600 London, Madrid, Mailand, Minneapolis, New-Vork, Paris, Rom,
1996 2576 2763 2637 San Francisco, Stockholm, St. Petersburg.
2170 2615 2594 2683 (Quellenangabe ohne Gewähr.)
1819 2658 3089 2799 Ausschnitt aus Klamburger Corresponden
1824 2813 1975 2872 vom:
1989 2820 2333 2912 K
1928 2905 2953 3032 Wiener Theater. Arthur Schnitzlers „Zwischen¬
1866 2956 2957 3085 spiel“ fand, wie schon telegraphisch berichtet, bei seiner
1866 3003 2962 3113 Uraufführung im Hofburgtheater eine beifällige Auf¬
1878 3049 2962 3176 nahme. Der Autor hat es sich diesmal sehr leicht
1875 3077 2963 3213 gemacht. Er warf die Frage der Künstlerehe auf,
1873 3144 2972 3242 experimentierte ein wenig herum und ließ dann den
1883 3161 2967 3288 Vorhang fallen. Vor allem entbehrt das erklügelte
1888 3215 2972 3326 Stück der Tiefe. Schnitzler dringt nirgends ein, er
1876 3239 2992 3393 glaubt ein Problem mit einer Getstreichelei abmitun.
1902 3326 2993 3430 Dabei kann man im ganzen Stück Ibsen begegnen.
1908 3355 2985 3474 Auch Ibsensche Dunkelheit herrscht stellenweise in der
1909 3394 2996 3512 Komödie. Die geistige Helle Ibsens fehlt freilich.
1908 3440 2995 3555 Sehr gut setzt die Exposition ein, sogar ziemlich kräs¬
1911 3478 2997 3587 tig. Doch schon der zweite Akt läßt nach. Vor allem
1910 3518 2991 3625 stört da ein langer Monolog, dem Schnitzler als er¬
1925 3561 2995 3674 fahrener Bühnenschriftsteller gewiß aus dem Wege
1924 3590 3011 3709 hätte gehen sollen. Tann stört und ermüdet im zweiten
1915 3635 3006 3748 sowohl als auch im britten Akte die Länge der Dia¬
1929 3675 3022 3787 loge. Mit der Zeichnung seiner Charaktere hat Schnitz¬
1922 3724 3028 3823 ler ebenfalls wenig Glück gehabt. Ueber die Dar¬
1933 3755 3027 3876 stellung läßt sich nur Gutes sagen. Kainz und Lotte
1934 3793 3036 3912 Witt versuchten das Stück nach besten Kräften zu
2890 3832 2989 3885 H.
1932 3900 2095 3954 retten.
