3436 4224
1261 113 1701 206 box 25/4
187 125 1159 235 20. Zuischensniel
316 727 1428 791 P Sctelt. Senoral. Konz. unternehmen für Zeitungs-Ausschnitte
498 784 1246 869 Wien, I., Concordiaplatz 4.
735 858 1037 916 Vertretungen
322 897 1434 960 in Berlin, Budapest, Chicago, Christiania, Genf, Kopenhagen,
317 961 1429 1011 London, Madrid, Mailand, Minneapolis, New-York, Paris, Rom,
481 982 1263 1050 San Francisco, Stockholm, St. Petersburg.
660 1029 1091 1095 (Quellenangabe ohne Gewähr.)
329 1111 746 1183 Ausschnitt aus:
637 1090 1221 1262 Uinzer Tageepost
343 1223 483 1276 vom:
859 1235 1196 1309 m 1
451 1281 1495 1339 (Grazer Theater.) Aus Graz wird uns geschrieben:
310 1331 1508 1394 In unseren ziemlich einförmigen Spielplan der Schauspielkunst
318 1379 1507 1418 brachte das seit mehreren Jahren übliche Gastspiel einzelner Mit¬
329 1416 1508 1472 glieder des Wiener Burgtheaters einige Abwechslung. Aber es
330 1452 1501 1489 ist nicht zu verstehen, daß die Direktion und die Intendanz un¬
323 1485 1500 1531 serer Hofbühne es gestatten, daß diese Gastspiele unter der Flagge
966 1522 1026 1560 #
328 1533 1507 1575 eines „Burgtheater=Ensembles“ stattfinden; mit Ausnahme von
322 1565 1507 1642 zwei oder drei Mitwirkenden mimen nur Leute der vierten oder
340 1629 1506 1690 funften Garnitur des Burgtheaters, die dort kaum melden dür¬
357 1688 1505 1727 fen, „daß der Wagen vorgefahren ist". Und hier spielten sie erste
339 1721 1510 1761 Rollen! Schauspielkunst war wenig zu bewundern;
854 1766 946 1793 „haT
339 1762 1509 1809 manche Rollen wären von einh##nischen Kräften jedenfalls besser
334 1796 1511 1837 dargestellt worden. Doch immerhin: Graz lernte drei neue Stücke
342 1841 1499 1880 kennen: Schönherrs „Familic“, Schui#####sZwi¬
351 1879 1508 1922 schenspiel" und Prevosts „Das schwache Ge¬
348 1909 1510 1962 schlecht". Und unser Publikum erbrachte wieder einmal einen
348 1957 1512 2008 vollen Unbefähigungsnachweis. Es wandte sich unwillig ab von
345 1989 1503 2038 der trotz aller Kraßheit künftlerisch doch bedeutsamen „Familie",
350 2031 1504 2086 es blieb gänzlich verständnislos gegenüber den wunderbaren
347 2066 1506 2118 psychologischen Feinheiten und dem ganz und gar verinnerlichten
355 2106 1507 2149 Drama des „Zwischenspiels“ und es ergötzte sich an der plumven
344 2146 1532 2195 Mache „Das schwache Geschsecht“. Einen Milderungsumstand für
344 2185 1518 2234 die traurige Tatsache einer derartigen Verteilung des Erfolges
357 2213 1524 2272 muß man in der Güte der Aufführungen suchen: „Das schwache
343 2261 1513 2300 Geschlecht“ wurde am besten gespielt; und in diesem Stück allein
342 2297 1520 2352 hatte Korff, der erklärte Liebling unseres Publikums, eine
351 2336 1519 2378 große Rolle. Leider war gerade die Aufführung des „Zwischen¬
1054 2376 1514 2426 Wer diese Komödie im
358 2381 1044 2430 sviels“ eine außerordentlich schwache.
348 2415 1523 2462 Burgtheater mit Kainz und Witt in den Hauptpartien gesehen
359 2456 1509 2501 hatte, der war angesichts dieser Leistungen geradezu entsetzt.
349 2498 1510 2543 Frank bot eine Karikatur von einem Kainz und auch Frau
342 2527 1523 2578 Medelsky, die so Verehrenswerte, und deren Leistungen auch dies¬
353 2566 1520 2617 mal an den übrigen zwei Abenden hoch über allen anderen stan¬
347 2605 1517 2653 den, versagte beinahe ganz in dieser Rolle. „Die tiefe Unsicherheit
356 2643 1520 2691 aller irdischen Beziehungen zwischen Mann und Weib“ ist das
363 2684 1514 2734 mit zersetzender Gefühlschemie durchgeführte Thema dieser grüb¬
363 2717 1523 2769 lerischen Reflexion. — Im Schauspiel hatten wir sonst nichts Be¬
359 2765 1523 2811 merkenswertes zu erleben. Einige Gastspiele auf Engagement,
357 2805 1521 2849 von denen das des Herrn Ehmann zu einem Ziele führte, so¬
349 2837 1515 2880 wie die zweier jugendlicher Helden, Kraus und Platen, auch
360 2869 1526 2918 Wittenbauers „Filia hospitalis, für die die Zensur durch ein
1432 2911 1463 2931 —
362 2915 1520 2961 zuerst verhängtes und dann wieder zurückgenommenes Auffuh¬
364 2954 1523 2998 rungsverbot mächtig Reklame schlug, wurden uns beschert. Wir
362 2990 1523 3038 hoffen noch auf einige schöne Abende: wir sollen noch Wedelinds
505 3026 544 3056 107
354 3028 1522 3079 „Erdgeist und d'Annunzios „Gioconda“ hören. Auch in betreff
1365 3056 1427 3094 □
365 3068 1517 3111 der Oper befinden wir uns im Zustand der Hoffnung. Nachste
364 3107 1523 3147 Woche wird d'Alberis „Flautosolo" und Schuberts „Häuslicher
355 3145 1528 3186 Krieg“ aufgeführt und im Mai soll die große Tat geschehen:
362 3192 1516 3235 „Salome von Richard Strauß. Das Orchester wird 90 Mann
352 3220 1523 3273 zählen, alle Partien sind doppelt besetzt. Strauß wird die drei
357 3259 1527 3306 ersten Aufführungen selbst dirigieren. Graz wartet mit Span¬
363 3295 1532 3339 nung darauf, und auf allen Klavieren hört man Versuche, den
362 3328 1533 3385 Klavierauszug zu spielen, scheitern. In der Operette unterbrach
361 3371 1541 3425 die Aufführung von Lehars reizender „Lustiger Witwe“ die
354 3403 1546 3467 gewöhnlichen Attentate auf Geschmack undVerstand, die unter dem
353 3451 1533 3501 Namen der modernen Operette verübt werden; insbesondere die
352 3498 1526 3546 Instrummentation ist ganz reizend. Das gewöhnliche Niveau der
363 3520 1536 3583 modernen Operette überragt auch turmhoch „Jungdietrichs
354 3570 1545 3622 Brautfahrt“ von Oskar Strauß, die mit Fräulein Kar¬
354 3609 1547 3662 tousch in der Hauptpartic — sie ist wundernett in dieser Rolle“
356 3644 1530 3681 — und von Staackmann geleitet, vor einigen Tagen in Szene
358 3683 1528 3728 ging. Nun kommen noch massenhafte Gastspiele auf Engagement.
1343 3717 1496 3776 W.(R.
344 3717 1286 3792 da fast unser ganzes Künstlerpersonal uns verläßt.
479 3788 1004 3859 Murie —##„
2349 587 2744 671 Telephion 12801.
1976 656 3102 733 Alen. Weigls Unternehmen für Zeitungs-Ausschnitto
2175 751 2922 873 „UBSERVER“
1977 854 3113 929 I. österr. behördl. konz. Bureau für Zeitungsberichte u. Personainachrichten
2181 922 2938 996 Wien. I., Concordiaplatz 4.
2400 998 2697 1059 Vertretungen
1984 1050 3092 1102 in Berlin, Budapest, Chicago, Genf, London, New-Vork,
1978 1075 3097 1149 Paris, Rom, Mailand, Stockholm, Christiania, St. Petersburg.
2270 1133 2832 1203 (Quellenangabe ohne Gewähr.)
1984 1233 2462 1314 Ausschnitt aus
2211 1245 3042 1380 24 Miener Leben
2003 1335 2178 1403 vom:
2075 1370 2978 1447 Zweiter Abend: „Zwischenspiel“ Ko¬
2001 1413 2992 1479 lödie von Artur Schnitzler. Ein tiefsinniges
1996 1471 2999 1524 Verk, das sortiefsinmg ist, daß es eigentlich
2001 1507 2992 1570 ar kein Schauspiel genannt werden kann,
2006 1559 2993 1632 ondern nur ein sorgfältig ausgefeilter, äußerst
2009 1604 2996 1683 zeistvoller Dialog, in dem die klugen Gedanken
2001 1655 2991 1721 und witzigen Einfälle gleich Leuchtkugeln in
2001 1701 3003 1777 lie Luft fliegen. Das Eheproblem, das dabei
1994 1746 2994 1825 aufgerollt wird, ist neu, originell und sehr
1997 1793 2999 1871 eigenartig. aber viel zu lang ausgesponnen,
1996 1845 2989 1908 um drei Akte zu füllen. Wenn dieses merk¬
1998 1884 2997 1971 würdi, e Ehepaar Adams, das sich liebt und
1996 1944 2990 2006 doch auseinander gehen will, fortwährend bei¬
1994 1988 3003 2061 nander sitzt und sich gegenseitig psychologische
1997 2037 3006 2096 Rätsel zu lösen gibt, so findet der Zuhörer
1999 2093 3012 2151 das anfangs interessant, wird dessen aber
1993 2141 2270 2223 bald müde.
2082 2177 3032 2241 Auch die Darstellung befriedigte nichtt
2004 2219 3013 2307 ganz. Als Kapellmeister Amadeus, der in Wien
1995 2265 3006 2338 vom „großen Kainz“ gemeistert wird, flackerte
2000 2317 3018 2400 Herr Frank auf der Bühne hin und her.
1999 2359 3007 2459 Seine Nervosität wirkt zerfahren, der Akzent
2002 2423 3005 2485 des Schmerzes am Schlusse versagt. Ueber
1999 2473 3009 2526 Frau Medelskys Cäcilie traut man sich
2012 2519 3008 2571 eigentlieh nicht viel zu sagen. Sie ist ja die
2003 2564 3018 2641 gefeierte Künstlerin, der alles zu Füßen liegt,
2008 2608 3011 2672 jeder Zweifel an ihr fällt als Hohn auf den
2003 2644 3025 2732 zurück, der ihn auszusprechen wagt. Und doch
2078 2697 3020 2771 und doch! So denke ich mir diese Opern¬
2018 2738 3021 2817 sängerin nicht. Viel energischer, zielbewußter,
2010 2782 3027 2874 ein Vollweib, dessen Augen bhitzen und dessent
2013 2832 3031 2903 Hände sich ballen. Aber Lotte Medelsky hatt
2022 2887 3034 2970 kein imponierendes Auftreten, sie ist ein Tränen-
2025 2936 3027 3005 krüglein ohne Ende, und zerfließt immer in
2015 2987 3033 3069 Leid und Rührung. Dazu kommt ihr merk¬
2019 3025 3031 3105 swürdig gebrochenes Organ, ihre eigentümlich,
2026 3074 3045 3143 dialektisch gefärbte Aussprache des Deutschen.
2020 3125 3034 3192 Sie kann gewiß unendlich viel, aber sie kann
2017 3172 3031 3240 #doch auch keine Rolle geben, die ihrer Natur
2020 3221 3038 3297 Inicht entspricht. Auch Korff, sonst ein er¬
2030 3266 3046 3347 klärter Liebling der Grazer, ist nicht ganz zu
2029 3321 3030 3414 loben. Seinen Fürsten Sigismund charakteri¬
2035 3359 3039 3432 sierte er zwar fein, gewiß ist seine Auffassung
2035 3414 3036 3495 berechtigt. Aber leider — man verstand ihn
2031 3458 3035 3548 nicht! War’s die ungewohnte Akustik des
2032 3511 3034 3576 Hauses, daß alle seine Worte in einem un¬
2044 3570 3035 3622 deutlichen Gemurmel erstickten? Sonderbar.
2045 3592 3043 3680 Wirklich gut war diesmal nur Herr Muratori
2042 3636 3046 3724 als der geistvolle Berater Albertus. Eine starke
2043 3695 3055 3758 Persönlichkeit, die ich gerne in einer führenden
2041 3739 3052 3814 Rolle hören möchte. — Das Publikum schien!
2032 3782 3049 3867 anfangs abwartend, später nicht sonderlich
2032 3835 3050 3902 Pentzückt, und langweilte sich schließlich ganz
2042 3887 2930 3958 aufrichtig. Daher war der Beifall mäßig.
2817 4012 3017 4082 -
