3484 4384
337 175 1243 297 20. Zuischensniel
1379 186 1845 283 box 25/1
517 432 748 512 Nr. 299.
1069 457 1447 526 Wien, Sonntag
1536 467 2211 532 Fremden-Blatt.
718 497 761 533 —
2370 466 2814 541 29. Oktober 1905.
3009 473 3262 543 Seite 21.
808 553 1566 629 Aus der Theaterwelt.
1886 552 3287 628 gefahren: Einer in die Wohnung der Frau Elizza, der andere in die der
1896 608 3289 657 Frau Felser. Während man dem Fräulein Bland die Helmwige mit
465 616 1864 694 (Eine angenehme Ueberraschung im Burgtheater. — Josef Kainz als
471 648 1099 719 Kapellmeister Amadeus Adams. —
1888 656 3285 718 Gewalt eintrichtert, erscheinen plötzlich nach bangen zwanzig Minuten die
1116 674 1866 727 Herr Korff am Klavier oder: Ein
471 686 1312 758 resoluter Moment der Frau Medelsky.
1355 707 1870 762 Aus dem Hofovern¬
1891 705 3281 757 Damen Elizza und — Felser. Warum war sie nicht früher gekommen?
463 730 1870 804 zheater: Eine „Walküren“=Vorstellung mit elf Waltüren! — Zwei ärgerliche
1890 753 3293 821 Ganz einfach: Frau Felser hatte wegen Indisposition brieflich abgesagt,
470 771 1862 855 Geschichten von Girardi, Mizzi Zwerenz und Rosa Papier¬
1875 796 3285 873 und der Brief war nicht als definitive Absage aufgefaßt und demgemäß
977 817 1378 884 Paumgartner.)
1888 834 3281 922 nicht erledigt worden. Tatsächlich lag Frau Felser auch zu Bette, als der
582 841 1863 947 In diesen Tagen hat sich so mancher, der sich für einen Kenner des
1893 887 2480 956 Theaterbote bei ihr anlangte.
456 923 1867 991 Theaters, oder mindestens des Theaterpublikums hielt, gestanden, daß er
1989 924 3294 995 Nun hatte man auf einmal drei Helmwigen statt einer, und zehn
462 967 1868 1019 geradesowenig prophezeien könne wie die ganz Unwissenden oder die
1880 999 3287 1052 Walküren statt acht. Alles atmete beglückt auf — am beglücktesten
463 1013 1860 1079 Wissenden des Theaters. Es war doch die allgemeine Ansicht der Ein¬
1882 1032 3293 1103 Fräulein Bland, der im Panzer und Helm und in dieser von allen Seiten
462 1065 1867 1115 geweihten, daß Artur Schnitzlexs-„Zwischenspiel“ im Burgtheater
1887 1077 3288 1154 auf sie eindringenden musikalischen „Bearbeitung“ der Schweiß von der
458 1102 1871 1159 höchstens das Interesse der Literaten erwecken, dem Publikum aber fremd
1884 1125 3300 1178 Stirne rann. Sie verschwor sich, nicht so bald wieder einer „Walküren“¬
464 1143 1864 1219 bleiben werde. Ein Stück — angefüllt mit analytischem Dialog, in dem
1877 1179 3163 1244 Vorstellung beizuwohnen. Sie hatte den Genuß recht teuer bezahlt.
464 1201 1867 1258 so wenig geschieht! Und nun kommt das Publikum und sagt souverän:
1989 1211 3289 1294 „Hojotoho! Hojotoho! Heiaha! Heiaha!“ tönte es in diesem
461 1245 1856 1311 Mir gefällt's! Und es geschieht das Unerwartete, daß das „Zwischenspiel“
1885 1270 3241 1332 Augenblicke von der Bühne. Die Walküren riefen — alles war gerettet!
449 1295 1863 1364 das meistbesuchte Stück der Saison wurde — wenigstens bis jetzt;
1993 1316 3295 1361 Die Saison tritt in das Zeichen der Blüte; denn der November
453 1344 1873 1408 ja, daß es mit seinen Einnahmen sogar das Publikumstück Schönthans
1889 1359 3301 1418 gilt bei uns als der beste Theatermonat des Jahres. Der Theaterhunger des
457 1399 1861 1457 übertraf, das Lustspiel „Klein Dorrit“! Denn bis nun ist die Einnahme
1890 1411 3293 1458 Pubikums hat um diese Zeit noch nicht ausgetobt, keine Weihnachtsstimmung,
453 1432 1864 1504 einer „Zwischenspiel“=Aufführung noch nicht unter 4600 Kronen (mit
1884 1462 3293 1508 keine Faschingslaune stört die Theaterpläne der Städter ... Das Carl=Theater
453 1485 1858 1537 Abonnement 5800 Kronen) und die Einnahme einer „Klein Dorrit“=Auf¬
1884 1507 3307 1568 treibt mit vollgeschwellten Segeln in die Hochsaison. „Die Schützenliesel“ mit dem
461 1523 1865 1599 führung noch nicht unter 4200 Kronen (mit Zuziehung der täglichen
1879 1552 3297 1608 Zweigespann Girardi=Zwerenz hält voll und ganz, was sich Direktor
462 1578 1866 1653 Abonnementquote von 1200 Kronen) noch nicht unter 5400 Kronen gesunken.
1885 1601 3297 1652 Aman von ihr versprochen hatte. Kürzlich, bei einer Sonntagsaufführung, gab
452 1629 1441 1678 Kein Wunder, daß sich die Propheten schämen ...
1893 1651 3302 1711 es wieder stürmische Ovationen für das Künstlerpaar und auch Blumen, viele
573 1669 1857 1729 Josef Kainz ist auf den Erfolg des Schnitzlerschen Stückes mit
1881 1700 3289 1760 Blumen. Schließlich überreichte ein galonnterter Diener nach dem zweiten Akt
462 1719 1866 1793 Recht nicht wenig stolz; er ist doch der Hauptträger der Darstellung!
1873 1744 3296 1818 Herrn Girardi auf offener Bühne ein Glücksschweinchen und einen
455 1769 1851 1836 Wie oft hatte er gefürchtet, daß ihn bei dieser umfangreichen, an mnemo¬
1884 1795 3292 1855 Rauchfangkehrer — beide von Blumen förmlich erdrückt. Girardi konnte
452 1813 1862 1882 technischen Anhaltspunkten so armen Prosa das Gedächtnis im Stiche
1888 1837 3289 1896 sich vor Freude kaum fassen, denn er glaubt in kindlichem Gemüte an
444 1863 1862 1934 lassen werde! Er bewättigte sie aber schließlich doch; er bewältigte auch
1873 1879 3287 1941 diese Glücksbringer, zum mindesten aber an die glücklichen Absichten des
456 1912 1854 1974 — das Klavierspiel des ersten Aktes, obgleich er keinen Dunst von einer
1888 1935 3287 1997 Spenders. Voll Neugter besieht er die kleine Karte, die dem Rauchfang¬
441 1950 1856 2024 Skala hat. Kainz bedauerte bei dieser Gelegenheit, daß er nicht musikalisch
1880 1981 3291 2044 kehrer und dem Schweinchen angehängt ist, und er liest darauf die Namen
456 2005 1853 2062 ist, zum mindesten nicht einmal ein bischen „Klavier klimpern“ kann.
1883 2023 2718 2095 der Spender: Zwerenz=Guttmann.
455 2052 1860 2104 Denn die Verständigung mit dem in der Kulisse verborgenen wirklichen
1984 2069 3297 2152 „Nein — das ist aber wirklich herzlich schön von Euch!“ ruft
444 2101 1865 2162 Klavierspieler verursachte ihm stundenlange Mühen. Es kann aber doch
1876 2116 3282 2188 Girardi aus und nimmt die Zwerenz und ihren Gatten bet beiden Händen,
456 2155 1853 2215 manchmal gut sein, wenn der Schauspieler wegen musikalischen Unver¬
1878 2176 3291 2254 um sie zu drücken und zu schütteln. „Ihr habt mir eine große, große
442 2207 1853 2262 mögens eine etwa in seiner Rolle vorkommende Klimperei einem Musiker
1887 2218 3114 2281 Freude bereitet, und ich bin Euch aus ganzem Herzen dankbar!“
444 2249 1848 2328 hinter der Szene überlassen muß, wenn er also nicht selbst spielt, sonbern
1985 2273 3289 2332 Während dieser Szene sah die Zwerenz ihren Gatten und Herr
453 2294 1301 2351 nur vor dem stummen Instrument markiert.
1881 2309 3285 2384 Guttmann seine Gattin an — fragend, ratlos. Denn keiner von ihnen
553 2331 1854 2402 Das zeigte sich bei der jüngsten Aufführung eines anderen
1873 2370 3293 2426 wußte sich zu erinnern, ein Schweinchen und einen Rauchfangkehrer für
442 2369 1855 2447 Schnitzlerschen Burgtheaterstückes, der „Liebelei“. Da hat bekanntlich Fritz
1877 2401 3289 2462 Girardi bestellt zu haben. Und so machten sie denn heitere Miene zum
440 2443 1852 2491 Lobheimer einen ziemlich komplizierten Klavierpart zu absolvieren. Denn
1878 2459 3174 2506 heiteren Sptel und dachten sich, die Aufklärung werde schon kommen.
446 2490 1852 2541 die jungen Leute, die bei Fritz zu Gaste sind, tanzen nach seinem Spiel
1986 2502 3273 2550 Sie kam auch wirklich. Denn es zeigte sich, daß die Namen Zwerenz¬
445 2537 1850 2599 und unterbrechen es auch oft durch ihre Konversation. Nun ist der Darsteller
1873 2543 3277 2618 Guttmann auf der kleinen Karte nicht die Absender, das heißt also: nicht
438 2584 1852 2637 des Fritz, Herr Korff, ein famoser Klavierspieler. Das gehört zu seinen
1873 2590 3283 2671 die Spender der duftigen Gabe bedeuten sollten, sondern die Adresse.
447 2623 1851 2689 übrigen, vielfachen Talenten. Im Laufe des Dialogs hat die plötzlich
1873 2649 3279 2710 Schweinchen und Rauchfangkehrer waren also nicht von Zwerenz=Gutt¬
437 2671 1849 2730 nachdenklich werdende Christine (Frau Medelsky) an ihren Partner
1871 2695 3282 2741 mann gespendet, sondern an sie gesendet worden. Da diese Glücksbringer
445 2712 1849 2784 Fritz die Frage zu richten: „Warum spielst du nicht weiter?“ — was
1874 2738 3285 2787 aber irrtümlicher Weise Herrn Girardi überreicht wurden, so mußte er
454 2772 1853 2830 selbstverständlich voraussetzt, daß Fritz mittlerweile aufgehört haben muß.
1861 2780 3277 2836 die Adressaten für die Absender halten. Das Ehepaar Zwerenz=Guttmann
439 2814 1845 2876 Herr Korff war aber so sehr im Klavterspiel vertieft, daß er noch einige
1869 2837 3272 2899 war aber gar nicht böse, daß die Sendung ihre Adresse verfehlt hatte.
448 2868 1852 2927 Takte des „Doppeladler=Marsches“ zugab — ohne es zu wissen. Frau
1866 2877 3275 2931 Schweinchen und Rauchfangkehrer, die nun den Salon Girardis zieren,
432 2910 1850 2961 Medelsky verlängerte ihre vorgeschriebene Nachdenklichkeit um ein Erkleckliches
1873 2935 2820 2991 sollen dort nur weiter ihres Glücksamtes walten.
444 2961 516 3005 —
510 2972 1849 3018 endlich aber, als Fritz durchaus nicht aufhörte, griff sie zu einem
1975 2959 3278 3049 Wir haben diese Geschichte nur erzählt, um an der Hand der nun
434 3006 1851 3065 heroischen Mittel, um endlich zum Worte, zu ihrer Frage kommen zu
1866 3030 3276 3089 folgenden ebenso wahrhaftigen Geschichte zu beweisen, daß man sich oft
437 3050 642 3115 können:
1876 3075 3271 3144 viel mehr ärgern kann, wenn eine Sendung an die richtige Adresse gelangt,
553 3068 1844 3152 Frau Medelsky legte plötzlich ihre Hände auf die des spielenden
1871 3119 2818 3186 als wenn sie eine unrichtige erreicht. Man höre:
441 3143 1859 3217 Fritz, hielt sie fest und sagte dann: „Warum spielst du nicht
1968 3163 3271 3222 Kürzlich wurde, wie bekannt, in Hamburg Siegfried Wagners
437 3186 701 3255 weiter?“
1867 3203 3279 3278 jüngstes Werk „Bruder Lustig“ aufgeführt, mid die Zeitungen berichteten
559 3247 1840 3314 Nun hatte sie dem folgenden Partner das Stichwort gegeben, nun
1867 3268 3270 3323 allerlei Erfreuliches über den Erfolg dieser Oper. Es war kein Wunder,
431 3304 1837 3358 war jede Stockung besettigt und alles gerettet. Es war ein Zug von
1867 3308 3275 3371 daß die Freunde aus aller Welt den Komponisten beglückwünschten. Unter
432 3351 1838 3407 Geistesgegenwart, deren man im Bühnenleben nur schwer entraten kann.
1869 3355 3274 3409 den vielen Gratulanten besand sich auch unsere Kammersängerin Rosa
440 3391 1840 3445 An den Schauspieler tritt wie an den Soldaten im Felde oft die An¬
1869 3405 3274 3456 Papier, die ausgezeichnete Künstlerin, die seit Jahren herzliche Freund¬
432 3433 1835 3487 forderung heran, sich mutig berauszuhauen — wie es ihm ein Moment
1859 3448 3278 3506 schaftsbande mit der Familie Wagner verknüpfen. Sie setzte sich in ihrer
432 3488 1842 3542 der Eingebung vorschreibt. Davon wissen auch einige Damen des Hof¬
1859 3500 3273 3551 Wohnung in der Frankenberggasse hin und sendete folgendes Tele¬
436 3529 1832 3589 operntheaters zu erzählen, die an der jüngsten Aufführung der
1869 3544 2106 3610 gramm ab:
439 3572 983 3650 „Walküre“ beteiligt waren.
2146 3577 2600 3676 „Siegfried Wagner
561 3609 1836 3690 „Hojotoho! Hojotoho! Heiaha! Heiaha!“ rufen die Walküren zum
2941 3629 3223 3699 Hamburg
428 3681 1839 3735 Beginn des dritten Aktes vom Felsberg herab. Aber es dauerte ziemlich
2950 3683 3224 3740 Stadttheater.
426 3725 1833 3789 lange, ehe das Publikum diesmal den Walküren=Ruf vernahm. Der dritte
2054 3714 3252 3788 Bin hocherfreut über den großartigen Erfolg Deies jüngsten
437 3770 1671 3820 Akt wollte nicht beginnen — so lange währte die Zwischenpause.
1925 3771 2877 3834 Werkes! Darum tausend herzliche Glückwünsche!
549 3810 1848 3875 Was war geschehen? Man denke nur: Eben sollte das Zeichen zum
2033 3810 3220 3880 Deine alte Rosa von der Frankenberggasse.“
427 3867 1839 3925 Aufziehen des Vorhanges gegeben werden, die Walküren lagerten sich
1956 3860 3216 3925 Die Depesche kam ganz richtig im Hamburger Stadttheater an —
425 3911 1839 3971 möglichst bequem in der Felsenhöhe — da bemerkte der Inspiztent, daß
1862 3915 3252 3973 allein Frau Papiel wunderte sich, daß sie nicht einmal eine Dankeskarte
424 3965 1827 4020 nur sieben Walküren auf die Bühne gekommen waren. So oft er auch
1850 3961 3260 4020 vom jungen Wagner erhielt, obgleich schon einige Tage seit der Absendung
424 4020 1839 4067 zählte, der arme Inspizient, er konnte nur bis auf die Zahl 7 kommen.
1847 4009 3266 4064 der Depesche vergangen waren. Endlich kam die Aufklärung. Denn vor¬
427 4045 1841 4109 Eine Dame fehlte also. Es war eine der wichtigsten Walküren, Helm¬
1843 4054 3256 4100 gestern erhielt die Kunstlerin ihre eigene Depesche mit dem amtlichen Ver¬
421 4094 1840 4142 wige, die von Frau Felser gesungen werden sollte. Vergedlich suchte
1848 4100 2103 4161 merk zurück:
