3436 4256
1240 162 1675 250 box 25/4
158 180 1090 272 20. Zuischensniel
320 542 706 622 Telephon 12801.
1100 599 1287 680 91
502 645 1210 738 „ODSEAVER
306 695 1419 796 I. österr. behördl. konz. Unternehmen für Zeitungs-Ausschnitte
507 763 1241 853 Wien, I., Concordiaplatz 4.
727 838 1033 901 Vertretungen
329 873 1430 947 in Berlin, Budapest, Chicago, Christiania, Genf, Kopenhagen.
326 936 1428 994 London, Madrid, Mailand, Minneapolis, New-Vork, Paris, Rom.
498 959 1281 1024 San Francisco, Stockholm, St. Petersburg.
674 1006 1116 1066 (Quellenangabe ohne Gewähr.)—
344 1016 1351 1211 S  J. Ser
340 1199 881 1306 VGt—P T
988 1217 1321 1338 Ta#e
1312 1377 1434 1470 2
604 1481 1167 1564 Theater und Musik.
420 1537 1451 1623 Verein von Liebhabern dramatischer Literatur. Ein
291 1608 1444 1664 Stück wie das Schnitzlersche „Zwischenspiel“ zur Geltung zu
307 1650 1448 1702 springen ist eine schwere Aufgabe, selbst für ein erstklassiges
299 1684 1453 1741 nsemble. Unser rühriger Dramatischer Verein hat es dennoch
299 1711 1439 1772 fübernommen, war aber leider, bei allem anerkennenswerten
306 1762 1448 1800 sguten Willen, der Aufgabe doch nicht ganz gewachsen. Dieses
311 1799 1439 1855 Stück, das der äußeren Handlung fast vollkommen entbehrt, in
316 1831 1446 1893 dem die Konflikte nur in der Seele zweier künstlerisch und
315 1874 1449 1923 geistig hochstehender Ausnahmemenschen sich abspielen, dieses
310 1910 1446 1968 Stück, steht und fällt mit der Fähigkeit der Schauspieler den
307 1947 1450 2014 feinpointierten geistreichen Dialog zu sprechen und zur Geltung
310 1994 1447 2044 zu bringen. Es mag ja zum Teil an der schlechten Akustik des
306 2027 1447 2088 Saales liegen, auch ist vielleicht das Buch in der Hand störend,
315 2072 1453 2133 aber es ging durch undeutliches Sprechen unendlich viel vom
312 2111 1438 2173 Stück verloren. Kapellmeister Amadeus Adams wurde lebendig
308 2144 1449 2206 und voller Verve gespielt, etwas zu jugendlich vielleicht, und
296 2189 1438 2251 dann — diese nervöse hastige Sprache, die allerdings nicht
295 2219 1436 2274 deklamatorisch, sondern natürlich wirkt, dafür aber bei den
291 2269 1447 2308 Zuschauern eine große Sehnsucht nach einem Hörrohr
306 2298 1437 2358 wachruft. Die Darstellerin der Cäcilie hat eine schöne
294 2331 1445 2395 Diktion, es fehlte ihrem Spiel aber an Leichtigkeit. Am
294 2387 1455 2439 besten gelang die letzte Szene des zweiten Akts. Von den
299 2424 1439 2472 übrigen Darstellern ist wenig zu sagen. Es gab einen Raison¬
303 2444 1442 2511 neur, der seiner Aufgabe durch undeutliches Sprechen nicht ge¬
306 2497 1447 2545 recht werden konnte, dann noch einige Nebenpersonen, die den
305 2537 1442 2586 Anforderungen genügten. Dem Stück ging, wie schon öfters
302 2581 1439 2631 vor markanteren Aufführungen, ein erläuternder Vortrag vor¬
296 2605 1439 2686 aus, der auf dem Programm jedoch nicht vermerkt stehl, also
291 2653 838 2706 wohl anonym zu bleiben hat.
774 2693 1379 2785 Fnehmen für Zeitungs-Ausschnltte
745 2765 1203 2848 oncordiaplatz 4.
691 2823 995 2897 Vertretungen
559 2876 1375 2947 pest, Chicago, Christiania, Genf, Kopenhagen,
478 2924 1372 2991 zurid, Mailand, Minneapolis, New-York, Paris, Rom,
463 2964 1226 3033 San Francisco, Stockholm, St. Petersburg.
631 3004 1047 3068 (Quellenangabe ohne Gewähr.)
284 3071 704 3148 Ausschnitt aus:
706 3077 1344 3175 RAZER TAGBLAT‘
786 3158 931 3233 19. 5
291 3175 461 3239 vom:
376 3244 1366 3317 Bchnitler Artur.“ Zwischenspiel.
307 3296 1343 3344 Komödie in drei Alten. Berlin. S. Fischer. Eine freie
304 3328 1349 3380 Ehe, die ihren Halt, ihre Würde durch die Aufrichtigkeit
306 3380 1344 3424 bekommen sollte, mit der man sich im Augenblicke, wo
305 3408 1340 3459 man die Liebe aus ihr schwinden sieht, dies anvertrauen
306 3455 1339 3503 würde, um mit starkem Herzen auseinanderzugehen.
306 3476 1351 3534 Aber Ebbe und Flut der Liebe kommt nach einigen
302 3523 1351 3584 Jahren nicht gleichzeitig für beide Teile. Man gibt sich
306 3577 1349 3620 gegenseitig frei. Ein Teil aber muß dabei in ver¬
307 3601 1351 3660 schmähter Liebe unwahr werden. übrig bleibt der reine
321 3640 1347 3700 Freundschaftsbund, der durch die plötzlich aufflammende
314 3680 1351 3733 Liebe des anderen Teiles dann ebenso unwahr wird,
304 3722 1356 3773 wie es die Eheliebe gewesen. Man war für eine treue
310 3754 1352 3808 Liebe nicht stark genug und kann es dann auch für
1095 3791 1342 3854 überzeugend
311 3808 996 3851 eine reine Freundschaft nicht sein.
311 3826 1343 3884 wahres Leben hat Schnitzler den Trägern dieser „neuen
316 3873 1346 3930 Ehe“ einem Tondichter und einer berühmten Sängerin,
312 3913 1354 3974 nicht geben können. Wäre es nicht überhaupt besser für
312 3954 1338 4011 solche Intimitäten, beim Romane zu bleiben, insonder¬
314 3986 1352 4037 heit, wenn die Sache so wenig dramatischen Atem hat.
326 4024 1357 4081 Man würde wenigstens ganze und überzeugendere Ge¬
1247 4056 1311 4112 bl.
323 4077 764 4125 stalten schaffen können.
1953 869 2172 944 . Lenu.
2526 884 2971 954 #r Zeitungs-Ausschnitte
2060 934 2791 1022 Wien, I., Concorciaplatz 4.
2279 996 2588 1069 Vertretungen
1876 1047 2967 1105 in Berlin, Budapest, Chicago, Christiania, Genf, Kopenhagen,
1876 1102 2978 1140 London, Madrid, Mailand, Minneapolis, New-York, Paris, Rom,
2039 1139 2813 1198 San Francisco, Stockholm, St. Petersburg.
2217 1180 2634 1231 (Quellenangabe ohne Gewähr.)
1867 1249 2848 1369 Ausschnitt aus ewMund M#¬
1874 1350 2039 1406 vom:
2094 1363 2516 1456 —
1918 1465 3013 1556 Zwischenspiel. Komödie in drei Akten vogwe
1844 1535 3006 1583 thur Schnitzler. (Berlin, 1906. S. Fischeis Verlag.)
1909 1578 2995 1642 D## frei sind, die ihrer Kelten spotten“
1840 1635 2995 1681 wird in Schnitzlers neuestem Theaterstück nicht am reli¬
1851 1665 2995 1729 giösen Problem, sondern an dem der freien Liebe gezeigt.
1855 1703 2998 1772 In einer modernen Künstlerehe glauben Mann und
1850 1740 2997 1797 Frau sich stark genug, einander Seitenwege, Extratouren
1842 1779 2995 1860 mit andern Personen gestatten zu können, ohne ihre
1852 1826 3002 1899 Ehe deshalb aufheben zu müssen, die sich ja — so denken
1851 1873 2994 1950 sie — während solcher amoroser Zwischenspiele in gute
1841 1928 3001 1977 Kameradschaft verwandeln könne, in so gule sogar, daß
1840 1976 2995 2029 sie einander aufrichtig erzählen wollen, was jedes von
1843 2005 3001 2073 ihnen auf solchen Seitenpfaden erlebt und genießt. Aber
1851 2055 2998 2112 sie irren sich. Denn da wahre leidenschaftliche Liebe ihren
1841 2083 2987 2157 Ehebund begründet hatte, dem gemeinschaftliches Kunft¬
1845 2135 2991 2201 leben auf demselben Gebiet (er Kapellmeister, sie Sän¬
1844 2194 2996 2264 gerin) besondere Weihe gab, so leiden sie beide unter
1848 2218 2995 2275 ihren gegenseitigen Koufidenzen unsäglich, beharren aber
1840 2273 2988 2324 dennoch aus Stolz und wohl auch in einem gewissen
1844 2299 2986 2373 pedantischen Fanatismus für die Theorie in diesem wun¬
1845 2347 2989 2404 derlichen Verhältnisse, worüber denn endlich ihre Ehe
1825 2396 2980 2454 zerbricht wie ein schönes Glas, mit dem man am Fest¬
1848 2532 2996 2598 mahl des Lebens zu keck nach links und rechts ange¬
1858 2557 2984 2648 stoßen hat. Da beide Leutchen sympathisch gehalten sind,
1854 2609 3000 2690 tut es dem wohlwollenden Leser oder Zuschauer leid,
1849 2644 2995 2731 daß sie auseinandergehen. Und eigentlich hätte der Dich¬
1852 2691 2993 2762 ter einen anderen Schluß leicht zur Hand gehabt: es ist
1845 2748 2994 2807 ein Peterl da, ein herziges Bübchen. Da müßten die
1848 2775 2994 2855 Eliern sich doch wahrhaftig besinnen, sich selbst mit ihren
1847 2822 2986 2895 Phantasien wichtiger zu nehmen als ihr leibhaftiges
1841 2870 2986 2941 Kind. Aber Schnitzler fürchtete wohl den Vorwurf der
1839 2914 2987 2987 Sentimentalität, wenn er eine Versöhnung im Kinde
1835 2944 2990 3031 herbeiführte. Und was das Theaierstück so an Wärme
1828 3006 2985 3081 hätte gewinnen können, würde es an Beweiskraft für
1829 3044 2986 3126 die Gefährlichkeit derartiger Zwischenspiele eingebüßt
1833 3070 2977 3151 haben. Lassen wir uns also das im Dialog höchst geist¬
1821 3127 2972 3202 reiche Stück so gefallen, wie es ist. Neben dem Ehepaar
1828 3164 2974 3256 ist namentlich der Freund des Kapellmeisters, der Dich¬
1825 3211 2973 3308 ter Albertus Rhon, eine meisterlich gezeichnete Figur,
1828 3256 2978 3344 das Gegenstück zum Carlos in Goethes „Clavigo“, näm¬
1815 3283 2975 3369 lich ein ebenso famoser Berater des Freundes nur vom
1817 3338 2966 3430 entgegengesetzten ethischen Standpunkt aus. Vorzüglich
1824 3388 2960 3476 ist auch im Schlußakt die Szene zwischen dem Kapell¬
1810 3438 2964 3515 meister und dem jungen Fürsten Sigismund. „Komödie“
1808 3481 2966 3547 kann das Stück allerdings nur insofern heißen, als es
1815 3521 2973 3595 Einblick in die allgemeine ecomédie humainon gewährt;
1814 3562 2979 3647 eigentlich komische Momente sind selten, diese Menschen
1815 3616 2958 3686 gehen im Grunde alle in der Halbtrauerlivree der ver¬
1802 3652 2302 3718 wirrenden Leidenschaft.
2327 4084 2375 4134 G
