3436 4352
335 97 1230 210 20. Zuischensniel
1411 96 1833 201 box 25/2
1624 1083 1769 1154 die Scha
1101 1243 2374 1317 war es gut, daß wir das Werk im Lessing=Theater sahen, wounfrestärksten
1103 1303 2374 1359 Schauspieler bedauerlicherweise viel zu wenig in psychologischen
1103 1358 2384 1428 Aufgaben beschäftigt werden. Wer Jakob Biegler hat spielen
1102 1410 2373 1481 müssen, der ist durch Amadeus Adams noch nicht genügend ent¬
1093 1466 2380 1527 schädigt: zum mindesten John Gabriel Vorkman und Baumeister
1098 1514 2376 1591 Solneß müssen folgen. Freilich wird sich auch hier leider zeigen,
1097 1564 2373 1623 daß Brahm fast nur Schauspieler ersten und dritten Ranges hat
1100 1620 2372 1694 (im Gegensatz zu Reinhardt, der fast nur Schauspieler zweiten
1100 1682 2364 1757 Ranges hat). Der Fürst und die Gräfin waren nicht Fürst und
1101 1731 2366 1808 nicht Gräfin, sondern Handlungsgehülfe im Sonntagsstaat und
1100 1777 2363 1863 Stubenmädchen im Ballkostüm. Frau Rhon blieb, wie im Buch,
1092 1841 2364 1903 ein Schemen, und Herrn Rhon gab Herr Reicher — der, wenn man
1099 1892 2364 1967 bloß zwischen erstem und drittem Rang die Wahl hat, ein Schau¬
1097 1956 2370 2022 spieler ersten Ranges ist — bestimmte Manieren und eine bestimmte
1090 2001 2376 2049 Maske ohne eine bestimmte Menschlichkeit. Aber wie wurde das
1098 2054 2372 2110 Duett gesungen! Bassermann sang es mehr mannheimisch als
1094 2110 2364 2186 wienerisch, und es klang doch wunderschön. Was er durch das
1097 2169 2370 2240 Übermaß seiner einförmigen Gestikulationen fündigte, machte er
1094 2219 2374 2289 durch seine Mimik wieder gut. Er hatte das Gesicht von Mitter¬
1091 2275 2371 2339 wurzer, die braune Künstlertolle von Matkowsky und das Spiel
1101 2309 2366 2408 von Bassermann. Dieser Amadeus war vielleicht nicht mozartisch
1093 2385 2373 2463 leicht genug, aber wie naiv in seiner Freude, wie zärtlich in seiner
1100 2432 2369 2506 Vaterliebe, wie schneidend in seinem Zorn, wie echt in seinem
1094 2485 2373 2566 Schmerz! Und er war bedeutend durch sich selbst, nicht bloß, wie
1097 2539 2362 2612 im Buch, durch den Reflex, der von Cäcilien auf ihn fällt. Denn
1092 2601 2363 2659 so bedeutend ist diese Cäcilie, daß sie noch den an sich ein bißchen
1097 2658 2364 2726 physiognomielosen Mann, den sie liebt, adelt und kenntlich macht
1093 2712 2376 2778 dadurch, daß sie ihn liebt. Sie hat das verfeinertste Nervensystem
1093 2772 2372 2832 und eine groß und rein geschaffene Seele. In ihr glüht nicht
1092 2811 2352 2872 nur die Sehnsucht nach dem imprévu, nach den Lüsten un
1099 2871 2358 2935 Lockungen des Lebens, sondern auch ein hohes Streben nach
1108 2925 2366 2979 einsamem, freiem, sich seibst ausbauendem Menschentum. Ihr Blut
1103 2983 2362 3049 spielt ihr ein einziges Mal einen bösen Streich, und sie hat einen
1089 3026 2374 3104 Riß für immer. Diese unheilig=heilige Cäcilie hat die Triesch
1098 3091 2373 3155 prachtvoll getroffen; noch besser als das liebedurchleuchtete Weib
1090 3140 2364 3201 den schmerzgeweihten Menschen. Den dunkeln Ton ihres tiefen
1091 3196 2369 3269 Leids vergeß ich nicht. Es ist ihre reichste Gestalt, so wie das
1098 3247 2374 3327 Urbild die geistig und seelisch reichste Gestalt dieses reichen
1093 3288 1368 3362 Dichters ist.
2158 3302 2344 3374 S. J.
