3392 4384
237 278 1759 393 20. Zuischenspiel box 25/1
2782 1213 2980 1302 —4 —
337 1300 3351 1355 Zwischenspiel“ betitelt, und Cäcilie war es, die ihn auf, das Weib, das, gleißend vont süßer Sünde und noch viele Umstände, sich von sein
315 1334 3358 1415 die verborgene Traurigkeit, die unterdrückten Tränen in warm von verbotener Lust, aus den Armen eines andern damit er, Sigismund, sie heira
1502 1380 3340 1459 zu ihm kommt, und diesem andern das schöne Wild ab= wortet sehr erregt, worüber d
310 1371 1520 1457 dem lachenden Musikstück aufmerksam machte. Capriccio
1506 1424 3351 1481 zujagen sie als Kampfpreis zu gewinnen, der Geliebte wundert: der Gatte selbst war
308 1435 1517 1489 doloroso soll es auch fortan heißen. Der Name ist keine
1516 1477 3350 1556 seiner Frau zu werden, das ist der Gedanke der ihn bei Gattin den Verkehr mit dem ##
317 1483 1523 1554 Anspielung auf seine Ehe, denn ihr geht ja nach seiner
1513 1537 3350 1601 ihrem Anblick plötzlich überfällt. Der Kapellmeister besitzt Aber, o Glück, aus dem heftige
318 1540 1524 1617 Meinung jetzt erst der Himmel auf ein Himmel der
1515 1585 3341 1649 einen Freund, einen Dichter, der ihm einmal sagt: „Wenn Kapellmeister auf einmal eine ###
324 1573 1519 1637 gegenseitigen Zugeständnisse, der innigsten Verträglichkeit.
1508 1628 3342 1692 jemand Phantasie hat, bringt ihm seine Gattin, ohne daß Sigismund hat von dem ihm
325 1620 1517 1692 Sie flattert nach rechts, er flattert nach links, dann treffen
1518 1665 3333 1731 sie es ahnt, lauter uneheliche Kinder zur Welt.“ Bei der diskretesten Gebrauch gemacht,
312 1672 1514 1751 sich beide wieder im trauten Heim und erzählen einander
1515 1723 3345 1791 Aufführung ist dieser nicht ganz leicht verständliche Satz ihm und Cäcilie sind rein gebli
322 1730 1518 1787 in aller Aufrichtigkeit, was sie draußen erlebt haben. Es
1510 1765 3340 1826 gestrichen worden. Unter Phantasie hat man ohne Zweifel greift sich an den Kopf. Ist
323 1767 1515 1838 kommt darüber zu einer gründlichen Aussprache zwischen
1520 1814 3339 1884 die Phantasie der Goethischen „Wahlverwandtschaften“ zu nicht der leiseste Ansatz zu dem
321 1823 1516 1892 ihm und ihr, und sie, die mit einem Wort seinen Wahn
1514 1857 3348 1932 verstehen, und diese Phantasie scheint auch Herr Amadeus in Mit großer Kunst umschifft h
317 1875 1512 1936 zerstören könnte, nur aufzuschreien brauchte: „Unsinniger,
1517 1907 3351 1979 seiner fieberhaften Erregung zu Hilfe zu rufen, daß sie ihm liche Klippe, Das Stück streift
324 1898 1515 1977 ich liebe dich noch!“ — sie woilligt blutenden Herzens in
1507 1962 3330 2021 die herbe Wonne eines Ehebruches mit der eigenen Gattin der derberen Komik und man
317 1959 1508 2033 den absonderlichen Ehepakt. Er küßt sie in seiner Freude,
1514 2001 3344 2061 bereite. Dem Erlaubten sucht er den Reiz der verbotenen eine lustige Komödie geschrieben
316 2012 1512 2084 und mit diesem brünstigen Scheidungskusse schließt das
1512 2042 2714 2128 Frucht abzulisten, das Alltägliche in das Außerordentliche,
2691 2036 3345 2122 imaginaire.“ Eingebildeter H#
325 2059 630 2139 erste Kapitel.
1510 2093 3340 2155 Abenteuerliche umzudichten. Der Racker von Liebesgott auch Amadeus wie aus einem
1511 2146 2714 2195 mag die Hochzeitssackel wieder anzünden, denn Meister
421 2123 1518 2202 Im zweiten Akt finden wir unsern Musterknaben in
2694 2150 3333 2211 eigentlich von Glück sagen, da
1509 2188 2704 2253 Amadeus beschreitet aufs neue den Thalamus, diesmal
319 2175 1514 2250 fröhlicher Einsamkeit. Seine Frau erledigt gerade ein Gast¬
2694 2191 3340 2255 zum Duell gefordert wurde. D
1504 2235 2718 2318 um sich mit der ihm ehelich verpflichteten Frau in freier
316 2242 1511 2323 spiel in Berlin und Fürst Sigismund ist ihr dorthin
2694 2224 3352 2310 danken zu eigen gegeben, hat
1501 2276 1964 2363 Liebe zu verbinden.
322 2284 1517 2337 nachgefahren. Amadeus weiß es, denn Cäcilie hat es
2688 2285 3346 2357 genommen — ein Diebstahl son
312 2329 1514 2393 ihm der Verabredung gemäß mitgeteilt, und er ist keinen
2683 2343 3338 2413 fremdes Eigentum. Auch diese
1588 2360 2693 2423 Daß solche Perversitäten der Einbildungskraft vor¬
328 2376 1508 2439 Augenblick darüber im Zweifel, daß der junge Fürst aus
2688 2377 3346 2449 ner Dichter nur leichthin angede
1511 2400 2699 2474 kommen, soll ebensowenig geleugnet werden, als das Recht
320 2426 1512 2490 einem ganz anderen Grunde, als um nur der Sängeri#
2688 2436 3349 2499 beigehen einem Pariser Schwan
1508 2460 2692 2529 des Dichters, in diese verborgensten Falten des Menschen¬
318 2462 1509 2540 die Notenblätter umzuwenden die Berliner Reise unter¬
2693 2478 3351 2541 ewiß aus dieser neuartigen
1509 2504 2697 2573 herzens hineinzuleuchten. Es fragt sich nur, ob just der
322 2521 1513 2586 nommen hat. Es ist etwas Schönes um Vertrauen und
2685 2521 3339 2597 Trigonometrie die drolligsten S
1512 2553 2700 2617 dramatische Dichter es tun darf, es fragt sich ganz beson¬
329 2569 1509 2626 Aufrichtigkeit in der Ehe. So hat auch er der Gattin ver¬
2686 2575 3344 2638 Wir aber kehren zum Ernste zu
1512 2597 2703 2663 ders, ob er es tun kann. Die Tatsachen in ihrer Brutalität
323 2612 1521 2657 melden können daß seinerseits die Geschichte mit der
2776 2620 3344 2692 Frau Cäcilie tritt auf, in
1515 2646 2695 2703 darzustellen, bleibt ihm am Ende doch verwehrt, und
326 2659 1510 2715 Gräfin Friederike schon ausgeliebelt ist. Es war ein vor¬
2687 2641 3353 2737 heit erscheint sie uns, doch ver
1514 2697 2690 2747 gerade im entscheidenden Augenblick, wo man das er¬
318 2701 1521 2775 beihüpfendes Allegretto gewesen capriccio giocoso, eben
2697 2711 3324 2783 Antlitz die Freude über die
1520 2744 2700 2804 läuternde Wort am notwendigsten brauchte, muß er sich
322 2736 1513 2804 auch nur ein Zwischenspiel. Bei Cäcilie vermutet er nach
2697 2758 3348 2829 das wiedergefundene Eheglück.
1508 2787 2700 2856 beeilen, den Vorhang fallen zu lassen, wäre es auf die
320 2796 1518 2860 wie vor eine ernstere Neigung. In ihrem letzten Briefe hat
2693 2811 3339 2879 davon? Amadeus hört ihr
1513 2835 2698 2925 Gefahr hin, ihn bald darauf über neuen Rätseln aufgehen
328 2842 1512 2902 sie ihm ihre baldig: Rückkehr angekündigt, und da ist sie
2699 2846 3327 2937 blüffung zu. Sie spricht nun
1505 2880 1746 2963 zu lassen.
321 2879 1519 2969 schon selber. Da ist sie, aber verändert, verschönt durch die
2690 2901 3333 2969 gesprochen, erweist sich als
323 2936 1518 3000 längere Abwesenheit, die Berührung mit einer fremden
1583 2939 2696 3024 Am Morgen nach jener plötzlichen Wiederverehelichung
2701 2935 3344 3025 Gewiß, sie ist wieder die sein
320 2996 1508 3052 Welt. Im Nachglanz ihrer Triumphe steht sie vor ihm,
1500 2976 2695 3064 befindet sich Amadeus in einer eigentümlichen, psycholo¬
2689 3000 3344 3077 übergehend, in einer flüchtige
312 3023 1511 3094 mit einem Blick in ihren Augen, einem Klang in ihrer
1503 3049 2706 3111 gisch wohl erklärbaren Gemütsstimmung: er ist rasend
2693 3043 3310 3113 es war eine Laune gewesen,
321 3083 1517 3142 Stimme, den er bis dahin nicht gekannt hat. Und was
1503 3095 2705 3160 eifersüchtig Er hat auch schon dem Fürsten Sigismund
2693 3097 3332 3165 Zwischenspiel, ein stürmisches
319 3132 1522 3186 ihn abstoßen sollte, gerade das reizt ihn jetzt und peitscht
1505 3138 3328 3193 seine Zeugen geschickt. Doch ehe sie ihn getroffen, erscheint allerbings, capriccio furioso,
324 3177 3326 3247 seine Sinne. Nun ist sie ja nicht mehr die Gattin, nicht der Fürst selbst. Ein braver junger Mann, der sein Herz teuer. Zur selben Stunde —e
319 3234 3348 3311 mehr das ewige Einerlei, das toujours perdrix, sie ist auf dem Handschuh trägt. Er bittet den Kavellmeister ohne hätte sich ihre Gunst „viellei
