3436 4256
1247 184 1710 287 box 25/4
178 204 1153 308 20. Zuischensbiel
1546 1315 1878 1412 Tonmuse
1555 1305 3261 1456 zarts Büste gezierte Stephanien=Saal nahezu ausver¬ Menuett, das dermaßen zündete,
477 1329 1544 1447 des Schauspiers gegeunder abtehnend dieer zustimtmend
2611 1375 3277 1466 Ruf wiederholt wurde, größere Le
485 1400 1559 1480 verhalten. Sie hatte in Herrn Frank als Amadeus
1549 1413 2619 1502 kauft war. An der Spitze des Programmes stand die
2631 1417 3289 1510 Schwung verliehen. Und nun ve
484 1452 1552 1520 keinen durchaus ebenbürtigen Partner, er sprach wohl gut
1542 1462 2617 1551 „Maurerische Trauermusik“, dieses Orchesterstück, in dem
2613 1480 3282 1584 nischer Führung die hehren, ergreif
493 1488 1554 1585 und wußte seinen Gemütserregungen auch passenden Aus¬
1554 1512 2621 1602 Mozart die den Schmerz mannhaft niederkämpfende Re¬
2617 1525 3282 1618 zarts Schwanengesang, von seind
487 1553 1554 1640 druck zu geben, aber ihm fehlte die männliche Haltung
1556 1566 2623 1651 signation in so beredter Weise zum Ausdruck bringt,
2621 1570 3287 1664 prächtigen Fuge im „Kyrie“, d4
495 1600 1559 1680 und er leidet an zu vielen, teilweise unschönen Bewe¬
1563 1611 2634 1697 den Schluß der Feier bildete das „Requiem“, Ton¬
2622 1611 3287 1720 prägnanten Tonschritt der vermi
490 1648 1560 1740 gungen. Mit Schärfe und richtigem Humor gab Herr
1571 1662 2628 1761 schöpfungen des unsterblichen Meisters, deren Wahl we¬
2627 1671 3292 1777 abwärts wir bekanntlich unter g#
501 1699 1569 1787 Muratori den Raisoneur des Stückes Albertus;
1569 1711 2626 1800 niger auf die vor sich gegangene einhundertfünfzigste
2626 1732 3286 1831 Intervalle auch bei J. S. Bal
489 1746 1574 1828 pikant und anmutig in ihrer Koketterie war Fräulein
1567 1756 2641 1856 Wiederkehr seines Geburtstages hinwies, als weit eher
2625 1777 3290 1859 Klavier“) und bei Händel („M
501 1802 1566 1871 Kögl als Gräfin Friederike. Herr Korff wurde bei
1565 1809 2625 1912 auf jenen Dezembertag, da sein Geist von den Erden¬
2636 1835 3285 1917 Schluß dieser Fuge, der letzte Tal
505 1849 1571 1950 seinem Abgange nach der einzigen Szene als Fürst Si¬
1565 1856 2638 1950 fesseln befreit, entschwebte. Möglicherweise gab die Kar¬
2638 1882 3277 1964 sammenklang von Tonica und
506 1898 1573 2005 gismund auf offener Bühne mit lebhaftem Beifall be¬
1575 1909 2646 2021 wochenstimmung die Veranlassung zu dieser Wahl. Auch
2640 1933 3281 2018 Quinte, weder Dur noch Moll, 14
509 1948 1573 2030 grüßt. Das galt wohl dem erklärten Liebling des Grazer
1576 1957 2633 2054 ein nach der Eröffnungsnummer von dem Senior un¬
2642 1984 3283 2063 hören, erschauern, es will uns b
503 2004 1578 2081 Publikums mehr noch als seinem Spiel, das bei aller
1577 2004 2641 2103 serer Schauspieler, dem trefflichen Josef Lippert, mit
2647 2028 3289 2108 riesengroßes Fragezeichen, hinein
506 2051 1583 2123 vollendeter Natürlichkeit doch meiner Empfindung nach
1579 2063 2646 2147 tiefer Empfindung vorgetragener Prolog, eine ungemein
2652 2083 3290 2163 Großer Meister, was hat da, ha
514 2101 1581 2180 etwas der Würde ermangelte, er hatte stellenweise etwas
1581 2111 2652 2202 stimmungsvolle Dichtung Wilhelm Fischers, die in
2651 2134 3293 2225 Todes, dein unsterblicher Genius
515 2152 1578 2243 von einem abgeblitzten Jungen an sich, das mit dem
1580 2159 2648 2261 jeder Verszeile den zartsinnigen Poeten untrüglich
2743 2172 3299 2263 Finden wir auch vor Moza##
504 2199 1578 2319 Fürsten und Weltmann nicht recht im Einklange stand.
1577 2214 2649 2321 kennzeichnet, klingt in einem Hinweis auf das
2640 2225 3300 2314 ohne Terz, so sind diese wohl dar
1092 2256 1532 2331 Dr. Ernst Gnad.
1593 2265 2654 2368 „Requiem“ aus. In dem rauschenden Beifall, der Lip¬
2646 2284 3296 2365 die Alten die Terz als „Dissonan
1581 2300 2652 2406 perts Deklamation falgte, lag zugleich die Wertschätzung
2658 2334 3293 2416 bei Mozart. Der vorbesprochen
1588 2353 2646 2454 der Dichtung. Doch hielten sich die Veranstalter des Kon¬
2657 2372 3296 2470 der auch am Ende des Werke
809 2368 1306 2483 Mozärt=Teier.
1593 2418 2469 2515 zertes offenbar mehr an die Worte Fischers:
2668 2435 3293 2520 „Amen“ im „Lacrimosa“ oder
597 2426 1596 2536 So hat denn unser erstes Konzertinstitut, der
1677 2477 2618 2558 „Ein Sohn der Freude gab auch reinste Freude,
2663 2482 3291 2568 auffolgenden „Domine Jesu“ un
513 2495 1595 2595 Musikverein, das bisher Unterlassene nachgeholt,
1682 2507 2617 2611 Und jubelnd klang sein Lied von blüh'nder Erde
2671 2533 3296 2613 breiter gehalten, dadurch eindr
533 2548 1600 2642 freilich etwas spät, und das vorgestrige Konzert zu
1679 2569 2456 2662 Zum ew'gen goldgestirnten Ather auf.“
2666 2586 3294 2666 überhaupt das Zeitmaß einzelner
535 2594 1609 2698 einer „Mozart=Feier“ gestaltet. Der Ruf unserer
1691 2586 2664 2699 Sie schalteten vor dem „Requiem“ die Es=Dur¬
2661 2628 3286 2720 futatis“ minder bewegt, den
528 2649 1607 2734 Stadt, als einer Pflegstätte der Tonkunst, schien beein¬
1591 2654 2669 2744 Sinsonie ein. Das von Lebenslust und Freude wahrhaft
2670 2679 3291 2772 hätte. Auch vermißten wir im
526 2697 1601 2797 trächtigt durch den Entfall einer außerhalb interner Ver¬
1603 2704 2670 2796 übersprudelnde Werk kontrastierte denn doch gur ge¬
2680 2729 3302 2819 gleich Sphärenklängen ertönende
533 2747 1608 2849 einskreise veranstalteten Mozart=Jubiläumsseier im Kon¬
1609 2755 2663 2860 waltig mit seiner Umgebung. Durch eine andere Anord¬
2673 2788 3298 2868 nischen Rückungen zu den Wor
539 2804 1609 2894 zertsaale. Nunmehr ist er gerettet, das Konzert gewann
1608 2804 2679 2896 nung wäre dies vermieden worden. Die Wiedergabe der
2680 2838 3292 2916 Auf= und Abschweben, das Cres
529 2850 1603 2961 durch die Mitwirkung des hiesigen Männergesangver¬
1609 2862 2673 2946 Sinfonie war in den Außensätzen recht gelungen. Dem
539 2889 1610 2994 eines und des Singvereines den Charakter einer Auf¬
543 2885 3302 3070 führung großen Stiles. Auch die Freunde von Mozarts] Andante hätte, unbeschadet des Zusatzes „con moto“, in der melodischen Linie. Unstatt
2935 2944 3089 3009 507
