3484 4352
1280 207 1717 293 box 25/2
225 219 1125 324 20 Zuischensniel
519 1566 765 1665 Ka
776 1573 1366 1676 Theater und Musik.
604 1660 1637 1717 Arthur Schnitzlers Komödie „Zwischenspiel“ fand
530 1714 1631 1759 Sonnabend vor dem gut geschulten Publikum des
530 1748 1638 1790 Berliner Lessingthéaters viel lauten Bei¬
534 1788 1631 1839 fall und doch das volle Verständuis nicht, das diese
538 1832 1630 1883 filigrane Arbeit verdient hätte. Sicherlich, das Stück
534 1870 1635 1920 ist nicht auf Bühnenwirkungen gearbeitet. Der Stoff
535 1911 1636 1958 hat Farbennnancen, die das grelle Lampenlicht schlecht
532 1959 1630 2002 ertragen. Aber trotzdem: das Werk eines wirklichen,
532 1992 1632 2043 eines echten Dichters baut sich vor uns auf, voll
536 2031 1643 2081 Lebensweisheit, voll von überlegener Ironie, wie sie
523 2092 1643 2125 nur Wenigen und nur Reifsten geschenkt ist. Der Ka¬
532 2124 1638 2166 pellmeister Amadeus Adams, ein tüchtiger Künstler,
528 2154 1634 2202 eine geniale Natur, ist glücklich mit einer Opernsängerin
539 2202 1635 2247 verheiratet. Als diese beiden mit sich zufriedenen
538 2232 1637 2287 Menschen auf dem Zenith ihres Ruhmes stehen, drän¬
539 2275 1641 2338 gen sich jene Widerlinge der Kunstenthusiastenzunft,
545 2315 1644 2363 die Künstler und Menschen nicht auseinander halten
540 2355 1638 2404 können und unbedingt ihre reine Bewunderung in
543 2404 1636 2453 minder reine Gefühle umsetzen müssen, an das be¬
545 2441 1642 2485 staunte Paar heran. Amadeus Adams weiß der
543 2477 1650 2529 hübschen brünstigen Gräfin, die sich ihm buchstäblich
527 2520 1637 2562 an den Hals wirft, keinen Widerstand entgegenzusetzen,
541 2557 1639 2606 Seine Frau für die Abenteuerin aufzugeben, gewinnt
541 2599 1643 2650 er nicht über sich. Er findet sich aber leicht in die
537 2642 1646 2695 Ueberzeugung, daß dem Manne erlaubt ist, was man
539 2679 1644 2724 der Frau nicht verzeiht: ein kleines Zwischenspiel in
539 2731 1638 2770 dem Drama „Ehe“, nach dessen kurzer Dauer ein
536 2769 1649 2812 neuer Akt beginnen kann, der die alten Fäden unzer¬
536 2811 1643 2854 rissen weiterspinnt. Als umsichtiger Regisseur trifft
537 2844 1647 2891 er alle Anordnungen, die solcher Abwicklung nötig
549 2885 1638 2935 scheinen. Er gängelt seine Frau aus der ehelichen
545 2935 1639 2978 Gemeinschaft in ein anspruchsloses Kameradentum
536 2970 1642 3019 hinein, das sie binden, ihm jedoch vollkommene Frei¬
545 3009 1649 3065 heit gewähren soll. Er entläßt sie in ein Engagement
1713 1560 2818 1597 nach Berlin, wo sie monatelang große Triumphe
1700 1596 2813 1645 feiert, während er selbst in den Armen der Gräfin sich
1711 1626 2817 1676 auslebt. So sich auslebt, daß er endlich nach Ruhe
1715 1664 2824 1711 und stiller Häuslichkeit sich zurücksehnt. Da finden sich
1715 1712 2821 1758 die Gatten wieder zu einander, Aber nicht so, wie
1704 1754 2821 1798 Amadeus Adams sich das erhofft hat. Seine Frau ist
1727 1784 2816 1840 nicht gestrauchelt, aber doch kommt sie ihm als eine
1714 1834 2816 1881 ganz andere aus der Welt zurück, — ein heißverlan¬
1708 1868 2818 1918 gendes Weib, ein Weibchen, das nun erst den Mann
1714 1915 2816 1962 im Gatten sucht und all' die flammende Leidenschaft in
1711 1960 2810 2002 seiner Umarmung erwartet, die er an eine Fremde
1739 1993 2818 2040 inzwischen vergendet hat. Mit den kläglichen Resten
2677 2030 2827 2083 Eine
1735 2031 2666 2078 seiner Kraft enttäuscht er die Verwandelte.
1726 2074 2825 2123 Liebesnacht — und sie ist für immer ihm verloren.
1722 2112 2817 2155 Die Komödie des Zwischenspiels ist zur Tragödie ge¬
1720 2148 2818 2209 worden. Bassermann als Adams schuf wieder einmal
1715 2193 2819 2233 ein grandioses Seelengemälde. Er löste tiefes Mit¬
1716 2235 2821 2286 leid mit dem Schwächling aus. Das ist höchstes Lob.
1726 2269 2813 2319 An Irene Triesch fand er eine ausgezeichnete Partne¬
1721 2314 2822 2369 rin, die uns nur hin und wieder etwas von dem
1724 2367 2824 2407 wilden Liebesverlangen schuldig blieb, das diese Frau
1724 2397 2813 2443 durchpulst. Emanuel Reicher in der Nebeurolle eines
1720 2451 2821 2490 weltklugen Dichters — gleichsam des öffentlichen Ge¬
1708 2487 2816 2528 wissens — war glänzend. Else Schiff als Gräfin und
1712 2518 2819 2560 Willy Grunwald als reservierter Verehrer gaben gleich¬
1727 2556 2812 2605 falls viel Treffliches. Nur bei den Ehrlichen und
1716 2598 2822 2641 Kundigen in Logen und Parkett fand das geistreiche
1744 2637 2827 2688 Spiel anerkennendes Verständnis. Wer sich gegen
1722 2680 2819 2737 seine Wahrheiten wehren wollte, wehrte sich natürlich
1726 2722 2819 2766 auch gegen den Dichter. So gab es wieder ein Rin¬
1734 2761 2834 2817 gen. Ein Ringen aber, das Schnitzle und seinem
1735 2807 2251 2859 Werke zur Ehre gereicht.
2608 2797 2820 2865 II. H.
1791 2842 2820 2896 „Der Schusternazi“ eine Posse von Ludwig Thoma,
1721 2894 2830 2943 fand, wie uns unser k=Korrespondent telegraphiert,
1731 2935 2827 2973 bei der gestrigen Erstaufführung im Gärtnerplatz¬
1722 2974 2819 3019 Theater in München einen lebhaften Heiterkeits¬
1716 3010 1883 3075 erfolg.
