3532 4352
310 234 1322 333 20. Zuischensniel
1371 231 1836 312 box 25/2
2704 295 3088 372 Telephon 12801.
2181 369 2888 501 „OBSERVER‘
2004 487 3081 564 I. österr. behördl. konz. Unternehmen für Zeitungs-Ausschnitte
2202 537 2925 619 Wien, I., Concordiaplatz 4.
2420 603 2721 672 Vertretungen
2016 663 3119 713 in Berlin, Pidapest, Chicago, Christiania, Genf, Kopenhagen,
2023 708 3112 762 London, Madrid, Mailand, Minneapolis, New-York, Paris, Rom,
2178 740 2957 792 San Francisco, Stockholm, St. Petersburg.
2362 788 2826 851 (Quellenangabe ohne Gewähr.)
2011 827 3005 929 Ausschnitt aus: auderne 20
2027 940 2444 1055 vom:
2535 899 2950 1049 a
2303 1033 2780 1111 Lessing=Theater.
1994 1075 3123 1152 Sonnabend, 25. November. Zum 1. Male: „Zwischenspiel“,
1953 1131 2805 1209 Komödie in 3 Akten von Arthur Schnitzler.
1987 1150 3139 1240 Es ist einem Deutschen oder vielmehr einem Österreicher, der
1963 1203 3134 1289 wenigstens mit seinen modernen Krisenstücken immer näher an
1957 1234 3139 1329 Bauernfeld heranrückt, gelungen, ein Konversationsstück zu schreiben
1960 1273 3138 1367 ein stilles, elegantes Salendrama, dem so viel Geist mitgegeben:
2018 1314 3130 1402 , daß es auf den Witz fast verzichten kann. Unser Publikum
1950 1355 3135 1449 ließ sich von dieser leisen Rhetorik, die die großen Worte
1958 1389 3132 1469 nur selten und dann auch mit ironischen Vorbehalten
1959 1445 3132 1517 braucht, wie es scheint, williger verführen als die Wiener,
2869 1473 3134 1529 s ließ sich
1959 1491 2805 1559 die ihren Landsmann abfallen ließen.
2807 1507 3127 1571 führen, die die
1970 1523 2810 1607 über alle die gewundenen Schleichwege
1961 1552 3141 1631 raffinierteste Psychologie der modernen Seele um die einfachen
1963 1587 3144 1661 allzu leicht zu sagenden Wahrheiten herum macht, und es stutzte
1977 1622 3148 1710 erst zum Schluß, die einen vielleicht, weil der resultatlose Kreis¬
1981 1667 3148 1746 kauf wieder von vorn aufing, die anderen vielleicht, weil Schnitzler
1974 1704 3147 1805 sich nicht ganz treu blieb, weil er im letzten Augenblick die Tragik,
1961 1744 3150 1844 die sich bisher in Groteske und Ironie versteckt hatte, nun doch
1972 1783 3144 1869 noch zu den großen Worten kommen ließ, die nach solcher Vor¬
1977 1822 3141 1906 bereitung nicht mehr recht vertrauenswürdig klangen. Die Oppo¬
1980 1862 3150 1949 sition wurde sogar sehr heftig und sie mußte sich ihrer Natur nach
1985 1908 3157 1986 energischer äußern, als das Interesse der Feinschnecker mit ihrer
1987 1949 3153 2029 stilleren Dankbarkeit für reichlich genossene Delikatessen. Über die
1987 1982 3158 2060 Handlung des Stückes, wenn man diesen Ausdruck hier überhaupt
1976 2005 3165 2096 anwenden darf, ist schon bei Gelegenheit der Wiener Aufführung im
1989 2056 3156 2136 Burgtheater gesprochen worden. Die Ehe des Komponisten Ama¬
1985 2088 3169 2176 deus Adams und der berühmten Sä gerin Cäcilie= Adams=Orten¬
1992 2125 3168 2218 burg ist bei einer Krisis angekommen. Er erlebt ein Abenteuer
1989 2169 3163 2253 mit einer koketten Dame von der Sorte, die nicht lange nachwirkt,
1980 2209 3163 2288 und sie erlebt, beinahe ein Abenteuer mit dem guten, reihlichen
2003 2256 3152 2344 Fürsten Maradas=Lohsenstein, aber ihre Irrung ist doch die
1996 2284 3168 2373 wichtigere, tiefere, weil sie sich in der Erfahrung gewandelt hat.
1991 2313 3174 2401 Der Mann kann über das Geschehene hinweg, die Frau nicht über
1993 2357 3179 2457 das Ungeschehene, Unerfüllte, das das neue Weib in ihr verlangt,
2003 2408 3181 2485 und so findet er sie nicht mehr, nicht die frühere Cäcilie, die ihn
2004 2443 3185 2523 geliebt hat, nicht die andere, die sich von ihm nicht mehr suchen
2005 2489 3178 2570 lassen will. Sie bleiben nicht beieinander, sie gehen nicht von
2005 2526 3184 2613 einander, sie verurteilen sich zu dem qualvollen Zustand der Un¬
1996 2564 3176 2652 entschiedenheit. Schnitzler, der feinste Kenner der modernen
2001 2593 3165 2687 Seele, tritt hier gegen diese selbst auf, er führt ihre Sophistik,
2001 2639 3175 2722 die sich die einfachsten Mahnungen der elementaren Natur mit
2008 2675 3180 2764 den Prätensionen höherer Bewußtheit fortreden möchte, zu der
2009 2724 3181 2793 Absurdität ihrer schwachen Logik. Zwei Menschen, zwei Künstler,
2009 2757 3183 2851 die auf einander angewiesen sind, die sich geliebt haben und nach
2002 2799 3185 2870 einer Krise wieder lieben könnten, belügen sich gegenseitig, weil sie
2018 2833 3181 2914 in ihrer seelischen Eitelkeit sich vorgenommen haben, einander immer
2012 2873 3188 2953 die Wahrheit zn sagen. Statt Schmerz und Eifersucht und alle
2018 2910 3198 2995 Wunden der Liebe zu gestehen, erlauben sie sich gegenseitig, frei zu
2016 2955 3195 3042 sein, sie spielen vor einander diese Komödie der Freiheit, da
2026 2985 3194 3074 ihnen das Drama der Eifersucht zu baual scheint, und zum Schluß,
2021 3026 3196 3106 wo sie aufhören wollen zu spielen, wo sie sich der Not des
2020 3066 3192 3144 Lebens und dem einfachen Sinn seiner wenigen erhaltenden
2021 3116 3198 3186 Gefühle ergeben wollen, können sie eine neue Wahrheit, die
2019 3139 3199 3229 wieder die alte von jedermann sein würde, nicht zusammen aufbauen.
2027 3182 3186 3256 Die Decadenz widerlegt sich durch die Decadenten, der
2022 3218 3196 3316 Instinkt rächt sich an dem eitlen Bewußtsein. Das ist der tragische
2024 3258 3196 3340 Sinn dieser dreiaktigen Konversation, die sich meistens ironisch
2025 3297 3200 3373 gebärdet und im Verlauf des Stückes lauter grotesk verdrehte Kom¬
2022 3344 3198 3425 binationen hervorbringt, so eine recht amüsante Auseinandersetzung
2024 3377 3211 3466 zwischen Amadeus und dem Fürsten. Der Ehemann will den Liebhaber!
2025 3406 3212 3502 fordern, von dem er garnicht betrogen worden ist, den er viel¬
2029 3451 3214 3534 mehr betrogen hat, und nun weiß keiner von beiden, wer eigentlich,
2037 3498 3227 3574 die Ehre der Frau verteidigen darf. Das geht bis ins Schwankhafte,
2013 3577 3194 3633 besonders wenn ein Räsonneur dazu kommt, der als dramatischer
2011 3619 3187 3672 Dichter immer effektvolle Schlußwirkungen in Vorschlag bringt, aber es
2008 3650 3187 3700 steigen damit neckende Erinnerungen besonders an Sardous
2013 3704 3185 3760 „Divorcons“ auf, die allerdings für Schnitzler gefährlich werden. Er
2016 3736 3172 3788 ist in solchen Szenen nicht leicht genug, weil er sich ins rein
2021 3778 3180 3819 Komische aus Furcht vor psychologischen Verantwortlichkeiten
2024 3813 3186 3870 nicht hineinwagt, und wenn er zum Schluß schwer wird
2027 3853 3185 3910 und die einfache Wahrheit der verleugneten Herzen sagen
2012 3893 3184 3956 will, daun gebt es ihm ungefähr wie seinen Figuren:
3069 3932 3183 3990 Erst
2019 3928 3067 3974 man gläubt ihm gerade das Einfachste nicht mehr.
2014 3960 3188 4016 im dritten Akt fordert er von uns die Überzeugung,
2026 4004 3187 4056 daß die beiden sich geliebt haben, und die gerade kann er uns
2016 4045 3184 4089 nicht beibringen. Diese hohle Stelle einer plandernden Salon¬
2019 4086 3175 4129 tragödie, die doch tiefer ins Menschliche oder wenigstens in die
2008 4122 3173 4176 Zeitseele hineingreifen will, konnten auch die Darsteller der beiden
